3218 5000
247 366 309 431 238
748 382 879 427 rnnrvu
908 414 913 424 .

245 551 351 617 paene
376 550 488 594 omnes
515 528 663 615 polluens
692 551 773 616 quos
801 531 957 615 tetigerit.
999 529 1081 596 haec
1102 530 1188 595 enim
1218 527 1389 616 aegritudo

245 653 311 695 non
331 630 430 695 habet
449 631 591 717 spatium
613 631 767 716 temporis
790 652 854 716 quo
876 641 933 695 aut
955 632 1025 696 uita
1043 641 1193 717 speretur
1213 642 1270 696 aut
1291 653 1388 712 mors,

246 732 305 795 sed
338 734 527 819 repentinus
557 731 695 817 languor
727 731 823 796 simul
851 754 924 797 cum
953 742 1057 798 morte
1078 736 1187 797 uenit·
1209 758 1283 798 m
1316 730 1387 795 Vir-

244 830 361 918 gilius:
967 898 972 907 f

398 941 550 1021 corrupto
573 931 657 997 caeli
678 920 784 999 tractu
805 933 1056 1022 miserandaque
1076 937 1168 1001 uenit
1396 956 1409 993 s

396 1033 634 1120 arboribusque
659 1037 804 1121 satisque
826 1033 907 1099 lues.

245 1136 323 1201 item
347 1134 406 1200 alii
424 1137 517 1200 aiunt
538 1137 696 1220 pestifera
718 1137 842 1200 semina
863 1158 972 1200 rorum
992 1135 1096 1201 multa
1119 1135 1198 1201 ferri
1218 1137 1252 1199 in
1279 1157 1386 1199 nerem
1470 1122 1475 1130 ⁴

244 1235 351 1322 adque
373 1235 530 1321 suspendi
553 1245 586 1299 et
610 1236 644 1299 in
672 1246 835 1301 extremas
863 1236 947 1301 caeli
974 1246 1085 1324 partes
1111 1244 1167 1301 aut
1195 1237 1302 1301 uentis
1330 1246 1387 1301 aut

243 1336 387 1401 nubibus
415 1338 640 1422 transportari.
688 1337 808 1402 deinde
838 1358 969 1425 quaqua
994 1339 1158 1418 feruntur,
1188 1347 1244 1401 aut
1265 1337 1387 1401 cadunt
1476 1346 1481 1357 '

243 1458 302 1524 per
324 1435 396 1501 loca
415 1446 447 1501 et
467 1439 614 1521 germina
633 1446 750 1503 cuncta
766 1437 808 1503 ad
824 1438 1013 1503 animalium
1033 1460 1147 1503 necem
1165 1447 1385 1525 corrumpunt,
1398 1458 1422 1498 ro

243 1547 301 1602 aut
334 1559 494 1624 suspensa
527 1548 660 1603 manent
690 1540 723 1603 in
749 1559 838 1619 aere,
874 1549 1005 1603 etcum
1037 1541 1198 1627 spirantes
1228 1538 1385 1603 trahimus

243 1660 356 1722 auras,
378 1637 436 1702 illa
456 1660 584 1725 quoque
599 1640 632 1703 in
654 1661 772 1726 corpus
793 1642 916 1727 pariter
925 1639 1157 1721 absorbemus,
1180 1640 1287 1726 adque
1310 1637 1385 1703 inde

242 1793 354 1844 lentia
417 1794 523 1844 uenit.
547 1810 618 1859 quae
636 1796 672 1845 sit
684 1811 749 1845 uero
767 1811 852 1845 causa
864 1795 943 1846 buius
955 1796 1133 1861 pestilentiae
1146 1795 1233 1845 nostri
1245 1794 1385 1845 dixerunt:
1434 1858 1439 1867 ι

244 1861 361 1923 Quando
380 1878 428 1926 pro
446 1863 572 1926 peccatis
589 1862 727 1913 hominum
745 1863 830 1928 plaga
855 1871 883 1913 et
901 1864 1039 1929 corruptio
1062 1864 1142 1913 terris
1166 1863 1292 1925 inicitur,
1318 1867 1384 1911 tunc

244 1929 339 1994 aliqua
357 1944 392 1979 ex
410 1944 505 1992 causa,
529 1929 557 1978 id
580 1935 624 1980 est
647 1935 694 1980 aut
712 1931 850 1981 siccitatis
874 1939 921 1982 ant
940 1932 1041 1981 caloris
1059 1932 1088 1980 ui
1106 1936 1154 1980 aut
1169 1930 1325 1995 pleniorum
1343 1930 1384 1978 in·

164 2056 170 2067 ,
243 1997 441 2062 temperantia,
467 2012 516 2047 aar
538 1999 719 2063 corrumpitur
740 1999 836 2063 sicque
862 1999 998 2049 naturalis
1017 1998 1119 2048 ordinis
1137 1998 1298 2065 perturbata
1316 2002 1384 2046 tem·

242 2065 320 2129 perio
333 2062 491 2114 inficiuntur
509 2064 641 2115 elimenta
659 2072 687 2114 et
705 2066 735 2115 iit
754 2067 891 2131 corruptio
910 2067 993 2127 aeris,
1013 2071 1042 2116 et
1060 2081 1128 2116 aura
1145 2066 1281 2131 pestifera
1299 2065 1385 2115 oritur

243 2138 271 2181 et
290 2131 463 2196 corruptelae
481 2132 579 2181 uitium
598 2133 626 2182 in
652 2133 777 2183 homines
800 2140 947 2199 ceteraque
972 2135 1135 2184 animantia.
1167 2134 1238 2184 uude
1262 2138 1290 2183 et
1308 2132 1383 2181 Vir-

242 2199 398 2264 gilius...
414 2199 609 2264 extinguit)
634 2201 762 2251 Clemens
779 2217 890 2266 recogn.
921 2202 988 2252 VIII
1006 2202 1052 2251 45:
1072 2203 1184 2251 ‘Horum
1203 2206 1295 2251 autem
1312 2201 1383 2265 ipso·

242 2282 300 2316 rum
324 2266 478 2317 ministerio
502 2274 530 2317 et
557 2269 691 2333 siquando
714 2285 763 2334 pro
786 2269 912 2334 peccatis
934 2270 1073 2321 bominum
1095 2268 1180 2334 plaga
1199 2273 1227 2317 ct
1245 2268 1384 2333 corruptio

241 2335 322 2384 terris
339 2334 465 2397 inicitur,
489 2336 666 2399 perturbatur
688 2353 750 2399 aer,
778 2337 838 2386 lues
862 2337 1062 2399 animantibus,
1088 2337 1225 2401 corruptio
1248 2336 1383 2400 frugibus,

241 2401 375 2519 iiidissens
402 2418 452 2467 por
480 2404 572 2452 omnia
599 2403 769 2479 mortalibus·
797 2420 885 2455 annus
918 2402 1076 2455 inducitur)
1103 2431 1137 2440 —
1171 2404 1317 2453 Lucretius
1344 2403 1381 2453 t'l

292 2499 298 2515 ί
326 2484 398 2533 sqq⁸:

394 2572 486 2587 .....
505 2538 619 2603 primum
638 2539 782 2590 multarum
802 2541 907 2591 seruitia
925 2556 1014 2590 rerum

394 2620 455 2654 esse
474 2620 557 2671 supra
575 2607 657 2657 docui
676 2623 746 2671 quac
765 2609 821 2658 sint
838 2608 937 2658 uitalia
955 2609 1043 2659 nobis.

392 2679 420 2722 ct
439 2678 536 2722 contra
553 2689 624 2738 quae
643 2674 699 2723 sint
716 2676 809 2726 morbo
828 2677 961 2741 mortique
980 2690 1093 2725 neccsse

321 2799 327 2812 ,
392 2740 479 2789 multa
496 2739 606 2790 uolare:
626 2757 660 2791 ea
679 2757 739 2791 cum
758 2759 825 2793 casu
843 2750 906 2793 sunt
924 2744 996 2794 forte
1015 2749 1118 2804 coorta,

392 2814 420 2856 et
437 2807 633 2872 perturbarunt
651 2810 772 2872 caelum,
797 2810 827 2860 lit
845 2810 983 2861 morbidus
1002 2825 1058 2861 aer.

392 2880 475 2939 atqua
495 2891 529 2925 ea
547 2876 589 2924 uis
608 2878 696 2927 omnis
714 2878 867 2928 morborum
884 2879 1078 2943 pestilitasque

392 2950 440 2991 aut
458 2943 630 2993 extrinsecus
649 2950 679 2994 ut
697 2946 783 2997 nubes
801 2946 975 3011 nebulaeque
994 2961 1110 3010 superne

390 3026 439 3075 per
458 3010 566 3061 caelum
585 3012 712 3073 ueniunt,
733 3020 781 3063 aut
798 3015 860 3078 ipss
878 3030 963 3079 saepe
981 3020 1092 3064 coortos

391 3078 425 3127 de
444 3083 519 3127 terra
537 3085 665 3143 surgunt,
684 3080 731 3130 ulii
749 3086 873 3147 putorem
892 3082 1003 3132 humida
1021 3085 1133 3131 nactast

289 3214 306 3264 9
366 3160 369 3169 “
391 3144 597 3211 intempestluis
615 3148 769 3213 pluuiisque
790 3156 817 3199 et
836 3150 939 3199 solibus
958 3150 1023 3199 icta.

240 3215 286 3267 ill
316 3230 397 3279 sqq:
776 3246 780 3253 ·

390 3281 504 3347 proinde
523 3283 569 3332 ubi
588 3299 618 3331 se
638 3283 744 3334 caelum
763 3285 834 3350 quod
852 3284 932 3335 nobis
950 3285 1020 3334 forte
1040 3283 1161 3334 alienum

391 3354 543 3401 commouet
562 3356 645 3417 atque
664 3367 713 3402 aer
731 3353 859 3402 inimicus
877 3367 988 3417 serpere
1007 3352 1108 3417 coepit,

388 3423 419 3467 ut
437 3417 540 3468 nebula
559 3435 591 3468 ac
611 3420 697 3469 nubes
715 3419 849 3484 paulatim
868 3420 940 3486 repit
957 3425 985 3470 ct
1002 3435 1080 3469 omne

389 3500 443 3550 qua
462 3486 586 3551 graditur
604 3488 751 3537 conturbat
770 3494 798 3537 et
816 3489 960 3537 immature
980 3492 1099 3549 cunctat,
1151 3544 1154 3549 ,
1191 3516 1195 3521 -

389 3554 420 3603 lit
438 3569 544 3619 qnoque
563 3559 601 3615 ut,
621 3556 649 3604 in
667 3560 790 3605 nostmm
810 3571 870 3605 cum
888 3556 967 3605 uenit
979 3556 1097 3621 denique
1111 3556 1227 3617 caelum,

387 3628 543 3687 corrumpat
560 3622 712 3688 reddatque
731 3623 773 3672 sui
791 3623 880 3673 simile
900 3630 982 3688 atque
1003 3623 1131 3673 alienum.

234 3711 437 3719 —..——...—...

325 3756 333 3804 l
352 3763 432 3822 pene
448 3763 552 3803 omncs
566 3742 706 3821 polluens
723 3763 803 3823 quae
822 3753 851 3803 te
869 3744 961 3822 tigirit
976 3749 1000 3801 Α
1015 3762 1113 3832 paenp
1125 3762 1228 3802 omnes
1241 3763 1315 3823 quos
1334 3751 1378 3802 te·

233 3829 338 3904 tigerit
352 3827 492 3907 polluens
508 3831 536 3887 B
549 3831 606 3886 nai
621 3833 698 3901 quod
709 3848 791 3907 pene
806 3838 833 3887 et
853 3830 993 3908 polluens
1008 3824 1077 3910 13²1!
1093 3840 1110 3891 3
1127 3828 1236 3905 langor
1251 3823 1318 3886 AB²
1332 3822 1346 3911 ΙΙ
1361 3836 1379 3888 4

241 3915 322 3988 Verp.
338 3916 408 3970 Aen.
427 3915 481 3971 III
493 3919 548 3971 138
556 3931 599 3986 sq.
614 3908 627 3994 ΙΙ
643 3924 659 3976 5
672 3923 845 3991 corruptum
861 3918 888 3971 Β
903 3909 915 3995 Η
930 3923 1060 3973 tractum
1072 3916 1100 3971 B
1113 3907 1127 3992 {l
1142 3912 1196 3974 oid
1212 3912 1377 3971 seminibus

233 3998 339 4077 satisq3
356 3991 509 4139 Alqluens
522 3993 584 4055 AB¹
600 3992 615 4079 ll
630 4007 646 4062 7
662 3998 728 4057 fieri
743 3995 781 4055 13¹
799 4001 935 4058 ferantur
951 4004 974 4057 Α
988 3994 1001 4081 ll
1016 4007 1034 4061 8
1048 4008 1078 4057 et
1091 4015 1144 4054 om.
1164 3999 1190 4053 B
1204 3990 1219 4078 ss
1234 3999 1377 4057 extremis

233 4082 322 4140 terris
348 4101 403 4140 cae
418 4083 426 4140 i
443 4081 553 4160 partib3
572 4088 596 4139 A
614 4092 699 4142 extre
713 4106 774 4142 sss
789 4104 822 4141 as
843 4083 922 4142 caeli
943 4092 1048 4162 partes
1067 4077 1107 4139 13¹
1132 4089 1274 4140 externas
1300 4081 1378 4141 caeli

232 4176 335 4261 partes
352 4162 394 4224 13²
408 4161 421 4248 ll
437 4168 566 4225 anontis
579 4171 603 4224 A
617 4163 630 4249 ll
646 4176 662 4230 9
683 4188 702 4227 a
718 4167 848 4227 nubibus
865 4172 890 4226 Α
904 4163 918 4249 ll
933 4175 1138 4246 transportare
1156 4161 1197 4224 B¹
1214 4159 1227 4248 ΙΙ
1242 4170 1378 4248 quaq3A

1067 4257 1149 4299 uspsns

233 4321 326 4383 quoq3
348 4305 375 4360 B
395 4297 409 4382 ΙΙ
430 4301 561 4360 cadsunt
577 4307 602 4360 B
617 4299 629 4383 ΙΙ
649 4315 680 4366 to
700 4312 930 4386 corrumpuntur
952 4299 1004 4386 ΒΙΙ
1022 4314 1083 4366 tls:
1095 4312 1238 4363 emanent
1252 4306 1281 4360 B
1294 4296 1310 4383 ll
1345 4311 1378 4363 ta

134 4424 137 4429 ·
166 4420 174 4433 ·
233 4384 316 4451 illam
335 4383 370 4445 B¹
389 4386 458 4446 illas
477 4381 790 4469 Billahsorbimusd
