3186 4996
593 343 635 382 DE
659 342 746 383 VIRIS
770 342 983 383 INLVSTIIIBVS

765 494 816 551 III

152 571 203 642 7*
302 604 459 652 Pusvrvs
480 610 522 651 ex
544 587 681 656 Vmbria
702 590 852 653 Sarsinas
875 590 998 654 Romae
1020 590 1183 668 'smoritur
1206 596 1245 682 (a.
1270 595 1359 666 5520:

217 691 272 776 qui
296 700 427 777 propter
441 710 590 753 annonae
606 690 834 755 difficultatem
854 692 896 756 ad
919 692 1021 756 melas
1043 692 1229 755 manuarias
1247 689 1360 777 pistori

217 815 253 861 se
276 792 457 869 locaverat,
487 790 535 855 ibi
556 793 708 877 quotiens
728 791 770 857 ab
794 815 892 879 opere
911 800 1044 857 uacaret
1068 792 1210 857 scribere
1233 789 1361 856 fabulas

178 884 186 899 “
218 893 333 957 solitus
353 914 395 958 ac
413 892 597 959 uendere·

752 1017 820 1077 IIII
1030 1068 1038 1083 .

109 1098 114 1105 ⁸
152 1092 204 1168 8*
299 1128 455 1188 qvlarvs
482 1128 608 1176 saulus
636 1122 734 1201 pocta
754 1112 918 1191 †Tareuti
945 1114 1091 1177 nascitur
1114 1120 1154 1183 (a.
1179 1122 1265 1192 515):
1308 1112 1385 1196 quis

217 1235 237 1275 a
266 1214 391 1278 Catone
418 1224 590 1301 quaestore
627 1215 763 1279 Romam
791 1213 969 1279 translatus
997 1213 1158 1280 habitauit
1187 1216 1221 1278 in
1254 1221 1363 1277 monte

217 1315 402 1396 Auentino,
420 1336 518 1402 parco
534 1315 707 1380 admodum
726 1325 856 1403 sumptu
871 1323 1041 1411 contentus
1060 1317 1204 1409 etunius
1225 1311 1364 1377 ancillae

218 1417 410 1481 ministerio.
446 1428 449 1449 '
916 1474 923 1483 ,
1131 1445 1157 1475 a

218 1623 366 1681 dictorum,
382 1623 480 1687 quibus
493 1624 592 1673 multos
607 1628 672 1673 ante
684 1623 815 1683 laeserat,
830 1622 977 1673 diluisset)
996 1622 1253 1673 Pseudo-Asconius
1266 1622 1296 1669 in
1307 1625 1364 1671 act.

219 1692 233 1740 1
255 1691 331 1740 Verr.
351 1689 384 1739 ‘29
407 1707 433 1755 p.
451 1690 515 1749 tlt),
538 1690 581 1739 10:
609 1692 726 1740 ‘dictum
746 1693 838 1740 facete
859 1698 886 1739 et
906 1691 1103 1741 contumeliose
1122 1692 1150 1739 iu
1167 1688 1297 1738 Metellos
1317 1703 1364 1736 an·

220 1759 324 1824 tiquam
346 1759 448 1807 Naeuii
473 1764 527 1807 est:
563 1760 634 1809 Fato
653 1758 760 1808 Metelli
779 1760 881 1808 Itomae
901 1759 969 1808 liunt
987 1759 1122 1808 eonsules.
1160 1758 1204 1806 cui
1224 1761 1289 1805 tunc
1307 1758 1364 1804 Me-

220 1825 302 1882 tellus
320 1826 417 1875 consul
436 1824 472 1887 (a.
492 1826 555 1887 548)
576 1828 663 1875 iratus
687 1842 768 1876 uersu
792 1828 973 1891 responderat
995 1827 1104 1875 senario
1127 1823 1364 1890 hypercatalecto,

220 1893 267 1957 qui
286 1899 314 1942 et
332 1894 471 1943 saturnius
489 1895 605 1944 dieitur:
624 1894 738 1943 Dabunt
756 1895 856 1942 maltam
870 1894 976 1943 Metelli
995 1895 1101 1943 Naeuio
1119 1890 1238 1957 poetae.’
1257 1890 1365 1941 Gellius

219 1962 233 2009 1
251 1960 300 2021 24,
322 1960 396 2025 Isq.:
422 1962 525 2011 ‘Trium
539 1967 682 2027 poetarum
700 1961 847 2010 illustrium
862 1964 1077 2026 epigrammata,
1097 1961 1145 2010 Cn.
1159 1958 1262 2009 Naeuii
1272 1957 1378 2010 Plauti⁴
1413 1952 1421 1962 ’

219 2029 257 2077 Μ.
277 2030 408 2088 Pacuuii,
428 2044 498 2092 quae
517 2031 571 2094 ipsi
591 2031 717 2079 lecerunt
736 2035 765 2077 et
791 2030 941 2078 incidenda
964 2030 1090 2094 sepulcro
1113 2044 1162 2077 suo
1185 2027 1364 2090 reliquerunt,

220 2095 378 2145 nobilitatis
397 2110 490 2146 eorum
507 2099 600 2161 gratia
614 2102 650 2146 et·
659 2099 814 2147 uenustatis
827 2097 975 2147 scribenda
989 2097 1071 2145 inhia
1086 2095 1290 2145 commentarIis
1304 2108 1364 2142 esse

221 2162 293 2212 duri.
325 2164 495 2228 epigramma
508 2166 597 2218 Naeui
615 2165 725 2229 plenum
739 2160 886 2229 superbiae
900 2165 1074 2230 Campanae,
1095 2163 1166 2228 qued
1178 2161 1366 2211 testimonium

222 2246 283 2281 esse
301 2231 402 2280 iustum
420 2239 528 2297 posset,
548 2233 601 2281 nisi
620 2233 655 2281 ab
675 2233 735 2297 ipso
753 2232 855 2282 dietum
875 2238 960 2282 esset:

374 2324 380 2329 ·
424 2299 590 2350 Inmortales
608 2300 738 2349 mortales
756 2301 780 2348 si
799 2301 871 2349 foret
890 2302 933 2349 fas
951 2302 1032 2361 flere,

424 2369 522 2417 flerent
540 2368 622 2417 diuae
642 2367 780 2417 Camenae
799 2369 935 2417 Naeuium
953 2373 1072 2432 poetam.

423 2435 519 2499 itaque
537 2441 682 2501 postquam
702 2437 819 2490 esteroi
838 2436 957 2485 traditus
975 2436 1120 2495 thesauro,

424 2503 504 2552 obliti
522 2510 586 2552 sunt
604 2505 707 2552 Romae
725 2504 832 2567 loquier
849 2502 944 2567 lingua
962 2500 1090 2552 Latina'
1405 2522 1409 2531 ⁴

308 2566 343 2620 l*
355 2566 540 2633 Hieronymus
548 2571 591 2619 Ol.
607 2570 664 2632 1⁴5,
680 2570 701 2618 l.
716 2570 814 2619 Cicero
826 2571 904 2619 Brut.
919 2570 958 2631 15,
971 2570 1017 2619 60:
1033 2570 1106 2618 ‘nam
1119 2569 1234 2618 Plautus
1247 2569 1277 2617 P.
1286 2566 1368 2616 Clau-

158 2638 162 2643 '
222 2636 267 2685 dio
279 2637 312 2686 L.
327 2638 426 2687 Porcio
442 2638 544 2700 uiginti
564 2638 643 2687 annis
657 2640 719 2701 post
731 2637 794 2686 illos
807 2653 874 2701 ques
892 2642 958 2686 ante
972 2639 1028 2686 dixi
1041 2652 1111 2686 coss.
1125 2640 1247 2695 mortuus
1260 2640 1303 2683 est
1316 2634 1369 2683 Ca·

222 2708 286 2752 tone
306 2703 444 2754 censore)
464 2706 500 2753 cf.
516 2705 797 2769 RitseheliiParerga
815 2722 841 2769 p.
861 2704 903 2765 47.
923 2705 1029 2754 Gellius
1047 2706 1126 2753 XVII
1144 2703 1189 2763 tl,
1209 2703 1254 2751 47:
1274 2703 1368 2765 ‘atque

221 2787 276 2819 uon
300 2772 412 2821 niruium
440 2772 521 2838 longe
546 2774 616 2836 (post
638 2778 758 2835 sumptum
782 2772 869 2821 bellam
892 2775 1013 2821 aduersae
1037 2773 1138 2823 Poenos
1160 2770 1306 2832 sectandam)
1329 2771 1367 2818 M.

222 2838 408 2889 Cate'orator
431 2841 460 2888 iu
484 2840 600 2889 ciuitate
626 2846 653 2888 et
676 2838 793 2888 Plautus
816 2847 899 2904 poeta
926 2841 955 2889 in
973 2856 1058 2889 scena
1081 2836 1252 2888 floruerunt’
1296 2837 1367 2885 uude

223 2914 340 2970 apparet
359 2912 407 2956 aut
425 2908 513 2971 ipsum
531 2908 728 2970 Hieronymum
748 2912 795 2956 aut
818 2907 960 2957 llbrarium
985 2909 1105 2971 aliquem
1122 2923 1170 2971 pro
1195 2904 1301 2954 ‘clarus
1319 2904 1367 2952 ha-

222 2973 317 3023 betur'
334 2974 463 3024 ‘moritur’
478 2975 632 3039 scripsIsse.
646 2975 777 3023 Hertzius
791 2974 930 3024 ‘moratur’
945 2977 1079 3035 coniecit,
1094 2974 1165 3038 quod
1178 2974 1213 3022 ab
1225 2988 1276 3021 usu
1289 2972 1367 3021 chro-

223 3041 425 3106 nographorum
439 3042 560 3091 alienum
574 3048 623 3091 est.
637 3068 670 3077 -
683 3043 872 3104 Quintilianus
884 3044 909 3091 X
924 3042 950 3101 l,
970 3042 1017 3093 aa:
1043 3044 1082 3091 ‘in
1094 3040 1236 3091 comoedia
1249 3041 1366 3089 maxime

224 3109 427 3172 claudicamus,
446 3110 515 3160 licet
533 3111 619 3159 Varro
632 3111 739 3169 Musas,
759 3110 832 3159 Aelii
845 3110 959 3161 Stilonis
976 3111 1129 3172 sententia,
1148 3108 1279 3159 Plautino
1292 3107 1368 3156 (licat

223 3192 348 3226 sannone
365 3178 507 3229 locuturas
526 3178 625 3237 luisse,
650 3179 673 3226 si
692 3178 793 3227 Latine
821 3180 896 3242 loqui
913 3177 1027 3227 uellent’
1049 3194 1072 3227 e.
1093 3194 1119 3241 q.
1138 3192 1160 3225 s.
1202 3175 1307 3225 Gellius
1326 3176 1367 3223 lll

223 3243 253 3307 3,
275 3244 318 3293 14:
358 3245 414 3294 ‘sed
438 3247 510 3294 enlm
534 3244 708 3296 Saturionem
728 3256 756 3293 et
773 3246 918 3295 AtldIcttun
938 3252 965 3295 et
983 3247 1096 3295 tertIam
1119 3244 1270 3308 quandam,
1288 3244 1368 3305 cuius

223 3328 297 3362 nunc
324 3312 391 3361 mihi
413 3329 512 3363 nomen
535 3328 589 3362 nen
612 3313 749 3378 subpetit,
778 3314 807 3363 in
830 3314 947 3378 pistrino
971 3330 1032 3363 eum
1056 3312 1201 3378 scripsisse
1220 3313 1315 3361 'Varro
1340 3314 1368 3359 et

182 3424 184 3430 ,
223 3380 348 3446 plerique
368 3378 416 3429 alii
436 3382 584 3431 memoriae
602 3381 787 3435 tradiderunt,
808 3397 869 3430 cum
887 3382 1005 3446 pecunia
1023 3381 1112 3443 omni,
1132 3395 1212 3444 quam
1231 3380 1259 3428 iu
1278 3379 1368 3443 operis

225 3448 361 3498 artificum
385 3451 557 3500 scenicorum
586 3454 745 3513 pepererat,
776 3450 805 3498 in
828 3449 996 3499 mercatibus
1019 3448 1128 3514 perdita
1155 3448 1234 3511 inops
1256 3447 1368 3496 Romam

225 3516 344 3565 redisset
367 3523 395 3565 et
418 3519 452 3566 ob
471 3516 657 3583 quaerendum
679 3517 783 3565 uictum
803 3516 837 3565 ad
856 3517 1085 3583 circumagendas
1104 3515 1204 3575 molas,
1225 3529 1295 3577 quae
1315 3518 1369 3560 tru-

225 3583 324 3633 sstiles
337 3586 527 3649 appellantur,
542 3600 655 3649 operam
666 3584 765 3648 pistori
778 3582 918 3634 locasset’
939 3584 1045 3633 Gellius
1058 3585 1071 3632 1
1083 3581 1169 3648 aaa:
1190 3583 1369 3646 ‘epigramma

224 3651 333 3711 Plauti,
355 3653 425 3716 quod
444 3653 648 3702 dubitassemus
667 3667 703 3701 an
720 3651 815 3701 Plauti
834 3652 919 3713 foret,
939 3652 995 3701 nisi
1016 3668 1033 3701 a
1051 3653 1088 3700 Μ.
1108 3650 1232 3699 Varrone
1251 3648 1369 3713 pesitum

227 3725 301 3769 esset
319 3718 347 3767 iu
366 3720 436 3773 libro
455 3721 488 3770 dc
509 3722 599 3786 poetis
619 3721 717 3785 prImo:
1139 3766 1145 3772 .

361 3789 512 3851 Postquam
530 3792 573 3837 est
589 3793 705 3838 mertem
724 3791 805 3850 aptus
822 3786 953 3848 Plautus,
973 3785 1116 3837 comoedia
1133 3784 1224 3849 luget,
1287 3772 1302 3795 '

361 3869 467 3904 scaeua
486 3860 528 3904 est
545 3857 656 3905 deserta
675 3871 708 3905 ac
727 3855 791 3903 dela
809 3855 891 3903 Risus
910 3854 1003 3903 lardus
1022 3854 1155 3916 Iocusque

363 3927 391 3970 et
408 3923 521 3972 Numeri
539 3923 675 3973 innumeri
693 3922 772 3972 simul
793 3937 885 3971 omnes
904 3917 1156 3971 conlacrimamut.'

232 4018 236 4025 ·
310 3984 349 4040 8*
365 3989 606 4054 Hieronymusfil.
623 3991 679 4051 135,
693 3990 717 4037 2.
744 3986 779 4041 t·
796 3990 980 4053 Hieronymus
994 3988 1037 4037 Ol.
1059 3986 1119 4048 153,
1144 3986 1166 4035 1.
1182 3986 1279 4036 Cicero
1291 3985 1368 4034 Brut.

315 4187 326 4237 l
340 4175 474 4257 moritur]
488 4178 589 4236 clarus
601 4177 730 4236 habetur
741 4180 915 4235 Ritscdeliaa
927 4182 1060 4233 moratur
1072 4176 1210 4231 Her-tatas
1225 4165 1240 4253 Η
1254 4171 1369 4249 apiata-

226 4281 290 4320 rem
299 4264 375 4325 Scol.
393 4260 406 4341 Η
421 4265 669 4362 3uacasqetSeal.
686 4257 699 4342 ΙΙ
715 4260 848 4320 scribere
857 4259 978 4319 fabulas
989 4259 1095 4318 solitus
1106 4277 1142 4315 ae
1149 4255 1283 4314 uendere
1292 4253 1369 4329 (uin-

227 4345 300 4405 dere
313 4344 353 4421 B)
365 4348 393 4404 B
407 4349 483 4406 Sccl.
500 4346 634 4437 scribere
647 4346 766 4405 fabulas
782 4366 819 4403 ac
835 4344 969 4405 uendere
988 4343 1092 4401 solitus
1108 4346 1134 4399 P
1147 4337 1161 4423 ΙΙ
1175 4352 1192 4403 5
1208 4340 1248 4418 Q.
1264 4341 1367 4414 (scaz.)
