3186 4996
688 448 729 495 on
752 452 869 497 comm
1307 428 1346 497 33

204 598 324 665 Fuluio
344 599 513 667 Nobiliore
530 600 737 683 consulibus,
757 600 869 665 morbo
890 600 1091 687 implicatum
1114 621 1156 664 ex
1177 597 1289 664 dolore
1309 620 1348 667 ac

205 702 313 765 taedio
337 704 531 766 amissurum
557 703 758 767 sarcinarum
783 722 863 787 quas
892 703 925 764 in
948 722 1032 767 naue
1054 701 1280 787 praemiserat,
1309 723 1348 764 ac

205 801 301 866 simul
324 803 510 868 fabularum
531 824 612 890 quas
635 824 744 872 nouas
762 801 895 865 fecerat.
928 800 1031 864 fuisse
1056 802 1175 865 dicitur
1192 801 1348 866 mediocri
1454 864 1461 875 .

206 913 347 986 statura,
371 905 487 989 gracili
507 925 657 990 corpore,
685 903 794 967 colore
813 902 919 965 fusco.
961 901 1094 987 reliquit
1121 901 1236 983 filiam,
1264 924 1348 989 quac

183 1013 281 1091 ipost
306 1007 407 1092 equiti
434 1004 582 1068 Romano
611 1005 737 1089 nupsit:
781 1004 858 1066 item
879 1001 1027 1067 hortulos
1051 1020 1097 1065 xx
1121 1004 1270 1087 iugerum
1293 1005 1349 1067 uia
1410 1010 1413 1015 ⁴

205 1107 315 1191 Appia
332 1105 375 1169 ad
394 1098 521 1169 Martis.
549 1120 612 1191 quo
630 1106 735 1190 magis
757 1105 857 1168 miror
871 1103 1023 1167 Porcium
1041 1102 1200 1168 scribere:
1225 1103 1348 1190 ‘Scipio

204 1205 287 1271 nihil
305 1206 336 1270 ei
353 1206 489 1291 profuit,
513 1204 762 1288 nihirmentus,
782 1205 861 1267 nihil
885 1204 1022 1268 Furius:
1041 1227 1152 1269 eorum
1175 1203 1231 1267 ille
1251 1227 1349 1291 opera

205 1329 265 1372 ne·
283 1307 413 1372 domum
444 1306 576 1393 quidem
602 1305 716 1370 habuit
744 1306 1010 1371 conducticiam'.
1066 1306 1163 1369 Hunc
1190 1305 1348 1370 Afranius

206 1408 338 1494 quidem
360 1406 511 1471 omnibus
533 1408 666 1471 comicis
687 1406 845 1493 praefert,
869 1406 1016 1471 scribens
1036 1408 1070 1470 in
1091 1407 1347 1493 Compitalibus:

170 1542 197 1581 ¹⁰
358 1524 492 1589 ‘l'erenti
514 1546 579 1588 non
600 1518 802 1589 consimilem
826 1524 916 1588 dicas
937 1526 1131 1612 quempiam.

207 1640 373 1706 Volcatius
401 1652 509 1706 autem
541 1664 606 1706 non
639 1643 742 1708 solum
770 1641 896 1707 Naeuio
926 1651 958 1707 et
990 1641 1106 1707 Plauto
1134 1653 1166 1705 et
1194 1642 1348 1725 Caecilio,

342 1848 347 1861 Ι

293 1948 364 2029 Cn]
389 1971 413 2010 c.
429 1972 458 2009 n.
480 1956 512 2009 A.
529 1950 588 2011 Gn.
607 1955 655 2011 CI>
674 1949 687 2032 Η
710 1952 842 2012 cornelio
860 1955 947 2010 ΑΕΗ.
970 1973 1031 2045 cor.
1051 1957 1140 2011 celeri
1160 1951 1174 2033 Η
1193 1972 1295 2011 marco
1315 1956 1351 2013 E.

208 2098 237 2146 ct
254 2032 294 2147 li
313 2090 342 2144 Ε
353 2084 367 2170 Η
382 2086 537 2146 dolobella
553 2090 682 2146 BCDGZ
696 2083 711 2170 Η
728 2100 739 2149 1
757 2087 932 2145 consulibus
954 2090 1040 2146 DEZ.
1061 2098 1205 2147 consunts
1225 2093 1258 2145 A.
1276 2090 1351 2145 con‘)

208 2177 244 2231 B.
269 2192 347 2232 coss.
368 2176 418 2231 CF
433 2166 449 2253 Η
470 2171 656 2250 implicatum
679 2193 716 2233 ex
739 2175 925 2231 Bitscbclius:
956 2171 1133 2250 implicitum
1156 2193 1193 2231 ex
1218 2174 1349 2250 Ruricius.

206 2252 363 2335 implicate
382 2276 418 2316 ac
435 2276 473 2314 ex
489 2261 521 2313 A.
538 2256 717 2335 implicitum
733 2259 795 2316 acri
810 2262 899 2314 celeri
913 2255 926 2336 Η
941 2256 1056 2315 *l‘tcdio
1079 2259 1152 2315 ΕΒΖ
1166 2251 1179 2339 Η
1195 2257 1350 2315 ammissa·

207 2362 272 2401 rum
288 2343 322 2399 E.
347 2340 495 2407 amississr
514 2343 541 2397 Ι)
556 2336 569 2422 Η
585 2343 772 2400 sarcinarum
790 2347 829 2413 A,
859 2342 918 2398 Vct.
938 2344 977 2412 (a.
1001 2348 1096 2415 1512).
1118 2341 1288 2405 fabularum
1305 2360 1350 2399 cc·

207 2431 270 2485 teri.
295 2436 466 2506 satyrarum
481 2426 513 2482 Se
534 2424 546 2505 Η
568 2445 648 2505 quae
663 2429 690 2484 D
712 2421 726 2508 Η
748 2444 828 2484 nuuc
848 2427 1030 2484 Bitschelius
1049 2419 1128 2497 naue
1148 2426 1300 2483 Ananim
1316 2429 1349 2483 F.

207 2512 279 2569 trani
293 2515 382 2569 reteri
395 2508 409 2591 Η
423 2510 604 2587 premiserat
615 2506 653 2569 ·’Ζ.
675 2511 871 2591 premisscrat
889 2506 936 2591 ΕΗ
952 2522 969 2571 l
983 2510 1084 2569 colere
1098 2514 1125 2568 B
1144 2505 1157 2592 Η
1180 2509 1311 2588 reliquid
1326 2514 1350 2567 A

208 2592 217 2677 Η
232 2596 325 2653 filiam
338 2615 391 2654 om.
409 2597 473 2662 BC,
489 2598 555 2654 add.
575 2596 603 2652 B
620 2615 691 2671 mrp.
708 2590 722 2677 Η
737 2615 796 2675 que
814 2592 862 2674 ΖΗ
879 2609 894 2657 5
912 2604 981 2673 post
999 2599 1033 2652 A.
1052 2615 1105 2653 om.
1125 2599 1214 2654 celeri
1228 2590 1241 2675 Η
1257 2595 1312 2653 lio.
1329 2597 1353 2653 Z

208 2680 212 2759 Η
232 2680 345 2739 orttrlos
358 2682 469 2738 BCDF.
487 2690 568 2737 ortos
585 2683 608 2739 G
629 2674 642 2762 Η
663 2681 729 2756 uin,
746 2700 802 2738 non
819 2680 850 2739 in
863 2683 927 2751 tria,
948 2684 1015 2738 libri
1028 2674 1041 2761 Η
1056 2689 1073 2742 6
1088 2681 1159 2760 apia
1173 2681 1200 2736 D
1215 2673 1228 2760 Η
1243 2680 1351 2738 Martis

210 2767 385 2838 Schopenua
405 2765 510 2822 martis
525 2764 629 2824 uillam
641 2769 708 2823 libri
720 2760 734 2846 Η
749 2765 890 2824 Porcium
908 2766 948 2822 St.
967 2778 1085 2843 portum
1099 2758 1139 2823 'C.
1160 2766 1291 2843 portium
1305 2782 1350 2821 ce-

208 2853 265 2907 teri
282 2844 296 2931 Η
318 2848 421 2928 Scipio
439 2890 574 2907 ......
592 2848 813 2908 conducticiam
834 2854 875 2908 sic
899 2851 1082 2909 hirsonnus.
1118 2852 1198 2919 Quae
1217 2852 1246 2905 in
1271 2852 1352 2906 libris

207 2939 250 2991 sic
266 2938 439 3007 interpolata
459 2941 526 2990 runt
538 2950 559 2991 c
571 2954 602 3007 p.
624 2941 675 3003 25,
694 2940 713 2991 A
730 2952 809 3007 ³qu
831 2935 926 3013 scipio
941 2933 1017 2992 nihil
1034 2934 1149 3013 profuit
1167 2931 1242 2990 nihil
1260 2932 1350 2991 lelius

208 3017 283 3076 nihil
298 3018 409 3090 furius,
428 3026 490 3075 tres
507 3018 656 3096 peridem
673 3030 792 3096 tempus
810 3019 861 3097 qui
882 3017 1039 3095 agitabant
1054 3018 1173 3078 nobiles
1196 3016 1349 3075 facillime.

209 3122 312 3161 corum
326 3101 380 3161 ille
397 3122 489 3181 opera
502 3122 540 3161 ne
555 3102 674 3177 domum
687 3101 810 3182 quidem
823 3103 929 3161 habuit
944 3101 1178 3173 conducticiam,
1196 3100 1304 3160 saltem
1319 3111 1351 3160 ut

209 3198 364 3266 essetque
382 3189 511 3246 referret
529 3185 642 3245 obitum
658 3186 770 3245 domini
788 3187 940 3247 seruulus.
988 3189 1039 3246 Vbi
1052 3192 1228 3262 sinpulorum
1244 3190 1352 3244 ducre-

206 3277 309 3346 pantr'a
328 3275 401 3330 haec
419 3281 478 3330 est:
500 3272 594 3349 scipio
611 3271 703 3329 nichil
719 3274 833 3350 profuit
849 3278 880 3329 A.
900 3272 996 3350 scipio
1018 3272 1060 3330 nil
1079 3271 1194 3351 profuit
1218 3271 1273 3329 GZ.
1294 3270 1351 3328 sci-

207 3357 291 3436 pioni
311 3357 353 3415 nil
367 3356 482 3435 profuit
499 3358 534 3412 E.
552 3355 627 3413 nihil
647 3356 768 3434 publius
784 3358 879 3434 scipio
897 3355 939 3414 nil
958 3357 1073 3434 profuit
1084 3361 1119 3414 F.
1136 3354 1211 3414 nihil
1225 3353 1351 3414 Publius

209 3440 313 3519 Scipio
344 3440 459 3519 profuit
483 3443 549 3498 Alci.
572 3435 587 3522 Η
604 3440 680 3499 nihil
704 3440 793 3499 lelius
818 3440 893 3500 nihil
919 3440 1013 3499 furius
1041 3445 1078 3499 B.
1105 3440 1147 3499 nil
1173 3439 1280 3512 Lelius
1309 3438 1353 3496 nil

209 3526 305 3584 furius
325 3527 360 3582 Ε.
379 3524 472 3582 nichil
496 3523 606 3583 ledins.
633 3524 728 3583 furius
743 3529 777 3583 A.
793 3525 869 3583 nihil
885 3527 913 3584 ei
928 3524 1017 3584 lelius
1033 3525 1110 3584 nihil
1130 3525 1226 3582 furius
1242 3524 1331 3580 celeri
1345 3518 1354 3603 Η

209 3630 333 3690 operam
356 3612 463 3667 BCDF
488 3604 501 3690 Η
524 3608 646 3688 quidem
670 3609 788 3667 domum
805 3614 867 3669 uG.
895 3610 1035 3669 “domum
1054 3608 1197 3688 “quidem
1223 3610 1259 3665 F.
1278 3605 1352 3686 quid

209 3694 330 3753 domum
346 3697 401 3753 BD
416 3690 429 3775 Η
443 3693 547 3753 habuit
562 3714 615 3752 om.
632 3696 659 3751 D
673 3688 687 3775 Η
703 3689 895 3754 conducticiri
907 3699 940 3752 A.
958 3693 1165 3753 conclutitiam
1180 3695 1217 3749 B.
1239 3690 1351 3749 condu-

209 3778 306 3837 titiam
323 3781 359 3837 D.
382 3778 597 3837 conductitiam
616 3782 705 3836 celeri
724 3773 741 3860 Η
758 3780 873 3837 referre
889 3782 916 3836 Ι)
936 3774 949 3860 Η
974 3777 1087 3837 obitum
1102 3802 1116 3835 ·.
1133 3820 1141 3836 .
1160 3822 1166 3834 .
1184 3774 1352 3836 ‚scribens

209 3884 262 3922 om.
280 3868 302 3920 G
319 3859 332 3943 Η
346 3875 363 3926 9
375 3862 498 3943 qnidam
509 3865 545 3920 D.
561 3863 634 3943 quid
644 3866 672 3920 B
685 3858 701 3942 Η
714 3865 829 3941 prefert
837 3867 868 3922 Z.
884 3864 1033 3942 praeferri
1044 3864 1129 3922 BCF.
1142 3881 1195 3921 om.
1208 3863 1235 3918 Ι)
1249 3855 1263 3942 Η
1279 3862 1353 3919 scri-

185 3944 298 4007 'beres
315 3951 342 4005 B
356 3943 370 4030 Η
386 3946 622 4027 Compitalibus]
641 3968 663 4006 r.
679 3956 751 4021 291).
769 3956 828 4006 m
849 3950 930 4010 Ribb.
946 3942 960 4029 Η
980 3959 1011 4010 10
1024 3947 1152 4007 Terenti
1173 3966 1234 4004 non
1255 3946 1352 4004 consi·

209 4033 310 4092 milem
325 4035 506 4091 Bitscheb'us.
526 4032 649 4091 terentii
665 4054 725 4092 non
742 4032 872 4092 similem
890 4037 922 4091 A.
946 4034 1076 4091 terentio
1088 4052 1149 4090 non
1164 4031 1292 4090 similem
1308 4036 1353 4087 ce·

209 4121 278 4187 teri‚
291 4121 349 4175 nusi
362 4121 440 4191 quod
450 4117 579 4177 similem
598 4138 658 4176 non
674 4121 711 4189 G,
729 4116 880 4175 “similem
896 4115 978 4175 “non
997 4121 1025 4175 F
1037 4111 1051 4197 Η
1067 4116 1151 4176 dicas
1168 4117 1350 4173 Bitscheliua.

210 4201 315 4261 dicens
335 4206 412 4262 libri.
439 4202 523 4261 dices
549 4205 612 4260 Αἶά.
633 4197 647 4284 Η
669 4198 856 4281 quempiam]
875 4202 942 4277 q‘D
955 4196 968 4282 Η
986 4213 1014 4263 ll
1034 4201 1191 4261 Volcatius
1206 4202 1247 4255 F:
1274 4201 1355 4270 apud

210 4291 330 4345 Gellium
345 4296 400 4347 XV,
416 4294 463 4348 21.
488 4285 638 4345 uulcatius
658 4289 795 4345 BOEGZ.
813 4286 970 4345 Vulcanus
984 4288 1036 4342 AD
1056 4280 1070 4366 Η
1092 4284 1182 4344 neuio
1203 4276 1353 4359 ΑΒΕΕΖΗ

209 4391 248 4432 cx
260 4371 365 4450 plauto
381 4371 500 4429 excelio
515 4376 551 4430 A.
574 4380 604 4429 st
618 4371 729 4449 planco
744 4380 775 4429 ct
791 4369 869 4429 celio
889 4373 927 4429 Ι).
944 4379 975 4433 et
993 4371 1098 4449 plauto
1115 4378 1146 4428 st
1165 4364 1353 4439 caeciliocc-

209 4460 279 4527 teri,
300 4459 357 4515 nisi
373 4460 450 4530 quod
465 4455 571 4516 cecilio
589 4458 665 4515 ΒΕΖ

277 4569 399 4608 mrem
417 4570 480 4610 nnn.
1131 4549 1151 4610 3
