3194 5004
509 438 536 481 a.
552 436 740 481 mnaoaunrr
757 435 1011 479 corrunursarva
1274 414 1336 478 537

201 603 311 651 xxxiv
322 612 385 672 sq.:
403 590 619 652 ouinssatsoio
633 589 845 651 emendatiora
862 597 983 651 exstare
998 609 1091 649 manu
1106 588 1218 670 scripta
1235 606 1335 649 exem·
1383 660 1389 665 ⁴

202 696 309 776 plania.

356 914 1180 1001 111111111111111011111111111
1247 924 1256 939 ·

620 1031 654 1081 ad
672 1047 735 1097 pag.
754 1029 804 1080 484
823 1031 915 1081 adnot.

284 1137 385 1215 Typis
406 1154 553 1215 expressa
573 1136 714 1195 Terentii
737 1113 878 1214 exempla
898 1135 953 1193 illa
974 1143 1131 1215 quattuor,
1147 1122 1198 1193 'de
1228 1135 1336 1216 quibus
1366 1178 1368 1182 -

153 1321 156 1325 ἱ
201 1239 432 1319 bibliographos
448 1237 512 1297 dixi
527 1232 651 1317 praeter
666 1238 816 1296 rationem
832 1244 883 1297 aut
899 1246 1003 1296 tacere
1019 1246 1071 1297 ant
1087 1236 1244 1313 dubitare,
1259 1238 1337 1300 haee

200 1349 272 1401 sunt
287 1360 414 1421 quorum
427 1339 547 1399 indices
562 1340 644 1398 infra
659 1340 758 1419 posui.

200 1492 347 1543 Terentius
371 1507 432 1542 cum
455 1492 574 1541 Donato.
597 1489 609 1553 Η
629 1490 662 1539 In
682 1492 733 1554 fine
757 1490 835 1539 Finis
855 1488 1117 1541 Commentariorum
1139 1492 1212 1544 Aelii
1234 1492 1338 1547 Donati

270 1594 352 1644 snper
370 1577 415 1626 .P.
437 1576 561 1626 Terentii
584 1575 645 1624 Afri
669 1574 833 1625 Comoediis.
854 1570 867 1642 Η
887 1591 938 1625 nec
962 1591 1018 1626 non
1039 1576 1152 1627 loannis
1176 1577 1339 1644 calphurnii
1405 1619 1416 1640 ,

268 1678 349 1728 super
360 1662 690 1712 Heautontimorumenon
708 1660 857 1711 foeliciter.
879 1656 891 1726 Η
910 1660 1036 1711 Venetiis
1049 1677 1097 1726 per
1109 1662 1264 1730 Philippum
1277 1664 1336 1729 pin·
1375 1698 1380 1709 s

268 1749 339 1797 rium
362 1741 514 1797 Mantuani
529 1744 606 1795 Anno
630 1740 677 1796 ozii'
711 1746 757 1796 .M.
777 1742 879 1796 0000.
897 1744 998 1796 XCIII.
1022 1746 1111 1812 pridie
1135 1763 1222 1797 nonas
1240 1730 1337 1799 Iulias.

267 1834 393 1896 Impante
410 1826 581 1900 Augullstino
598 1829 749 1881 barbadico
765 1829 941 1881 serenissimo
960 1830 1096 1900 Veneto&
1112 1833 1246 1898 principe.
1279 1858 1288 1877 .

266 1918 342 1969 Laus
359 1917 421 1968 deo.
442 1915 456 1985 Η
475 1917 596 1983 Sequitur
612 1917 780 1982 Regiatrum.
1017 1919 1023 1927 '
1252 1918 1300 1981 sol.

201 2053 315 2117 (Inittrcn
333 2056 406 2104 deest
422 2054 448 2103 in
471 2053 615 2117 eaeemplarr'
630 2050 774 2116 Bonnensi)
814 2050 849 2101 In
867 2053 920 2114 flue
942 2050 1003 2102 Hoc
1022 2066 1089 2117 opus
1113 2051 1273 2119 impressum
1297 2060 1339 2106 est

265 2138 418 2190 Mediolani
439 2153 490 2207 per
510 2136 623 2189 Iosinem
644 2135 781 2204 Angelum
801 2135 1004 2187 Soinzenzeler.
1046 2135 1123 2187 Anno
1146 2137 1250 2189 domini
1290 2140 1337 2192 .Μ.

268 2239 377 2276 cecccr.
394 2223 438 2274 die
459 2220 472 2289 Η
491 2238 549 2274 nx.
568 2223 706 2274 Octobris.
732 2219 745 2290 Η
765 2223 885 2288 Sequitur
902 2221 1067 2287 Registrnm.
1255 2224 1303 2286 sol.

200 2362 230 2426 Ρ.
243 2360 368 2411 'Ierentii
387 2359 466 2425 aphri
479 2359 584 2409 Comici
596 2363 694 2425 poetae
709 2356 903 2426 disertissillmi
920 2356 1115 2424 Elegdtissime
1134 2374 1182 2410 sex
1200 2361 1338 2413 comedie:

267 2444 302 2497 cti
317 2445 467 2497 succinctis
487 2440 498 2510 Η
520 2443 662 2495 admodum
687 2442 900 2509 adpendiosisqt:
925 2459 979 2494 non
1004 2444 1092 2493 minus
1115 2443 1191 2495 tarne*
1209 2442 1222 2512 Η
1242 2446 1339 2497 diluti·
1390 2482 1396 2491 .

268 2531 323 2582 die:
346 2531 445 2582 Jodoci
462 2530 546 2581 Badii
568 2528 667 2580 ascesii
687 2525 953 2596 explanatiollnibna.
974 2526 988 2595 Η
1013 2555 1047 2565 -
1072 2528 1253 2581 Ueuunddtnr
1270 2532 1337 2582 Par-

268 2616 360 2666 rhisiis
382 2617 411 2665 in
432 2617 495 2667 vico
512 2616 711 2667 Maturinorum
731 2609 746 2680 Η
767 2630 783 2662 1
801 2613 837 2663 M.
856 2614 986 2664 Duraudo
1010 2613 1114 2679 gerlier
1174 2615 1199 2664 A
1221 2615 1337 2667 lestrille

269 2699 438 2751 laulxveaul.
458 2695 471 2767 Η
496 2702 529 2750 In
548 2703 600 2764 fine
623 2698 702 2750 Finis
726 2696 966 2763 elegantissimarri
990 2696 1147 2749 comediarri
1164 2700 1288 2751 Terentii
1306 2700 1339 2752 cri

269 2782 438 2835 ainotatdnibl
455 2779 572 2850 Jolldoci
589 2782 671 2835 Badii
691 2782 823 2847 ascenaij:
850 2782 885 2832 ab
905 2781 973 2834 code
991 2783 1129 2849 impensis.
1163 2785 1201 2835 M.
1220 2785 1338 2837 durandi

256 2869 376 2941 parlier.
403 2866 556 2936 impressidi
581 2866 718 2935 milldatis
746 2873 805 2935 atqt
835 2868 968 2919 absolutis
999 2868 1034 2918 ad
1066 2869 1197 2922 calendas
1218 2871 1336 2923 Februa.

267 2955 341 3005 Anni
358 2951 584 3006 iuxta'Parisiori.
603 2954 725 3005 calculos
744 2955 761 3024 Η
779 2952 1203 3021 Millesimiquingetesimitertij.·
1278 2960 1303 3009 4.

200 3092 346 3143 Terentius
365 3088 454 3161 111111Η
472 3091 565 3156 quinqt
585 3090 747 3159 obmenlltis:
766 3106 794 3144 vt
812 3086 949 3158 Donallti:
973 3086 1137 3156 Gnidollniez
1156 3086 1303 3160 Galll'phur.
1324 3088 1338 3161 Η

267 3178 422 3231 accensuit
441 3178 539 3228 Seruii.
555 3172 568 3245 Η
587 3176 655 3227 Cum
674 3177 766 3242 gratia
784 3175 818 3225 ob
838 3176 953 3243 figuras:
971 3170 983 3244 Η
1001 3180 1032 3225 ut
1048 3191 1077 3242 pt
1095 3177 1123 3226 in
1143 3175 1180 3228 ei⁹
1197 3176 1335 3244 puilegijs.

269 3259 282 3328 Η
300 3263 333 3312 In
347 3265 399 3326 liae
417 3264 580 3328 Impressnm
598 3259 741 3327 Velinetiis
759 3277 809 3327 per
826 3262 962 3311 Lazarum
981 3261 1014 3311 de
1033 3260 1143 3311 Scardis
1162 3263 1207 3312 dio
1226 3263 1338 3313 ‚xxnu

266 3348 413 3399 Februarii
433 3349 478 3399 .M.
496 3350 532 3399 D.
551 3348 614 3398 XII.
650 3349 704 3409 Qui
723 3363 740 3396 a
757 3346 862 3395 Senatu
879 3347 1044 3396 Venetorum
1063 3346 1182 3396 obtinuit
1205 3347 1338 3417 (puellus

268 3432 438 3500 imprillmere
456 3448 505 3484 sen
523 3433 641 3499 imprimi
660 3433 754 3483 lacere
775 3430 876 3479 audeat
895 3446 986 3480 eorum
1005 3431 1033 3479 in
1052 3431 1192 3483 territorio
1204 3433 1255 3483 snb
1267 3432 1336 3482 rnul-

268 3524 326 3570 cta:
345 3524 375 3568 ut
393 3518 448 3567 auis
467 3518 495 3566 in
513 3518 612 3583 gratiis
630 3520 718 3582 patet.
736 3512 748 3582 Η
765 3515 886 3580 Sequitur
903 3514 945 3564 Ad
963 3515 1107 3566 Lectorem
1121 3516 1207 3567 Index
1226 3514 1335 3568 crimen·

267 3604 397 3653 tariorum
415 3602 524 3652 disticha
542 3608 661 3667 quattuor
679 3629 709 3637 -
732 3601 774 3650 Ad
794 3598 918 3650 cundem.
938 3600 1089 3650 Excusatic
1108 3602 1210 3651 Lazari
1229 3604 1338 3653 dtbticllu

183 3742 189 3759 Ι
267 3692 320 3738 triu
335 3712 371 3726 -·
387 3687 551 3752 Registrum.
1254 3688 1302 3751 sol.

283 3859 341 3918 His
363 3868 464 3918 autem
490 3877 569 3938 quae
591 3877 684 3937 snpra
706 3856 794 3938 posui
817 3857 877 3916 iam
898 3858 981 3937 typis
1004 3859 1156 3936 expressis
1176 3858 1207 3917 in
1232 3878 1339 3918 manns

200 3980 283 4021 meas
298 3962 435 4043 quintum
450 3960 622 4039 exemplum
636 3959 778 4040 pervenit
799 3961 922 4019 comiter
936 3956 1144 4019 transmissum
1165 3960 1338 4021 nFleelrei-

199 4082 291 4135 seno,
312 4062 394 4144 quod
408 4065 481 4122 item
498 4064 638 4140 ignorant
658 4060 873 4140 bibliographi.
913 4063 971 4121 Est
992 4060 1023 4119 id
1039 4060 1246 4139 Lugdunenae
1267 4062 1339 4121 anni

201 4175 280 4239 1502,
293 4165 446 4245 persimile
463 4164 530 4224 aliia
544 4184 624 4245 qnae
643 4166 724 4223 cirea
738 4162 816 4222 illud
832 4145 950 4243 ternpus
965 4163 1142 4242 prodierunt
1152 4163 1337 4241 Lugdunen-

200 4266 298 4343 sibus,
313 4266 414 4327 indioo
431 4265 555 4347 quidem
570 4266 663 4326 booe:

199 4421 230 4470 P.
249 4419 372 4483 Terentij
398 4418 477 4483 aphri
502 4420 635 4479 comicoit
658 4396 859 4483 elegantissimi
878 4412 1029 4479 Co'lmedic
1048 4434 1054 4466 ε
1075 4431 1092 4466 1
1111 4416 1235 4467 Gnidonc
1253 4419 1338 4469 June-

267 4504 329 4555 nale
348 4505 407 4554 viro
425 4500 495 4569 perd
509 4500 651 4571 litllterato
671 4503 847 4553 familiariter
864 4502 1037 4567 explanate:
1061 4513 1071 4555 t
1090 4501 1125 4551 ab
1143 4496 1265 4568 Iolldooo
1284 4503 1337 4553 Ba·
