3202 4998
715 402 818 444 onrvr
839 406 851 445 1
1290 388 1352 451 405

212 563 308 613 turam
324 553 437 631 optime
456 551 626 623 describas,
649 554 676 612 si
696 554 864 614 simillimas
880 575 948 614 esse
964 554 1040 614 dicis
1055 556 1260 638 interpolatae
1276 559 1352 618 Ver-

211 655 346 731 gilianae
364 656 458 713 ritae.

296 755 426 834 Sepoeni
447 757 478 816 iu
492 756 573 814 huuc
598 756 697 815 locum
720 757 903 834 particulam
922 758 1005 816 vitae
1030 758 1107 817 ani
1130 758 1251 837 (fragm.
1267 760 1351 839 29²⁸),

212 877 291 937 qnae
310 856 391 937 apud
399 857 616 936 Philargyrum
631 866 753 916 servata
768 866 823 918 est.
853 859 924 917 hnic
939 860 1019 919 enim
1031 862 1228 936 grammat-ico
1243 861 1353 920 librum

212 957 250 1021 de
270 960 343 1019 viris
362 959 541 1019 inlustribus
561 959 641 1017 bene
667 968 770 1019 notum
799 958 893 1019 finisse
916 960 1075 1021 declarant
1098 982 1135 1021 ea
1154 980 1234 1042 quas
1256 963 1353 1024 schol.

211 1060 271 1121 ecl.
290 1060 386 1119 Vllll
406 1067 441 1122 36
465 1059 504 1119 de
526 1063 663 1138 Zmyrna
689 1059 806 1119 Cinnae
831 1062 972 1139 exposita
991 1069 1077 1127 errat:
1097 1065 1264 1137 scitantem
1284 1067 1354 1123 liber

209 1165 344 1231 obscurae
361 1165 445 1231 odeo,
465 1170 497 1220 at
513 1166 673 1220 etnonnutti
688 1167 748 1220 eius
763 1168 860 1222 aetatis
873 1169 1050 1238 mammutius·
1067 1168 1096 1225 in
1115 1183 1176 1223 enm
1191 1169 1355 1238 secesserint

210 1281 393 1338 mopaomqae
412 1281 451 1321 erc
469 1268 528 1325 erae
544 1268 722 1322 manatione
738 1269 794 1322 sint
813 1269 930 1339 pierium
947 1268 1094 1324 consecuti.
1126 1266 1165 1324 cf.
1188 1266 1352 1326 Suetonius

212 1362 252 1423 de
273 1383 404 1441 gramm„
418 1374 450 1424 ¹et
470 1365 549 1425 rhet.
573 1373 618 1426 18:
642 1368 729 1425 donec
748 1370 942 1442 commotioris
962 1368 1101 1441 anyrnne
1126 1371 1196 1427 edito
1218 1371 1289 1425 adeo
1309 1358 1351 1425 in·

210 1469 312 1524 ciarnit
335 1485 363 1525 e.
379 1487 406 1546 q.
428 1487 452 1524 s.
487 1486 613 1544 prorsus
633 1465 745 1526 deinde
773 1468 919 1527 convenit
943 1469 1018 1526 mori
1041 1465 1250 1542 Suetoninno,
1270 1469 1352 1546 quod

210 1566 251 1626 ad
271 1567 493 1635 inlustrandam
509 1569 589 1627 Bavi
603 1569 696 1627 vitam
712 1569 827 1628 Domiti
845 1568 939 1628 Marsi
961 1569 1165 1631 testimouium
1180 1569 1352 1631 adhibetur.

297 1669 435 1729 Transeo
456 1668 495 1729 ad
516 1679 667 1729 oratorum
691 1669 814 1743 librum,
836 1671 921 1729 cuius
941 1672 1105 1748 imaginem
1129 1679 1164 1731 nt
1184 1672 1284 1730 animo
1307 1672 1351 1728 in·

208 1769 372 1831 formemus
397 1770 479 1833 eolns
502 1771 568 1831 fere
586 1770 674 1830 nobis
696 1771 760 1831 dux
782 1773 989 1851 Hieronymus
1013 1781 1068 1831 est.
1101 1773 1188 1832 euius
1203 1771 1351 1831 beneficio
1397 1818 1402 1843 ,

209 1872 409 1950 praefationis
419 1892 540 1951 quoque
551 1873 718 1950 particulae
729 1892 911 1951 recuperare
924 1873 1007 1933 licet.
1016 1893 1085 1931 nam
1098 1893 1177 1952 quae
1189 1873 1271 1952 apud
1284 1893 1353 1933 enm

210 1973 249 2033 de
268 1972 359 2033 claris
377 1975 451 2033 artie
468 1975 640 2033 rhetoricae
654 1973 783 2033 Graecis
795 1976 847 2053 qui
858 1975 974 2033 Romae
991 1973 1161 2032 docuerunt
1173 1984 1351 2053 praecepto·

208 2075 293 2145 ribus
306 2074 426 2153 (fragm.
441 2074 508 2152 48³¹)
521 2075 679 2152 leguntur,
692 2095 730 2134 ea
741 2074 919 2135 Suetonium
929 2075 959 2135 iu
971 2062 1165 2153 praefatione
1177 2075 1266 2133 buius
1282 2095 1351 2154 par·

208 2178 257 2251 tis,
273 2195 334 2256 qua
344 2177 431 2236 initia
445 2184 475 2234 et
487 2195 665 2254 progressus
678 2177 884 2236 Romanorum
900 2174 1095 2255 eloquentiae
1108 2177 1277 2249 enarravit,
1292 2184 1352 2237 ret·

209 2279 315 2339 tulisse
330 2280 397 2338 veri
409 2288 456 2339 eet
468 2278 665 2339 simillimum.
699 2297 828 2357 quocum
843 2286 914 2357 apte
926 2277 1109 2350 contendas,
1125 2276 1207 2356 quod
1222 2277 1350 2355 Apollo·

210 2378 276 2438 dori
285 2378 399 2440 Graeci
410 2380 538 2439 oratoris
550 2381 723 2441 memoriam
732 2380 854 2458 (fragm.
866 2378 935 2457 56²²)
948 2381 978 2437 in
991 2379 1055 2437 vita
1066 2378 1210 2456 discipuli
1220 2380 1286 2438 eius
1293 2378 1351 2438 Ga·

208 2481 264 2540 lidi
280 2482 409 2541 oratoris
425 2481 625 2561 Tranquillus
644 2483 763 2560 poenit,
784 2501 864 2561 quae
881 2479 974 2541 valde
990 2480 1157 2558 probabilis
1173 2482 1352 2539 Mommseni

209 2584 267 2644 lo.
277 2604 308 2662 p.
321 2590 373 2648 676
389 2583 564 2643 coniectura
579 2592 633 2643 est.
649 2580 730 2664 quod
739 2602 815 2642 vero
829 2581 924 2654 idem,
938 2591 972 2641 ut
981 2583 1042 2643 illis
1054 2582 1173 2659 graecis
1181 2581 1352 2641 rhetoribus

208 2705 298 2747 suum
321 2686 351 2743 in
364 2683 443 2744 libro
458 2685 588 2745 Saetosi
609 2685 708 2744 locum
724 2684 914 2761 adsignnrrt,
937 2702 989 2742 eos
1012 2693 1261 2742 commemoratos
1283 2703 1352 2743 esse

210 2787 382 2865 suspicatos
404 2795 451 2845 eet
473 2788 504 2846 in
526 2785 736 2847 additamento
758 2785 797 2845 ad
816 2794 935 2863 partem
959 2784 998 2845 de
1012 2784 1197 2859 rhetoribus,
1222 2805 1283 2843 nou
1303 2806 1350 2845 re·

210 2890 333 2966 putavit
356 2889 571 2967 sagacissimus
592 2888 647 2949 ille
663 2888 728 2961 vir,
753 2889 846 2949 talem
867 2886 1069 2967 appendicem
1090 2886 1222 2946 alienam
1244 2906 1312 2947 esse
1334 2906 1353 2945 a

211 2990 451 3049 consilio'totius
474 2990 560 3065 libri,
583 2991 614 3049 in
643 3010 703 3069 quo
725 2988 915 3049 Graecarum
938 2989 1107 3048 litterarum
1128 2989 1187 3048 viri
1207 2989 1352 3047 inlustres

209 3111 270 3150 non
286 3093 346 3151 nisi
364 3092 396 3151 iu
409 3099 585 3155 transcursu
606 3111 708 3172 neque
729 3092 819 3151 aliter
840 3111 931 3171 qnam
956 3101 991 3154 ut
1011 3110 1113 3150 eorum
1129 3091 1274 3149 memorio
1289 3092 1351 3149 Ro·

209 3211 319 3251 manae
349 3194 470 3253 litterae
499 3195 734 3255 inlustrarentur
766 3202 893 3271 possent
918 3192 1078 3251 nominari.
1132 3190 1234 3250 eidem
1260 3191 1352 3266 igitur

209 3293 409 3369 praefationis
429 3294 498 3353 loco
513 3296 596 3355 Isaei
618 3296 747 3355 rhetoris
764 3294 1008 3353 commemoratio
1029 3290 1158 3369 (fragm.
1175 3290 1244 3369 49),
1268 3292 1351 3348 cuius

210 3393 423 3472 Tranquillum
439 3395 613 3454 meminisse
629 3395 748 3455 Probus
763 3395 929 3453 scholiasta
944 3392 1101 3453 Iuvenalis
1117 3391 1274 3470 perhibet,
1288 3411 1351 3450 res·

209 3494 349 3555 tituenda
370 3494 500 3553 videtur.
544 3496 622 3554 vixit
641 3496 696 3555 ille
714 3497 796 3555 circa
815 3495 986 3555 Domitiani
1006 3502 1159 3572 tempora,
1177 3492 1258 3571 quod
1281 3491 1351 3551 ideo

181 3582 330 3670 moneo,
358 3616 398 3654 ne
425 3597 492 3675 quis
517 3616 584 3654 cum
607 3598 754 3675 scriptore
776 3595 901 3668 scholii,
930 3597 982 3674 qui
1002 3597 1175 3653 Atheniensis
1197 3593 1295 3663 addit,
1321 3601 1352 3651 et

211 3698 335 3759 Osanna
358 3699 389 3756 in
408 3697 507 3775 praef.
528 3695 568 3755 ad
590 3696 641 3755 lib.
664 3697 703 3755 de
721 3704 893 3773 grammat
912 3696 988 3754 rhet.
1014 3717 1042 3775 p.
1064 3695 1131 3753 IIII
1152 3695 1352 3755 ednothum

209 3801 361 3861 rhetorem
376 3810 408 3859 et
423 3798 638 3875 cognominem
651 3798 869 3857 Atheniensem
884 3805 1035 3861 oratorem
1051 3795 1225 3854 confundat.

298 3901 485 3961 Graecorum
506 3908 606 3959 autem
625 3900 782 3959 rhetorum
802 3898 903 3959 studia
923 3899 1059 3959 breviter
1079 3906 1196 3959 tantum
1219 3897 1248 3955 iu
1262 3916 1351 3974 prae·

210 4002 326 4061 fatioue
345 4003 510 4079 perstringi
524 4009 681 4079 poterant,
702 4002 733 4059 in
752 4020 812 4081 qua
832 4002 997 4079 praecipue
1013 4017 1182 4059 sermonem
1201 3998 1296 4057 fuisse
1313 3996 1352 4056 de

209 4102 381 4183 primordiis
396 4104 600 4163 Romanorum
618 4103 813 4182 eloquentiae
828 4122 866 4161 ex
884 4100 1125 4181 praefationibus
1140 4119 1219 4179 quae
1243 4098 1282 4161 ad
1296 4118 1352 4157 nos

210 4212 418 4284 pervenerunt
437 4214 521 4265 certo
544 4205 717 4283 conligitua
752 4223 832 4286 quae
855 4204 981 4263 historia
1002 4201 1041 4262 ad
1067 4221 1134 4260 eam
1154 4220 1253 4280 usque
1267 4207 1351 4259 aeta·

210 4315 273 4365 tem
286 4304 525 4383 perducebatur,
543 4326 632 4384 equa
643 4305 812 4365 inlustrium
823 4305 957 4365 virorum
966 4304 1059 4365 vitam
1072 4301 1261 4381 perscribere
1274 4300 1351 4361 Sue·

210 4407 312 4477 tonius
324 4408 433 4486 coepit
450 4406 560 4488 quodsi
571 4405 652 4486 apud
664 4407 883 4487 Hieronymum
895 4405 1009 4465 nullius
1021 4414 1092 4464 ante
1104 4403 1282 4463 Ciceronem
1297 4420 1351 4461 no·
