3186 4996
640 472 646 479 ,
709 424 868 468 annuum
1259 423 1355 465 XVIIII

209 590 302 628 σαντα
319 577 361 627 sie
384 575 455 625 adit:
487 565 689 640 Ἀριστοφάνης
711 566 744 626 ἐν
765 575 804 641 τῷ
826 570 982 640 σογχενικῷ
1000 572 1118 636 (Nauck.
1141 588 1168 637 p.
1194 570 1265 638 130).
1308 572 1354 623 ad·

210 665 292 726 paret
308 660 393 725 igitur
411 650 581 725 σοχχενικόν
597 659 807 724 dispescendum
820 672 881 708 esse
901 671 918 705 a
929 647 1096 722 Καισάρων,
1116 668 1168 719 quo
1184 655 1260 706 facto
1277 670 1356 706 suum

210 745 300 810 pratis
318 747 404 810 caput
420 743 585 793 restituitur.
622 756 692 807 quae
712 747 805 792 autem
823 744 979 791 remanent:
1011 730 1164 804 Καισάρων
1181 764 1215 775 -
1230 734 1356 806 περιέχει

211 823 247 879 di
264 826 346 895 βίους
361 824 411 881 καλ
429 818 571 894 διαδοχάς
583 817 678 878 αὐτῶν
695 818 752 878 άκό
767 817 889 877 'leuiter
915 818 967 883 icoc
980 821 1159 889 Δομετιανοῦ
1171 849 1204 859 -
1216 821 1312 889 βιβλία
1330 816 1356 889 η’

211 912 323 963 intaeta
339 911 615 976 relinquendarum,
638 912 692 961 nisi
715 911 787 976 quod
810 926 826 961 e
848 910 987 974 scriptura
1003 907 1133 959 Vossiaui
1154 905 1219 956 libri
1241 905 1291 959 καλ
1309 899 1357 958 σά·

214 1003 286 1063 port
301 1012 363 1046 oum
379 994 560 1060 Bsrubsrdyo
577 986 732 1060 Καισάρων
753 986 790 1061 ιβ
814 992 990 1043 efficiendum
1013 998 1041 1041 et
1063 1006 1112 1056 pro
1134 987 1184 1041 aori
1206 981 1357 1056 διαδοχάς,

214 1081 288 1146 quod
304 1079 387 1131 nihili
404 1096 466 1131 esse
485 1081 590 1131 monuit
601 1078 777 1143 Ritsehelius,
797 1071 872 1130 κατά
884 1067 1027 1141 διαδοχάς
1037 1075 1223 1140 reponendum
1236 1080 1287 1138 est,
1306 1089 1358 1139 quo

215 1166 304 1217 rerba
321 1165 487 1231 interposita
502 1158 628 1231 περιέχει
648 1180 671 1215 e.
690 1181 716 1230 q.
736 1180 758 1215 s.
782 1162 863 1214 simul
886 1176 935 1212 cur
958 1159 1104 1211 Suetonius
1127 1159 1270 1210 duodecim
1289 1158 1358 1210 Cas-

216 1263 310 1301 sarum
326 1251 400 1301 ritas
418 1253 482 1300 octo
505 1248 585 1299 libris
603 1248 835 1314 conprehenderit
853 1250 1000 1311 exponant.
1036 1249 1157 1295 ceterum
1175 1245 1262 1294 etiam
1279 1244 1360 1294 huius

216 1334 284 1384 libri
294 1334 427 1399 optimum
438 1332 549 1384 titulum
559 1332 783 1398 recuperavimus
795 1331 897 1382 hunce:
926 1329 1091 1379 ‘Caesarum
1104 1329 1169 1379 libri
1180 1328 1266 1385 octo)
1289 1344 1360 1394 quae

218 1433 281 1469 eum
296 1420 339 1468 ita
355 1420 426 1480 siut,
445 1433 500 1468 non
519 1418 651 1468 audacior
670 1432 731 1468 esse
748 1417 856 1475 videor,
880 1416 903 1465 si
923 1416 1008 1465 etiem
1031 1419 1125 1465 cetera
1146 1408 1249 1476 λέξεσιν
1266 1414 1361 1479 eapite

218 1517 291 1568 quae
309 1503 389 1553 nobis
405 1508 474 1553 uota
490 1507 554 1553 sunt
570 1501 774 1569 Aristophanen
792 1517 809 1551 a
824 1499 986 1564 Tranquillo
1010 1500 1039 1548 iu
1056 1499 1143 1565 pratia
1162 1497 1295 1549 imitando
1315 1514 1361 1548 ex·

219 1602 317 1653 pressa
335 1602 395 1637 esse
413 1588 547 1653 auspicor.
583 1591 647 1637 suut
670 1592 762 1636 autem
783 1585 854 1636 haec
877 1585 944 1635 dno:
979 1581 1045 1650 τιερλ
1071 1574 1228 1649 ὀνομασίας
1245 1572 1362 1649 ἡλικιῶν

220 1676 251 1722 et
265 1667 332 1736 κερλ
348 1663 584 1740 κροσφανήσεαν.
618 1662 742 1730 Ἀττικάς
765 1670 838 1720 enim
860 1669 1052 1734 Aristophanis
1076 1672 1104 1718 et
1126 1659 1297 1727 Λακωνικάς
1318 1662 1363 1720 λέ·

220 1754 280 1820 ξεις
291 1756 409 1807 Latinus
427 1757 625 1822 grammaticus
642 1770 697 1807 uon
713 1760 825 1823 poterat
841 1754 955 1804 imitari.
985 1753 1172 1804 Suetouianae
1191 1758 1284 1802 autem
1302 1753 1362 1801 imi·

126 1864 133 1878 ·
220 1841 338 1891 tationis
355 1841 491 1891 rationem
509 1841 581 1891 hauc
599 1841 685 1893 luisse
705 1842 813 1891 conicio
830 1845 862 1890 ut
880 1855 941 1890 cum
959 1838 1076 1889 Graecis
1093 1838 1237 1888 vocabulis
1256 1837 1290 1888 ab
1303 1838 1363 1887 Ari·

218 1924 358 1991 stephane
376 1925 525 1991 explicatis
537 1925 641 1976 Latina
659 1925 792 1976 eiusmodi
810 1923 947 1975 vocabula
965 1928 1193 1988 conponerentur.
1224 1923 1281 1972 iam
1298 1938 1363 1972 vero

223 2012 367 2078 quaeritur
382 2010 550 2061 Eustathins
561 2010 746 2078 Aristophane
763 2009 824 2076 ipso
843 2023 879 2058 an
894 1996 1025 2059 Suetonio
1045 2008 1105 2058 aius
1123 2011 1281 2072 excerptore
1298 2020 1364 2056 usus

222 2096 268 2148 ait.
298 2111 369 2163 quae
386 2110 430 2147 res
443 2111 504 2146 oum
515 2110 625 2162 prorsus
642 2096 751 2155 incerta
768 2095 820 2158 sit,
839 2094 913 2144 malo
930 2108 1003 2144 nuno
1017 2093 1133 2158 fragm.
1148 2092 1207 2142 174
1225 2108 1260 2142 ex
1271 2091 1364 2157 glossa

223 2180 403 2247 etymologici
424 2181 519 2247 magui
541 2195 596 2230 uon
619 2196 653 2231 ex
674 2178 822 2230 Euatathio
845 2179 963 2229 referre:
996 2170 1257 2244 Ἀρχολίπαρος,
1282 2166 1364 2226 ὁλι-

222 2264 342 2332 τιαρῶν
360 2264 419 2317 ἵνα
436 2257 547 2332 άρχῇς
565 2255 663 2332 τύχῃ·
693 2252 713 2330 ἢ
732 2256 769 2316 ἐκ
785 2261 846 2315 τοῦ
864 2254 988 2329 άρχειν
1005 2252 1269 2326 λιααινόμενος.
1301 2275 1364 2310 con-

222 2352 377 2401 sectarium
393 2354 437 2400 est
453 2355 484 2400 nt
501 2350 618 2416 fragm.
635 2345 713 2400 lib*
730 2349 876 2401 delendum
893 2347 943 2410 εἰη
974 2347 1053 2395 cuius
1066 2345 1127 2394 loco
1145 2342 1226 2410 περὶ
1244 2358 1366 2411 σοχχε-

225 2433 333 2486 νικῶν
349 2434 447 2485 titulus
464 2433 595 2487 Suetonio
613 2435 771 2485 vindicatus
793 2436 942 2499 reponatur
965 2429 1057 2481 velim.
1094 2429 1194 2480 deiude
1216 2430 1265 2480 sub
1286 2430 1367 2480 liba

227 2525 255 2570 et
272 2519 357 2571 libb
373 2519 481 2570 indices
496 2517 552 2569 illi:
581 2515 662 2584 περὶ
678 2494 877 2585 ῶνομασίάς
894 2507 1039 2584 ἡλικιῶν
1058 2520 1086 2565 et
1107 2511 1188 2582 περὶ
1205 2528 1366 2580 προσφω-

226 2595 359 2672 νήσεων
375 2608 534 2669 sequantur.

294 2690 349 2740 Sed
366 2705 402 2739 ue
419 2703 513 2740 rursus
528 2687 706 2754 Aristophani
723 2689 830 2740 iudices
842 2688 1025 2738 Suetoninnos
1042 2692 1074 2737 ut
1092 2686 1126 2736 ab
1144 2686 1192 2737 illo
1211 2686 1368 2753 desumptos

228 2775 407 2824 restituamus
424 2774 605 2839 gravissimas
617 2773 742 2824 rationes
760 2774 950 2824 adversantur.
977 2788 1041 2821 uam
1059 2770 1123 2822 inde
1136 2772 1171 2821 ab
1190 2787 1223 2822 eo
1236 2778 1367 2838 tempore,

229 2874 281 2924 quo
299 2852 389 2921 λέξεις
401 2858 599 2925 Aristophanes
619 2858 741 2923 conlegit
757 2873 830 2909 nova
843 2848 1058 2922 ligeoracapita
1075 2857 1189 2909 iuventa
1201 2862 1276 2921 suut,
1297 2872 1368 2922 quac

230 2943 377 2995 Suetonius
399 2959 451 2994 sna
474 2944 568 2995 iacere
590 2949 709 3010 poterat.
744 2948 776 2993 ut
798 2958 853 2993 uou
875 2942 962 2993 liceat
984 2942 1162 3007 Aristophani
1184 2942 1256 2992 tales
1274 2941 1369 2992 titulos

230 3030 371 3080 vindicare
383 3027 449 3095 ιτερλ
468 3023 548 3089 ἰδέας
567 3019 738 3096 ἐσθημάτων
756 3033 785 3079 et
801 3028 915 3078 similes.
940 3031 1064 3077 attamen
1082 3029 1141 3078 eius
1160 3043 1265 3092 quoque
1284 3027 1370 3092 scrip-

232 3122 287 3165 tum
304 3115 359 3166 hac
376 3131 439 3165 curu
451 3114 581 3165 Suetonio
600 3115 799 3180 conparatione
817 3128 890 3164 nova
902 3113 1020 3178 quadam
1037 3111 1099 3162 luce
1111 3112 1282 3163 inlustratur.
1306 3128 1370 3162 nam

230 3199 260 3248 in
278 3200 413 3251 anecdoto
431 3199 479 3249 illo
496 3200 624 3250 Parisino
641 3199 658 3250 b
681 3199 751 3249 haec
763 3198 956 3264 ArIstophanis
968 3191 1041 3261 λέξις
1060 3197 1217 3263 adponitur:
1244 3194 1294 3249 καὶ
1306 3212 1370 3249 κοκ-

232 3275 328 3349 aiteio
344 3275 393 3336 int
410 3282 462 3336 τοῦ
478 3275 682 3349 ἀλεκτρυόνος,
701 3298 771 3350 quae
791 3299 807 3334 a
824 3283 950 3335 Nauokio
968 3284 1040 3333 iuter
1063 3283 1222 3348 fragmenta
1238 3282 1313 3333 sedis
1330 3283 1371 3331 in-

233 3374 327 3419 certae
346 3368 475 3432 (LXXIII
491 3386 518 3436 p.
537 3368 597 3433 218)
616 3369 706 3419 relata
724 3375 774 3418 est.
810 3368 907 3418 iamsi
929 3368 1148 3434 reputaverimus
1167 3366 1325 3417 Suetonium
1343 3367 1372 3414 in

233 3458 372 3520 pratorum
380 3453 453 3506 libro
462 3470 543 3517 nono,
554 3470 606 3520 quo
616 3453 651 3505 de
661 3454 844 3505 animantium
853 3453 958 3503 naturis
967 3454 1089 3518 scripsit,
1099 3468 1182 3505 voces
1193 3451 1373 3502 animantium

233 3538 420 3601 recensuisse,
444 3540 474 3590 in
495 3540 580 3590 simili
598 3539 754 3604 argumenti
772 3539 953 3589 continuitate
978 3538 1013 3588 ab
1031 3537 1217 3602 Aristophane
1234 3534 1308 3584 hauc
1326 3551 1372 3586 vo·

235 3640 295 3674 cem
316 3625 436 3690 positam
459 3625 545 3676 inisse
566 3624 712 3690 probabile
734 3624 881 3675 videbitur.
918 3628 948 3673 at
971 3637 1071 3687 reapse
1088 3621 1286 3687 Aristophanes
1308 3618 1374 3687 ιιορλ

235 3700 310 3771 ζῶον
327 3710 440 3777 scripsit
459 3710 507 3773 (ci.
524 3710 623 3761 Nauck
645 3726 671 3776 p.
690 3708 816 3777 asesqq.)
840 3713 981 3759 auctorem
1006 3707 1036 3756 in
1058 3708 1140 3758 rebus
1158 3706 1316 3758 Aristotelis
1332 3708 1374 3757 hi·

235 3794 349 3845 storiam
367 3794 540 3861 animalium,
560 3796 662 3860 inqua
680 3800 708 3845 et
725 3796 788 3861 ipsa
799 3792 885 3845 11119
903 3794 936 3844 de
955 3794 1066 3844 vocibus
1085 3794 1265 3844 animantium
1282 3794 1374 3859 dispu-

236 3883 322 3942 tatur,
345 3886 471 3943 secutus,
495 3887 526 3931 nt
547 3880 627 3931 huius
645 3879 715 3932 adeo
738 3880 902 3947 epitomator
919 3883 968 3929 aut
982 3884 1181 3930 commentator
1199 3894 1217 3929 a
1233 3880 1375 3946 scriptori·

237 3963 287 4016 bus
303 3965 464 4030 posterioris
483 3967 586 4016 aetatis
602 3967 780 4017 vocitaretur.
810 3966 890 4017 huius
909 3961 1003 4015 aulem
1020 3963 1083 4030 περὶ
1096 3956 1172 4028 ζῶον
1190 3965 1255 4015 libri
1268 3972 1376 4032 partem

237 4050 277 4099 sic
301 4051 393 4101 adfert
411 4049 504 4113 Lydus
526 4051 560 4100 de
578 4066 653 4116 mag.
675 4068 702 4117 p.
720 4051 752 4101 R.
771 4052 814 4101 111
832 4049 865 4102 63
888 4042 920 4103 ἕν
942 4050 977 4118 τῇ
999 4041 1119 4118 ἐπιτομῇ
1141 4050 1197 4102 τῶν
1220 4043 1252 4102 ἕν
1276 4041 1376 4117 ἰχθύσι

238 4133 365 4198 φυσικῶν
382 4135 410 4185 id
430 4140 473 4186 est
491 4137 520 4185 in
539 4135 660 4200 epitoma
677 4136 835 4186 Aristotelis
853 4136 887 4186 de
905 4136 1011 4186 naturis
1028 4138 1155 4203 piscium.
1192 4137 1257 4204 quid
1275 4137 1377 4203 igitur?

237 4233 326 4271 nonne
345 4220 417 4272 haec
435 4236 499 4287 pars
517 4222 610 4287 magui
633 4221 707 4271 illius
725 4221 920 4288 Aristophauei
939 4223 1030 4288 operis
1048 4229 1102 4285 est,
1130 4228 1161 4275 ut
1178 4224 1376 4288 Aristophanes

237 4304 319 4370 plane
337 4310 368 4356 ut
378 4302 526 4358 Suetonius
542 4307 572 4357 iu
588 4300 691 4370 λέξεων
709 4308 778 4358 libro
796 4307 942 4357 occasione
961 4309 1026 4359 data
1047 4324 1102 4359 non
1124 4314 1231 4360 tanturn
1253 4309 1377 4374 singulas

238 4384 326 4455 λέξεις
348 4394 399 4445 sed
419 4392 502 4445 simul
522 4394 598 4459 Ipsas
620 4409 665 4444 res
687 4394 799 4460 aequali
826 4408 893 4444 cura
909 4400 1070 4459 persecutus
1088 4396 1132 4445 sit.
1168 4395 1263 4459 itaque
1281 4395 1376 4446 Sueto·

238 4477 298 4528 nius
316 4480 402 4530 etism
419 4480 450 4530 iu
466 4478 520 4529 hae
531 4487 672 4546 pratorum
688 4486 768 4545 parte
781 4479 995 4546 Aristophanem
1012 4484 1153 4530 auctorem
1170 4479 1280 4546 habuit,
1299 4481 1377 4533 cuius
