3218 5000
411 421 645 467 svsruausuus
669 421 757 465 ursas
780 421 823 465 ue
845 420 932 465 suso
953 417 1156 465 sousuosru
1297 398 1356 465 185

215 588 334 634 meuses,
351 578 383 624 ut
396 588 457 624 eum
468 572 640 639 praecedens
651 573 736 624 Marti
755 579 830 624 esset
847 572 956 623 dicatum
974 569 1025 622 dee
1041 569 1200 638 plenamque
1217 570 1357 625 hominum

216 642 351 703 necatori,
369 646 400 692 ut
417 642 552 691 Homerus
569 646 687 692 naturae
706 643 834 691 conscius
851 641 905 690 ait:

420 695 497 774 ’.ιρις
507 697 583 771 ’Ἆρες
600 702 763 774 βροτολοιγὲ
780 700 918 775 μιαιφόνε
936 705 1142 773 traxissetque·

217 777 353 828 secundus
365 778 466 827 Veneri
482 778 636 839 dicaretur,
651 792 722 842 quae
734 779 790 826 uim
804 779 863 826 eius
876 778 955 841 quasi
967 775 1094 827 benefica
1105 775 1215 827 leniret.
1241 774 1280 824 10.
1294 790 1358 824 nam

217 852 246 896 et
264 847 292 895 in
309 845 453 896 duodecim
472 845 580 896 zodiaci
597 846 699 911 signis,
725 860 837 908 quorum
860 851 938 895 certa
961 850 1096 894 certorum
1118 845 1257 894 numinum
1275 843 1359 893 domi·

218 914 285 964 cilia
303 914 458 975 creduntur,
479 928 539 962 cum
557 914 672 979 primum
685 914 792 978 signum
804 913 884 962 Aries
895 913 980 962 Marti
996 912 1157 977 adsignatus
1175 912 1222 974 sit,
1240 924 1359 975 sequens

135 1036 148 1051 .
216 998 279 1032 mox
291 982 427 1031 Venerem
439 980 468 1030 id
482 986 525 1030 est
536 981 643 1031 Taunus
657 981 775 1046 accepit.
809 981 846 1030 ll.
866 987 894 1030 et
906 995 998 1030 rursus
1011 996 1025 1030 e
1044 981 1160 1045 regione
1170 979 1300 1044 Scorpius
1317 977 1359 1028 ita

218 1050 323 1099 diuisus
336 1054 386 1109 est,
405 1054 437 1098 ut
454 1048 507 1098 deo
526 1054 600 1098 esset
613 1050 721 1114 utrique
740 1049 899 1099 communis.
929 1064 981 1099 nec
994 1049 1157 1099 aestimatur
1169 1048 1278 1097 ratione
1292 1061 1355 1095 cae-

217 1117 283 1168 lesti
307 1132 402 1166 carere
426 1117 488 1181 ipsa
507 1116 621 1166 diuisio:
645 1117 781 1181 siquidem
799 1116 897 1166 aculeo
915 1116 992 1165 uelut
1009 1118 1202 1181 potentissimo
1220 1114 1277 1165 telo
1295 1128 1359 1178 pars

219 1189 327 1235 armata
345 1184 480 1249 posterior
497 1183 669 1234 domicilium
686 1186 786 1235 Martis
804 1189 857 1246 est,
874 1185 994 1249 priorem
1011 1200 1077 1234 ueto
1090 1190 1196 1250 partem
1209 1184 1254 1233 cui
1269 1173 1361 1245 chdc

218 1253 290 1320 apud
309 1252 431 1302 Graecos
443 1267 542 1303 nomen
555 1257 611 1313 est,
625 1268 675 1303 uos
687 1253 801 1303 Libram
810 1266 951 1315 coeamus,
963 1253 1056 1302 Venus
1069 1253 1188 1316 aceepit,
1202 1265 1273 1315 quac
1283 1249 1361 1299 uelut

218 1322 283 1387 iugo
301 1320 431 1370 concordi
448 1320 538 1384 iungit
554 1321 730 1371 matrimonia
747 1321 940 1384 amicitiasque
959 1320 1097 1385 conponit.
1123 1319 1163 1369 12.
1179 1318 1228 1369 sed
1247 1317 1359 1368 Cincius

217 1389 246 1437 in
265 1403 298 1437 eo
316 1388 385 1437 libro
405 1401 484 1452 quem
502 1387 536 1437 de
555 1386 636 1437 fastis
653 1389 766 1452 reliquit
779 1390 820 1437 ait
831 1389 950 1453 inperite
968 1388 1099 1452 quosdam
1118 1386 1226 1452 opinari
1236 1384 1360 1451 Aprilem

218 1471 339 1505 mensem
358 1455 487 1520 antiquos
505 1471 522 1505 a
540 1456 649 1506 Venere
667 1456 783 1515 dixisse,
809 1470 870 1505 cum
892 1454 985 1506 nullus
1007 1456 1067 1506 dies
1091 1457 1179 1505 festus
1202 1453 1359 1518 nullumque

218 1522 385 1573 sacrificium
397 1523 513 1587 insigne
531 1523 632 1572 Veneri
651 1540 700 1588 per
716 1523 789 1573 hunc
806 1538 928 1573 mensem
941 1538 959 1572 a
970 1523 1121 1574 maioribus
1138 1522 1295 1573 institutum
1312 1520 1359 1583 sit,

218 1590 267 1640 sed
285 1607 320 1639 ne
342 1592 370 1640 in
390 1591 559 1641 carminibus
578 1592 687 1656 quidem
704 1590 841 1641 Saliorum
860 1591 975 1642 Veneris
997 1590 1055 1641 ulla
1073 1597 1104 1642 nt
1122 1596 1276 1641 ceterorum
1294 1604 1359 1639 cae·

218 1657 328 1709 testium
340 1657 401 1708 laus
414 1657 578 1708 celebretur.
600 1656 638 1709 13.
653 1658 751 1709 Cincio
764 1660 847 1709 etiam
855 1659 943 1709 Varro
955 1661 1093 1709 consentit
1102 1659 1250 1710 adfirmans
1261 1671 1362 1707 nomen

218 1726 336 1776 Veneris
358 1740 393 1775 ne
415 1727 465 1776 sub
484 1726 594 1790 regibus
612 1727 722 1792 quidem
744 1726 816 1792 apud
833 1727 971 1777 Romanoa
988 1727 1034 1777 uel
1052 1728 1183 1777 Latinum
1205 1725 1252 1775 uel
1275 1724 1360 1774 (irae-

219 1809 280 1843 cum
293 1794 388 1853 fuisse,
404 1798 433 1843 et
450 1794 512 1844 ideo
526 1810 579 1844 uon
592 1797 714 1861 potuisse
727 1810 849 1845 mensem
862 1809 879 1844 s
890 1795 998 1845 Venere
1011 1795 1155 1845 nominari.
1185 1794 1225 1843 14.
1239 1792 1287 1843 sed
1300 1807 1361 1842 cum

221 1861 282 1911 fere
300 1866 364 1911 ante
384 1863 588 1925 aequinoctium
606 1878 720 1913 uernum
744 1862 823 1912 triste
841 1864 877 1912 sit
895 1862 1003 1912 caelum
1021 1868 1050 1912 et
1067 1862 1186 1912 nubibus
1204 1861 1361 1920 obductum,

219 1929 268 1979 sed
289 1934 317 1978 et
340 1944 417 1978 mare
439 1929 639 1994 nauigantibus
662 1930 797 1991 clausum,
821 1936 913 1980 terrae
937 1931 1022 1980 etiam
1044 1931 1121 1995 ipsae
1146 1935 1195 1979 aut
1218 1944 1291 1994 aqua
1314 1932 1363 1977 aut

220 1997 318 2061 pruina
341 2004 388 2046 aut
411 1997 522 2047 niuibus
540 2004 723 2063 contegantur
746 2013 834 2062 eaque
852 1998 945 2049 omnia
967 2013 1052 2048 uerno
1075 1998 1104 2047 id
1126 2002 1170 2047 est
1192 1997 1244 2046 hoc
1267 2009 1362 2045 mense

220 2065 388 2128 aperiantur,
409 2065 520 2114 arbores
539 2081 645 2130 quoque
657 2081 710 2116 nec
722 2067 811 2115 minus
824 2070 918 2115 cetera
937 2080 1007 2129 quae
1019 2068 1144 2116 continet
1161 2070 1236 2114 terra
1254 2063 1362 2128 aperire

220 2148 250 2182 ss
269 2133 298 2181 in
316 2148 428 2197 germen
447 2133 597 2197 incipiant:
622 2133 657 2183 ab
680 2134 724 2183 his
749 2133 875 2183 omnibus
896 2148 1017 2183 mensem
1041 2133 1162 2198 Aprilem
1185 2131 1241 2181 dici
1265 2130 1362 2179 merito

221 2198 386 2250 credendum
399 2205 442 2250 est
458 2201 536 2265 quasi
553 2201 700 2266 Aperilem,
713 2201 786 2251 sicut
798 2201 871 2266 apud
882 2200 1065 2251 Athenienses
1077 2190 1277 2264 ἅνθεστηοιών
1288 2198 1362 2247 idern

221 2268 322 2318 mensis
339 2272 454 2318 uocatur
472 2267 507 2319 ab
526 2284 558 2319 eo
572 2269 643 2333 quod
655 2269 707 2318 hoc
719 2273 842 2333 ternpore
855 2273 955 2318 cuncta
966 2270 1122 2319 florescant.
1148 2267 1188 2317 15.
1202 2271 1363 2317 nontamen

221 2339 306 2399 neget
318 2336 431 2387 Verrius
442 2335 561 2386 Flaccus
578 2337 631 2387 hoc
648 2337 693 2386 die
706 2340 804 2401 postea
816 2337 991 2386 constitutum
1008 2343 1038 2385 ιιι
1049 2341 1194 2386 mamonae
1203 2334 1306 2385 Veneri
1318 2347 1362 2382 sa-

221 2418 295 2452 crum
308 2403 449 2454 facerent:
467 2404 543 2453 cuins
561 2405 601 2454 rei
619 2420 731 2455 causam
746 2404 810 2468 quia
821 2404 885 2454 huic
896 2403 957 2453 loco
975 2419 1030 2453 non
1043 2404 1173 2453 conuenit
1184 2406 1362 2467 praetereun-

221 2470 284 2519 dum
297 2474 347 2520 est.
373 2470 413 2520 lo.
426 2471 529 2521 Maium
542 2472 672 2521 Remulus
684 2472 794 2521 tertium
807 2472 912 2537 posuit,
927 2472 961 2521 de
975 2472 1052 2520 euius
1063 2471 1173 2521 nomine
1184 2470 1257 2520 inter
1269 2472 1363 2518 aucto-

221 2554 265 2588 res
277 2539 336 2587 lsta
347 2539 482 2589 dissensio
495 2544 546 2589 est.
563 2554 628 2589 nam
639 2539 753 2593 Fuluius
763 2539 887 2590 Nobilior
899 2541 927 2588 in
939 2539 1020 2589 fastis
1033 2554 1099 2604 quos
1111 2540 1140 2588 in
1153 2538 1222 2589 aede
1234 2533 1364 2586 Herculis

158 2663 162 2669 .
221 2607 360 2656 Musarum
372 2606 463 2672 posuit
474 2607 617 2657 Romulum
630 2608 709 2667 dicit,
723 2613 867 2672 postquam
879 2607 1007 2672 populum
1019 2609 1048 2656 iu
1060 2608 1178 2657 maiores
1190 2605 1364 2667 iunioresqne

221 2673 323 2736 diuisit,
336 2679 366 2723 ut
377 2673 467 2725 ultera
479 2689 544 2740 pars
556 2675 671 2725 consilio
684 2675 773 2725 altera
785 2676 868 2727 armis
880 2675 1077 2740 rempublicam
1089 2680 1226 2735 tueretur,
1238 2673 1267 2722 iu
1279 2672 1363 2721 hono-

222 2756 280 2790 rum
291 2742 431 2805 utriusque
442 2743 530 2806 partis
542 2742 614 2792 hunc
626 2742 729 2795 Maium
741 2748 902 2808 sequentem
914 2743 1020 2793 lunium
1031 2758 1153 2793 mensem
1164 2755 1291 2792 necasse.
1323 2738 1363 2787 17.

222 2814 287 2857 aunt
304 2811 349 2874 qui
360 2809 433 2859 hunc
444 2810 615 2860 menssmad
627 2815 734 2861 nostros
747 2810 834 2861 fastos
850 2827 867 2859 a
878 2811 1044 2861 Tusculanis
1056 2811 1189 2861 transisse
1202 2821 1363 2860 commemo·

223 2882 293 2937 rent,
307 2877 379 2942 apud
392 2892 458 2941 quos
471 2893 542 2927 nune
555 2893 661 2942 quoqne
673 2883 790 2928 uocatur
801 2879 868 2928 deus
879 2879 970 2928 Maius
983 2881 1030 2943 qui
1042 2883 1085 2928 est
1095 2878 1213 2943 Iupiter,
1229 2892 1247 2926 a
1258 2874 1364 2939 magni-

223 2944 317 2995 tudine
330 2944 439 2994 scilicet
452 2961 485 2995 ac
496 2946 644 2995 maiestate
657 2946 754 2995 dictus.
769 2946 809 2996 18.
820 2946 930 2996 Cincius
943 2962 1065 2996 inensem
1076 2946 1245 2996 nominatum
1257 2946 1336 3010 putat
1348 2958 1365 2992 a

223 3012 313 3071 Maia,
327 3027 408 3076 quam
420 3012 539 3062 Vulcani
552 3012 620 3062 dicit
631 3028 752 3076 uxorem,
765 3019 980 3079 argumentoque
992 3015 1090 3075 utitur,
1104 3013 1174 3078 quod
1187 3014 1288 3063 flamen
1300 3009 1363 3060 Vul-

224 3080 329 3129 canalis
346 3079 480 3130 Kalendis
497 3081 579 3130 Maiis
596 3081 660 3130 hnic
682 3081 753 3131 deas
776 3097 832 3132 rem
855 3081 977 3132 diutinam
995 3082 1077 3131 facit:
1101 3081 1150 3130 sed
1171 3080 1236 3130 Piso
1253 3093 1365 3129 uxorem

222 3147 340 3197 Vulcani
350 3147 498 3197 Maiestam
507 3164 562 3198 non
572 3149 676 3198 Maiam
689 3148 756 3198 dicit
766 3149 870 3198 uocari.
890 3148 930 3201 19.
941 3150 1109 3199 contendunt
1116 3148 1170 3215 ‚atii
1181 3148 1284 3197 Maiam
1294 3146 1365 3195 Mer·

223 3215 291 3264 curii
304 3219 418 3265 matrem
428 3216 515 3265 mensi
527 3231 627 3267 nomen
635 3217 755 3278 dedisse,
768 3216 832 3269 hinc
841 3218 960 3267 maxime
970 3217 1119 3281 probantes
1129 3215 1200 3281 qnod
1209 3215 1261 3265 hoc
1271 3227 1365 3263 mense

222 3288 390 3333 mercatores
400 3283 593 3334 omnesMaiae
603 3285 706 3349 pariter
716 3284 907 3348 Mercurioque
916 3284 1083 3334 sacrificant.
1097 3283 1139 3332 20.
1152 3282 1298 3333 adfirmant
1307 3281 1364 3344 qui-

223 3351 300 3409 dem,
324 3350 421 3415 quibus
440 3350 583 3401 Cornelius
607 3352 703 3403 Labeo
726 3352 878 3413 consentit,
900 3351 972 3401 hauc
989 3352 1093 3401 Maiam
1110 3352 1155 3401 cui
1178 3365 1272 3399 mense
1290 3347 1365 3398 Maio

223 3433 268 3468 res
277 3418 372 3469 divina
384 3418 541 3469 celebratur
552 3423 653 3469 terram
665 3435 726 3470 esse
738 3419 792 3470 hoc
804 3419 934 3484 adeptam
945 3435 1046 3469 nomen
1058 3435 1075 3469 a
1088 3417 1285 3482 magnitudine,
1295 3415 1367 3463 sicut

225 3491 252 3535 et
268 3487 359 3536 Mater
374 3487 478 3551 Magna
499 3487 528 3535 in
551 3487 638 3536 sacris
659 3492 786 3539 uocatur:
811 3486 1050 3551 adsertionemque
1075 3484 1276 3537 aestimationis
1298 3497 1366 3532 suae

225 3553 308 3603 etiam
324 3552 389 3603 hinc
407 3553 540 3618 colligunt
557 3554 628 3618 quod
645 3569 691 3604 sus
704 3570 860 3620 praegnans
873 3555 900 3604 ei
911 3560 1057 3616 mactatur,
1071 3568 1141 3618 quae
1153 3552 1244 3603 hostia
1256 3550 1367 3616 propria

225 3625 267 3671 est
279 3627 379 3671 terrae:
393 3626 421 3671 et
431 3622 597 3671 Mercurium
608 3622 671 3671 ideo
681 3621 722 3671 illi
731 3622 760 3672 in
770 3623 857 3673 saeris
868 3622 980 3687 adiungi
989 3622 1091 3683 dieunt,
1105 3621 1169 3685 quia
1179 3635 1231 3669 nox
1241 3617 1368 3668 nascenti

223 3688 326 3737 bomini
344 3693 436 3739 terrae
454 3693 584 3738 contactu
596 3689 690 3749 datur,
712 3690 812 3741 scimus
826 3694 918 3739 autem
929 3689 1094 3740 Mercurium
1106 3687 1182 3737 uocis
1195 3694 1224 3737 et
1235 3685 1369 3736 sermonis

224 3760 374 3820 potentem.
399 3755 440 3805 21.
456 3760 552 3805 auctor
565 3761 607 3806 eat
620 3756 764 3807 Cornelius
777 3757 872 3807 Labeo
884 3757 948 3806 huic
960 3756 1053 3807 Maiae
1069 3756 1098 3805 id
1110 3759 1154 3806 est
1166 3759 1258 3804 terrae
1272 3752 1369 3803 aedem

223 3823 357 3874 Kalendis
366 3824 450 3873 Maiis
462 3824 618 3874 dedicatam
631 3825 681 3874 sub
691 3826 801 3875 nomine
812 3826 909 3875 Bonae
919 3825 1012 3875 Deae:
1026 3830 1054 3875 et
1067 3824 1182 3875 eandem
1192 3837 1253 3873 esse
1263 3821 1370 3871 Bonam

223 3888 314 3941 Deam
328 3895 356 3941 et
367 3896 470 3941 terrem
485 3907 520 3941 ex
531 3892 591 3956 ipso
610 3894 663 3941 ritu
681 3893 831 3943 occultiore
844 3908 984 3943 sacrorum
1000 3892 1093 3942 doceri
1113 3906 1195 3957 posse
1213 3888 1368 3941 confirmat:

223 3959 296 4008 hanc
309 3958 425 4008 eandem
431 3960 537 4009 Bonam
546 3960 726 4024 Faunumque
737 3961 859 4025 etOpem
873 3964 901 4009 et
912 3960 1031 4009 Fatuam
1039 3960 1196 4025 pontificum
1210 3958 1288 4008 libris
1301 3956 1370 4006 iudi·

224 4026 322 4091 gitari:
331 4026 376 4075 22.
389 4027 496 4076 Bonam
509 4027 711 4090 quodomnium
723 4028 803 4078 nobis
816 4027 851 4077 ed
862 4028 965 4077 uictum
979 4027 1110 4077 bonormn
1122 4041 1208 4077 causa
1220 4030 1276 4075 est:
1297 4024 1369 4073 Fau·

225 4109 288 4143 uam
302 4093 373 4158 quod
385 4095 459 4143 omni
470 4095 530 4145 usui
544 4096 723 4145 animantium
736 4095 827 4144 sanet:
840 4094 928 4159 Opem
941 4095 1011 4159 quod
1024 4095 1109 4160 ipsius
1121 4092 1222 4143 anxilio
1234 4093 1293 4143 vita
1306 4106 1370 4141 cou-

225 4165 294 4211 stat:
312 4161 431 4211 Fatnsm
444 4177 461 4212 a
474 4162 559 4212 fando
572 4162 643 4227 quod
654 4168 780 4226 utsupra
792 4162 909 4211 diximus
922 4162 1044 4211 intentes
1055 4166 1137 4226 partu
1150 4160 1216 4211 editi
1229 4175 1282 4209 uon
1295 4159 1371 4223 prius

223 4243 321 4279 nocam
335 4227 419 4279 edunt
431 4244 511 4293 mam
524 4230 668 4295 attigerint
679 4235 781 4279 terram
793 4244 816 4277 c.
830 4246 855 4294 q.
868 4244 889 4279 s.
906 4227 948 4279 30.
961 4230 1055 4278 Iunius
1067 4229 1171 4279 Maium
1187 4228 1311 4291 sequitur
1323 4229 1371 4274 ant

226 4313 260 4347 ox
277 4301 356 4361 parte
379 4296 475 4362 populi
495 4302 526 4346 ut
547 4312 631 4362 snpra
647 4296 764 4346 diximus
788 4298 944 4346 nominatus
963 4301 1011 4345 aut
1026 4301 1057 4344 ut
1074 4295 1186 4345 Cincius
1210 4294 1369 4353 arbitratur,

226 4365 296 4429 quod
314 4364 445 4415 Iunonius
463 4365 536 4430 apud
552 4365 669 4415 Latinos
692 4367 756 4413 ante
777 4363 916 4412 uocitatns
933 4363 1034 4427 diuque
1052 4362 1125 4429 apud
1142 4361 1268 4411 Aricinos
1285 4359 1370 4409 Prae·

224 4432 403 4496 nmtinosque
421 4431 475 4482 hac
493 4431 679 4497 appellatione
692 4431 721 4482 in
735 4431 822 4481 fastos
840 4428 944 4479 relatus
956 4429 1002 4490 sit,
1021 4429 1091 4480 adeo
1103 4432 1142 4490 nt,
1155 4429 1226 4481 sicut
1242 4427 1324 4479 Nisus
1341 4426 1371 4479 iu
