3186 4996
699 413 739 453 DE
760 415 878 457 Pousis

232 609 238 619 .
301 566 333 622 tc
354 557 418 622 sibi
441 557 581 644 quisquc
602 560 703 644 rapit,
725 583 784 647 per
804 570 835 626 te
859 562 1004 626 uicturus
1025 565 1059 628 in
1082 587 1210 631 acuum.

301 658 397 724 Musa
418 659 506 724 refer
525 682 609 746 quae
631 682 748 725 caussa
767 664 839 728 uiro
862 686 1056 751 componere
1075 665 1186 733 libros.
1207 652 1240 662 „„

241 818 252 836 ‚
302 771 486 848 sumpserat
505 762 677 846 Augustus
699 786 806 828 rerum
829 765 1052 831 moderamina
1075 770 1237 857 princeps.

299 865 364 928 iam
386 865 477 928 necis
500 863 587 929 ultor
607 874 678 929 eret
701 868 843 952 patriae:
863 869 929 931 iam
950 869 1051 934 caede
1073 874 1216 955 priorum

300 965 450 1052 perfusas
473 966 561 1029 acies
583 964 704 1050 legitur
726 968 839 1032 uisura
859 968 1039 1056 Philippos.

301 1066 436 1131 Cassius
459 1067 514 1131 hie
536 1067 650 1153 Magni
672 1068 795 1135 uindex
817 1081 850 1133 st
871 1071 993 1136 Brutus
1016 1074 1048 1136 in
1071 1075 1170 1138 armis

300 1170 472 1234 intereunt.
511 1170 619 1233 uictor
640 1168 785 1234 nondum
806 1182 978 1237 contentus
999 1176 1116 1259 opimis

300 1271 451 1335 emeritas
472 1268 552 1333 belli
574 1271 688 1356 spoliis
707 1270 828 1336 ditasse
851 1272 992 1337 cohortis

299 1371 490 1459 proscripsit
510 1372 648 1436 miserae
669 1370 819 1436 florentia
840 1395 917 1438 rura
940 1374 1138 1453 Cremonae,

299 1481 431 1558 totaque
453 1471 614 1537 militibus
636 1474 776 1560 pretium
798 1495 955 1540 concessa
977 1477 1137 1542 laborum·

298 1573 420 1659 praeda
443 1574 518 1638 fuit:
561 1573 706 1638 uiolenta
729 1596 844 1639 manus
867 1574 1026 1642 bacchata
1047 1600 1106 1664 per
1127 1603 1233 1666 agros.

298 1697 362 1739 non
381 1673 477 1739 flatus
500 1697 566 1739 non
589 1675 655 1739 tela
674 1676 763 1740 Iouis
786 1699 850 1741 non
873 1700 1026 1763 spumeus
1047 1684 1152 1747 amnis

296 1799 361 1841 non
379 1775 499 1840 imbres
522 1776 630 1863 rapidi
652 1786 807 1863 quantum
830 1800 947 1843 manus
968 1783 1069 1868 impia
1090 1792 1230 1850 uastant.

297 1878 432 1942 Mantua
454 1886 489 1941 tu
511 1877 684 1941 coniuncta
705 1877 776 1942 loco
794 1880 918 1943 sociata
937 1882 1087 1966 periclis:

298 1987 492 2044 nontamen
515 1979 556 2042 ob
579 1980 728 2042 meritum
751 1981 901 2044 miseram
923 1983 1047 2046 uicinia
1068 1984 1155 2048 fecit.

297 2084 361 2147 iam
382 2079 475 2144 Maro
495 2079 610 2165 pulsus
633 2089 717 2144 erat:
740 2081 799 2146 sed
820 2083 946 2147 uiribus
967 2083 1084 2148 obuius
1106 2084 1175 2149 ibat

298 2183 399 2248 fretus
422 2181 598 2245 amicorum
623 2180 745 2268 clipeo,
768 2204 841 2246 cum
865 2205 969 2270 paene
991 2185 1133 2250 nefando

296 2306 374 2348 ense
395 2284 490 2369 perit.
533 2282 612 2368 quid
635 2282 751 2347 dextra
775 2283 881 2347 furis?
910 2285 987 2371 quid
1007 2287 1135 2350 uiscera
1154 2287 1278 2352 Romae

297 2384 456 2468 sacrilego
479 2405 632 2447 mucrone
654 2386 763 2470 petis?
808 2393 864 2448 tua
885 2385 973 2450 bella
993 2385 1117 2451 tacebit

294 2487 468 2572 posteritas
489 2486 659 2572 ipsumque
681 2484 796 2549 ducem
818 2488 882 2551 nisi
908 2486 1044 2553 Mantua
1067 2486 1164 2571 dieat.

294 2610 358 2652 non
380 2587 456 2650 tulit
477 2584 561 2649 hanc
583 2584 709 2650 rabiem
733 2588 921 2655 doctissima
945 2587 1042 2651 turba
1062 2598 1240 2674 potentum.

294 2690 359 2752 itur
382 2685 423 2750 ad
446 2695 610 2752 auctorem
630 2708 752 2771 rerum,
775 2690 855 2775 quid
877 2690 1015 2754 Martius
1037 2689 1151 2755 horror

295 2790 414 2876 egerit,
437 2789 628 2869 ostendunt,
649 2790 703 2875 qni
722 2798 798 2853 tunc
819 2791 1006 2855 miseranda
1027 2793 1166 2856 tulisset,

296 2891 447 2957 Caesaris
470 2888 545 2954 huic
564 2888 693 2975 placido
715 2899 796 2955 nutu
818 2902 1008 2978 repetuntur
1027 2891 1136 2976 agelli.

296 2993 345 3057 his
367 3001 483 3055 auctus
505 2992 630 3054 meritis
652 3014 725 3055 cum
748 2992 850 3077 digna
871 2992 1050 3079 rependere
1071 2993 1188 3075 uellet,

266 3168 271 3173 .
294 3095 421 3158 inuenit
441 3114 588 3175 carmen,
609 3114 672 3178 quo
695 3115 830 3158 munera
850 3096 981 3159 uincere
1006 3104 1132 3182 posset:

295 3194 429 3282 praedia
450 3194 506 3258 dat
528 3193 668 3275 Caesar,
689 3218 823 3282 quorum
845 3196 954 3260 breuis
977 3219 1055 3259 usus
1078 3195 1237 3276 habendi,

296 3294 413 3361 obtulit
434 3295 487 3360 hic
508 3295 637 3378 laudes,
659 3319 740 3382 quas
760 3296 870 3361 secula
892 3296 982 3361 nulla
1003 3298 1169 3365 silescant.

294 3407 440 3485 pastores
462 3398 581 3460 cecinit
602 3399 739 3484 primos:
762 3398 823 3464 hcc
844 3401 988 3463 carmine
1010 3399 1123 3465 consul

294 3499 398 3565 Pollio
420 3498 572 3562 laudatur
593 3507 643 3562 ter
666 3521 700 3563 se
722 3500 952 3564 reuocantibus
972 3500 1066 3563 annis

294 3601 484 3687 composito.
517 3596 691 3685 posthaec
712 3602 797 3664 ruris
817 3609 992 3687 praecepta
1014 3599 1141 3666 colendi

208 3832 243 3885 de
255 3829 286 3884 L.
307 3827 393 3884 Varie
400 3845 432 3898 p.
444 3830 497 3883 28.-
513 3825 625 3883 Varius
640 3819 653 3906 ll
670 3834 682 3884 1
702 3831 732 3882 te
748 3829 867 3897 scripsi:
880 3833 911 3883 et
926 3819 939 3907 Η
954 3833 970 3885 2
984 3826 1050 3884 uiro
1067 3825 1220 3882 Heinsius:
1235 3823 1292 3883 fuit
1307 3821 1320 3907 ΙΙ
1335 3834 1352 3887 4

207 3912 340 3991 priorum
351 3914 412 3969 cod.
426 3910 501 3967 Scul.
515 3912 554 3983 cf.
579 3911 654 3982 Virp.
668 3927 766 3983 peorp.
778 3912 797 3967 I
806 3915 930 3983 stirp:
945 3911 1044 3986 ‘Ergo
1056 3911 1135 3967 inter
1147 3928 1215 3968 sese
1227 3909 1350 3987 paribus

181 3990 194 4004 '
209 4015 389 4054 concurrere
403 3994 473 4052 telis
493 3993 498 4074 l
515 3994 673 4053 Romanas
686 3993 768 4051 acies
781 3995 890 4052 iterum
905 3995 1010 4054 uidere
1021 3995 1184 4073 Philippi':
1199 3995 1293 4072 priori
1308 3999 1353 4053 sei

208 4100 327 4149 reorum
345 4082 483 4137 Heinsius
498 4079 614 4157 piorum
632 4081 821 4137 Burmannus
836 4072 849 4159 ΙΙ
867 4089 899 4142 13
913 4088 1035 4138 uastant
1050 4082 1199 4138 Heinsius:
1222 4088 1323 4137 uastat
1335 4075 1348 4157 ll

210 4172 240 4227 17
259 4167 299 4238 cs.
320 4167 452 4221 Donatus
467 4165 571 4237 praefi·
590 4183 689 4221 cunrnr.
711 4167 820 4222 bucol:
846 4163 921 4221 ‘sed
938 4163 1084 4241 Virgilius
1110 4164 1219 4223 merito
1243 4164 1350 4221 carmi·

208 4269 278 4306 num
291 4248 386 4307 fretus
403 4258 433 4305 st
448 4247 581 4306 amicitia
595 4247 784 4413 <pensandam
809 4249 978 4326 potentium
993 4248 1161 4307 centurioni
1177 4248 1266 4305 Arrio
1283 4266 1351 4303 cum

208 4331 356 4391 obsistere
373 4352 464 4391 ausus
483 4333 580 4391 esset’

638 4339 674 4394 23
689 4334 742 4410 qui
762 4332 867 4391 Tollius
883 4342 911 4391 ci
925 4336 1087 4391 Francius:
1103 4331 1177 4411 qnid
1196 4325 1210 4413 ll
1229 4339 1264 4391 24
1279 4329 1349 4387 huic

210 4421 315 4476 Tollius
329 4426 357 4475 ci
370 4421 531 4475 Francius:
546 4417 596 4475 hic
1241 4414 1253 4429 ‘
