3202 4998
711 422 816 463 carvr
841 423 852 462 1
1289 407 1352 470 399

213 572 328 632 Donati
343 573 517 633 testimonio
531 593 561 652 p.
578 582 621 645 63,
635 575 874 655 llsqqtscimns.
892 581 983 655 etque
994 582 1168 654 suspectum
1184 587 1231 639 est
1241 600 1352 643 nemen

213 674 302 746 Vari,
322 673 408 734 cuius
423 676 570 753 originem
585 677 712 754 stipsis
725 675 865 736 versibus
879 685 1050 755 repeteres
1064 677 1280 755 probabilitate
1290 703 1351 745 non

213 774 383 836 abhorrent.
415 778 475 836 iam
489 777 556 855 ipss
571 775 697 836 Servius
715 798 775 836 non
797 788 847 838 est
863 787 956 859 poeta
977 778 1065 838 nobis
1087 775 1275 854 incognitus,
1294 772 1351 833 sed

211 877 382 937 notissimus
399 877 518 955 Vergili
539 879 705 956 interpres,
727 899 743 938 e
766 881 850 939 cuius
871 879 1131 958 vite-Vergiliana
1149 878 1228 936 haec
1246 894 1350 935 mens·

210 977 326 1056 ranst).
373 979 428 1039 sed
452 979 577 1038 forsitan
608 981 726 1040 mireris
751 999 799 1039 me
824 990 886 1041 tem
916 981 1104 1041 confidenter
1133 978 1251 1051 dicere,
1280 977 1349 1037 Ser·

210 1079 291 1139 viam
307 1080 364 1171 hoc
380 1082 585 1142 testimenium
602 1081 633 1139 in
649 1084 715 1141 rita
729 1083 847 1160 Vergili
861 1084 1015 1163 posuisse,
1037 1102 1105 1142 oum
1123 1083 1156 1141 in
1177 1082 1242 1140 vita
1260 1080 1351 1140 Servi

111 1268 113 1272 Ι
209 1199 290 1260 quae
308 1191 440 1242 aetatem
455 1183 558 1242 tulerit
573 1184 694 1243 omnino
710 1205 771 1247 nan
786 1183 917 1262 legatur.
945 1193 977 1243 at
998 1186 1057 1243 ists
1075 1185 1141 1243 vita
1161 1182 1350 1262 grammatici

158 1323 163 1332 -
209 1301 319 1343 namen
337 1284 482 1344 ementita
498 1292 562 1358 est,
578 1285 717 1363 quamvis
732 1286 763 1344 in
777 1305 839 1345 non
858 1287 953 1346 nullis
970 1285 1124 1346 codicibus
1146 1287 1178 1344 in
1198 1283 1347 1363 principio

210 1385 416 1446 commentarii
431 1387 463 1446 ia
478 1385 648 1447 Aeneidem
662 1387 840 1465 reperiatur.
876 1386 914 1447 de
930 1407 1056 1467 quorum
1075 1396 1177 1447 aetate
1189 1407 1257 1447 cum
1274 1384 1352 1445 nihil

209 1485 318 1561 sciam,
340 1488 370 1546 in
392 1487 525 1566 antiquis
542 1486 632 1546 Servi
653 1486 740 1547 libris
762 1509 827 1548 eam
849 1509 911 1548 non
927 1498 1034 1549 estere
1055 1490 1092 1551 G.
1107 1489 1200 1548 'Phile
1218 1487 1369 1568 epistolio

208 1587 249 1646 ad
264 1608 312 1647 me
328 1587 400 1647 data
417 1597 545 1649 testatas
557 1597 610 1648 est
644 1588 748 1649 insunt
762 1608 837 1650 vero
854 1601 962 1670 aperta
975 1591 1116 1650 noviciae
1133 1590 1258 1667 originis
1272 1587 1349 1649 indi·

209 1689 271 1763 eis,
298 1710 424 1771 quomrn
446 1706 539 1750 unum
552 1692 606 1751 sic
627 1691 818 1770 significasse
840 1691 986 1765 sufflant,
1007 1700 1042 1751 nt
1061 1691 1148 1752 locus
1163 1692 1251 1751 huius
1266 1691 1350 1750 vitae

208 1810 275 1849 cum
292 1793 408 1852 Donati
424 1792 685 1871 locosimpliciter
698 1802 904 1873 conponaturr

380 1951 596 2002 Pseudoservins
776 1955 780 2047 Ι
901 1953 1026 2002 Donatus
1039 1967 1065 2017 p.
1079 1948 1125 2013 62,
1141 1950 1235 2016 lllsqq.

276 2053 357 2101 Periit
380 2059 461 2102 erstem
484 2052 590 2102 Tarenti
611 2055 636 2102 in
655 2052 779 2116 Apuliaei
859 2032 1349 2117 DumMeporanieinnmldthenislop·

207 2140 317 2187 ciuitate.
349 2153 404 2185 nam
427 2138 483 2186 elicta
503 2138 675 2201 Metapontum
696 2141 765 2201 eupit
789 2140 875 2202 pidum
905 2138 1092 2198 feruentissimo
1124 2140 1178 2187 cole
1210 2141 1348 2201 eopaoscit,

207 2224 480 2280 uider·e,ualetudinem
493 2222 765 2272 exsolisordoreeon-
790 2226 935 2286 largitorem
958 2226 1048 2269 nactae
1064 2226 1103 2269 est
1126 2236 1227 2286 cumque
1245 2238 1296 2272 non
1313 2226 1350 2272 in-

206 2311 300 2356 trasse.
674 2306 676 2313 ’
776 2300 1182 2369 Ιτενιιιὶοεαηαιιῐραιεοηεαιωῖε,
1202 2309 1348 2371 πανέρη-

791 2393 848 2440 utor
865 2393 994 2455 coquente
1015 2389 1180 2443 sanderum
1196 2394 1348 2457 appelleret,

789 2475 832 2527 udi
842 2474 930 2526 diebos
939 2476 1030 2541 pauco
1041 2474 1112 2525 obiit.

207 2638 365 2716 scripsisse
391 2620 678 2715 quidem'servium
704 2637 798 2695 vitam
827 2645 939 2716 poetae
969 2644 1000 2695 et
1027 2637 1258 2697 commentarius
1283 2641 1348 2701 eius

207 2738 298 2798 fidem
320 2738 396 2798 facit
418 2747 448 2797 et
469 2738 614 2817 probatur
638 2739 705 2817 ipss
726 2738 780 2798 illa
803 2738 1053 2829 interpolatione,
1076 2758 1166 2820 quarn
1189 2740 1347 2820 proting-

206 2849 309 2901 mento
336 2841 402 2901 sins
427 2840 509 2926 vitae
537 2841 602 2899 inre
625 2840 739 2899 hebere
760 2839 878 2901 videor.
917 2842 1002 2900 cuins
1025 2841 1109 2899 vitoe
1133 2839 1279 2902 iacturam
1297 2842 1347 2904 ‘fs-

207 2942 266 3003 cile
290 2960 451 3022 possumus
475 2941 618 3014 tolerare,
651 2962 718 3000 cum
741 2943 893 3023 antiquior
917 2942 1025 3002 Servio
1045 2941 1244 3020 Vergilianas
1265 2947 1348 3007 vitae

206 3045 351 3104 memoria
372 3041 411 3102 ed
434 3064 488 3103 nos
511 3046 701 3123 pervenerit,
727 3063 806 3124 quae
829 3044 1007 3123 plenissima
1029 3045 1068 3103 sit
1090 3064 1265 3126 summaque
1287 3047 1348 3109 fide
1403 3116 1405 3120 ,

207 3144 311 3224 digna.
342 3145 457 3205 Donati
477 3165 525 3206 me
548 3146 643 3205 vitam
666 3144 768 3205 dicere
790 3147 948 3211 neminem,
966 3146 1080 3224 fugiet3
1109 3145 1164 3204 sed
1185 3147 1263 3206 haec
1282 3150 1348 3209 sins

207 3246 315 3307 leudes
338 3266 528 3327 summopere
550 3246 707 3306 offendent
730 3266 782 3306 ees
807 3248 860 3325 qui
885 3247 1091 3318 meminerint,
1118 3247 1231 3306 oriris
1252 3246 1348 3310 doctis

206 3368 327 3427 semper
343 3348 382 3406 de
397 3348 578 3409 futilissimis
596 3350 626 3407 in
645 3344 704 3407 hac
719 3350 783 3407 rita
799 3349 976 3407 commentis
994 3346 1151 3406 clamitari.
1175 3347 1230 3409 sed
1248 3351 1349 3409 omnis

206 3449 380 3511 huiusmodi
395 3449 505 3508 absunt
528 3468 638 3509 avers
659 3449 773 3508 Donati
792 3450 871 3522 rita,
892 3468 973 3528 quae
995 3446 1117 3528 quidem
1140 3446 1178 3508 de
1194 3450 1348 3510 hominum

206 3552 353 3612 memoria
374 3549 527 3609 excidisse
552 3549 683 3610 videtur.
729 3552 814 3609 cuias
836 3550 936 3609 locum
958 3549 1030 3608 inde
1058 3550 1211 3608 arcuatis
1236 3549 1347 3612 litteris

180 3648 182 3651 ’
207 3653 369 3733 occupavit
402 3652 484 3711 vitee
516 3650 705 3731 exemplam,
738 3649 818 3731 qnod
844 3660 878 3711 nt
910 3650 995 3710 nulla
1031 3650 1144 3710 codicis
1168 3652 1347 3712 anctoritate

205 3755 312 3814 nititur
328 3754 370 3813 ita
385 3750 585 3833 putidissimis
608 3752 894 3833 interpolationibus
913 3753 1032 3839 insigne
1048 3760 1108 3827 est,
1135 3772 1262 3833 quarum
1281 3754 1346 3832 ple·

206 3875 333 3936 rumque
349 3852 458 3914 fundus*
474 3853 551 3943 adeo
566 3862 635 3912 sunt
652 3852 777 3914 fabulae
797 3853 835 3914 de
851 3852 988 3931 Vergilio
1011 3873 1099 3932 mago
1122 3854 1224 3913 medin
1244 3863 1347 3915 aetate

207 3956 390 4017 decantatae
402 3955 457 4016 sed
471 3957 513 4015 ita
526 3954 598 4014 illae
614 3955 797 4031 inmutatas,
813 3963 845 4015 ut
861 3956 994 4015 suenum
1010 3954 1197 4034 antiquitatis
1212 3957 1347 4034 speciem

206 4058 316 4119 ferent.
354 4078 458 4118 veram
480 4066 580 4117 autem
604 4056 698 4116 vitam
719 4057 880 4136 primnme
901 4056 1013 4115 codicis
1034 4057 1080 4116 sui
1097 4055 1192 4135 (nanc
1209 4056 1345 4125 Beruen-

207 4160 248 4219 sis
265 4158 328 4238 172)
347 4157 407 4220 fide
424 4157 546 4219 dedisse
562 4159 596 4221 P.
614 4157 753 4218 Danielis
768 4158 907 4216 meritum
925 4165 989 4229 est,
1005 4158 1096 4235 culpa
1111 4178 1183 4218 vero
1197 4159 1345 4238 posterio-

207 4294 403 4304 ...—

274 4357 301 4425 *)
320 4362 400 4411 Haec
413 4360 589 4426 scripseram,
604 4359 832 4411 cum0.1nhnlss
845 4373 951 4409 mecum
964 4358 1150 4409 communiant
1160 4361 1347 4410 coniecturam

164 4486 165 4489 ,
208 4442 354 4496 admodum
365 4445 534 4510 speciosam,
547 4444 713 4497 delitescere
726 4445 755 4495 in
771 4445 856 4495 Vara
868 4442 947 4494 Serri
958 4457 1111 4508 cognomen
1124 4444 1239 4494 Maera.

697 4589 790 4663 „simle

698 4761 797 4832 &mgb
