3218 5000
462 336 697 381 srernnuaura
720 338 810 381 ursas
832 338 876 380 oa
899 340 986 381 anno
1005 340 1209 384 nouanoarn
1347 320 1405 385 183

264 489 420 555 adpellatus
439 494 482 539 est
500 504 529 538 se
541 489 594 539 VII
612 494 641 538 et
657 489 694 539 M.
713 488 849 554 Vipsanis
861 490 985 555 Agrippa
1002 490 1045 539 III
1058 490 1135 543 Coss.
1153 491 1179 541 9.
1197 493 1247 543 sed
1264 493 1406 558 Aegyptii,

264 556 334 622 quod
353 558 465 606 biennio
485 562 550 606 aute
569 557 597 605 ln
615 563 783 621 potestatem
797 557 988 622 dicionemque
1007 558 1101 623 populi
1121 559 1237 610 Romani
1260 567 1405 623 uenerunt,

263 626 335 676 bunc
354 627 536 690 Augustorum
560 640 660 674 annum
683 626 920 675 decantausimum
943 627 1163 689 sexagensimum
1188 630 1333 693 septimum
1357 645 1405 678 nu-

263 698 380 743 merant.
417 708 481 742 uam
498 697 530 742 ut
549 708 565 741 a
584 694 685 742 nostris
703 694 744 741 ita
763 691 798 741 ab
816 693 962 758 Aegyptiis
975 694 1085 758 qnidam
1104 697 1170 744 anni
1188 697 1216 744 in
1236 696 1346 746 litteras
1364 713 1405 747 ro-

262 761 314 810 lati
333 768 410 821 suut,
434 764 466 809 ut
489 774 555 825 quos
573 760 781 809 Nabonnazarii
799 762 955 823 nominant,
981 762 1051 826 qnod
1079 778 1096 811 a
1115 764 1201 828 primo
1219 765 1329 829 imperii
1347 765 1406 815 eius

263 845 335 879 anno
355 834 532 892 consurgunt,
553 844 665 892 quorum
683 827 728 878 hic
746 829 990 893 nongentsusimus
1009 832 1213 893 octogensimus
1236 838 1330 881 sextus
1349 837 1405 893 est3

262 898 328 946 itam
347 896 478 961 Philippi,
499 897 546 960 qui
564 896 599 945 ab
620 910 734 945 excessu
752 895 902 945 Alexandri
919 897 1016 961 Magni
1039 903 1216 947 numerantur
1234 904 1262 948 et
1281 899 1405 950 adhunc

261 979 347 1028 usquo
361 965 487 1029 perducti
501 978 588 1013 annos
600 964 706 1012 DLXII
719 969 917 1013 consummant.
950 964 989 1014 10.
1003 965 1051 1015 sed
1064 966 1158 1014 hortun
1172 967 1254 1016 initia
1267 982 1405 1030 sempera

263 1033 350 1097 primo
368 1032 413 1081 die
431 1032 534 1080 mensis
554 1033 614 1080 eius
631 1038 774 1080 sumuntur
793 1033 837 1081 cui
856 1032 928 1096 apud
941 1033 1094 1098 Aegyptios
1113 1050 1211 1083 nomen
1232 1040 1273 1084 est
1285 1035 1404 1098 'l'hoyth,

263 1102 363 1164 quique
381 1099 432 1148 hoc
452 1112 523 1148 auno
543 1099 680 1148 irritante
705 1099 777 1147 diem
796 1099 849 1148 vll
867 1101 930 1148 Kal.
950 1100 1012 1149 Iul..
1033 1116 1094 1150 enm
1110 1101 1210 1151 abhinc
1233 1118 1319 1151 annos
1340 1118 1402 1151 ceu·

262 1165 319 1216 irim
337 1168 503 1231 imperatore
520 1167 659 1216 Antonino
672 1167 722 1216 Pio
736 1166 762 1216 II
781 1172 810 1215 et
821 1168 930 1217 Bruttio
949 1169 1100 1219 Praesente
1114 1169 1217 1220 Romae
1236 1170 1312 1220 Cosa.
1332 1171 1405 1219 idem

262 1236 322 1285 dies
340 1235 426 1283 fuerit
445 1238 510 1283 ante
529 1234 603 1283 diem
620 1234 686 1282 XIII
710 1233 773 1283 Xal.
793 1235 878 1299 Aug.‚
904 1250 956 1299 quo
979 1242 1102 1301 tempore
1127 1237 1200 1287 solet
1223 1237 1353 1287 canicula
1376 1239 1405 1286 iu

261 1304 388 1367 ,Aegypto
405 1303 502 1351 Iacere
521 1305 652 1351 exorimur
677 1301 717 1351 11.
737 1315 822 1366 quare
841 1303 913 1353 scire
932 1304 1018 1353 etiam
1036 1303 1104 1353 lieet
1123 1306 1189 1354 anni
1207 1305 1282 1354 illins
1301 1306 1404 1369 magni,

262 1371 309 1435 qui
332 1376 363 1419 ut
385 1384 469 1434 supra
492 1368 596 1418 dictum
620 1374 663 1418 est
686 1368 786 1419 solaris
810 1375 838 1419 et
861 1371 1031 1421 canicularis
1055 1377 1084 1422 et
1107 1373 1152 1421 dei
1175 1386 1262 1422 annus
1279 1379 1405 1435 uocatur,

261 1450 333 1487 nune
352 1438 399 1501 agi
416 1441 571 1486 uertentem
585 1451 685 1487 aunum
699 1438 908 1487 centensimum.
929 1439 969 1488 12.
983 1440 1065 1489 initia
1084 1446 1175 1492 autern
1195 1442 1307 1490 istorum
1321 1456 1404 1490 anno-

261 1520 319 1555 rum
337 1510 485 1569 propterea
503 1505 608 1565 notaui,
629 1520 664 1555 ue
683 1506 743 1569 quis
763 1520 809 1554 eos
829 1512 876 1554 aut
896 1522 929 1555 er
947 1507 1010 1556 Kal.
1025 1508 1085 1557 Iau.
1106 1514 1154 1557 out
1173 1525 1206 1557 ex
1225 1508 1319 1573 aliquo
1336 1512 1404 1558 tem—

262 1589 327 1637 pore
346 1572 425 1621 simul
445 1576 557 1638 putaret
574 1572 712 1636 incipere,
734 1587 794 1621 cum
812 1573 857 1623 bie
877 1574 1049 1624 conditorum
1067 1574 1225 1625 uoluntates
1243 1592 1298 1625 nou
1315 1577 1405 1625 minus

261 1640 388 1697 diuersae
401 1641 457 1689 sint
470 1655 549 1705 quam
563 1641 707 1704 opiniones
720 1638 950 1705 phiIosopborum.
985 1641 1023 1691 13.
1036 1641 1141 1692 idcirco
1155 1643 1219 1693 aliis
1233 1659 1249 1692 a
1262 1659 1333 1693 nouo
1346 1643 1404 1692 sole

260 1708 288 1757 id
307 1714 350 1757 est
368 1724 385 1756 a
403 1708 507 1766 bruma,
528 1706 592 1757 aliis
605 1709 640 1757 ab
654 1709 763 1757 aestiuo
773 1708 901 1768 solstitio,
934 1709 1055 1774 lorisque
1066 1710 1101 1759 ab
1121 1712 1297 1775 aequinoctio
1309 1724 1403 1773 uerno,

260 1776 359 1841 partim
379 1776 415 1824 ab
434 1775 587 1825 autumnali
600 1777 790 1839 aequinoctio,
811 1726 973 1839 quibusdam
992 1777 1028 1826 ab
1046 1782 1107 1826 ortu
1124 1778 1317 1843 uerglliarum,
1336 1792 1403 1828 non·

261 1843 344 1892 nullis
363 1843 397 1892 ab
417 1858 510 1891 earum
529 1858 638 1899 occasu,
658 1842 750 1892 multis
770 1858 787 1891 a
806 1845 884 1893 canis
904 1850 1000 1894 exortu
1017 1845 1141 1909 incipere
1161 1860 1249 1894 annus
1267 1845 1404 1895 naturalis

260 1910 377 1960 uidetur.
398 1910 485 1960 XXII.
505 1910 630 1959 Mensam
649 1926 753 1974 genera
771 1911 838 1959 duo:
857 1927 920 1960 nam
940 1912 1063 1961 allinunt
1075 1913 1217 1962 naturales
1233 1913 1282 1962 alii
1295 1914 1402 1962 ciuiles.

259 1979 284 2031 2.
298 1978 467 2027 naturalium
480 1978 589 2043 species
606 1978 685 2038 duae,
707 1978 776 2042 quod
789 1980 891 2093 qartim
904 1978 970 2029 solis
982 1980 1082 2043 partim
1095 1980 1178 2029 lunae
1192 1995 1253 2029 esse
1266 1979 1403 2033 dicuntur.

260 2045 410 2095 secundnm
428 2045 515 2095 solem
526 2044 558 2095 fit
570 2046 672 2095 mensis
686 2045 749 2094 dum
762 2061 791 2094 so
815 2046 1023 2111 unumquodque
1043 2048 1070 2096 iu
1083 2048 1197 2097 zodiaco
1216 2047 1281 2097 orbe
1294 2049 1403 2111 signum

260 2113 409 2178 percurrit,
434 2114 539 2162 lunaris
563 2120 606 2163 est
629 2118 722 2162 autem
744 2116 877 2178 temporis
900 2114 1035 2178 quoddam
1058 2116 1178 2179 spatium
1203 2130 1219 2163 a
1236 2129 1309 2163 noua
1327 2115 1402 2164 luna.

260 2181 285 2232 3.
299 2180 396 2230 ciuiles
409 2194 517 2230 meuses
529 2187 593 2230 sunt
605 2183 710 2230 numeri
724 2181 834 2244 quidam
847 2181 951 2231 dicrum
966 2196 1033 2245 quos
1045 2196 1226 2246 unaquaeque
1239 2182 1341 2232 ciuitas
1354 2197 1403 2230 sno

260 2250 386 2298 Instituto
405 2250 549 2309 obseruat,
569 2256 600 2297 ut
617 2263 690 2297 nunc
708 2248 824 2297 Romani
843 2265 861 2297 a
880 2248 1014 2298 Kalendis
1033 2250 1061 2298 iu
1080 2249 1230 2298 Kalendas.
1261 2249 1402 2299 naturales

261 2328 290 2365 et
308 2317 478 2380 antiquiores
497 2321 525 2365 et
543 2316 662 2365 omnium
681 2316 805 2379 gentium
824 2330 979 2365 communes
998 2321 1075 2377 suut,
1101 2316 1200 2367 ciuiles
1220 2322 1248 2366 et
1266 2317 1402 2381 posterius

259 2385 382 2433 instituti
401 2391 430 2433 et
448 2384 482 2432 ad
501 2399 720 2447 unamquamque
737 2384 878 2448 pertinent
897 2384 1049 2433 eiuItatem.
1076 2384 1100 2432 4.
1119 2386 1166 2448 qui
1184 2389 1247 2433 sunt
1265 2383 1403 2434 caelestes

260 2453 319 2500 siue
337 2451 403 2500 solis
422 2466 471 2500 seu
489 2451 571 2500 lunae
590 2467 678 2515 neque
697 2465 835 2515 peraeque
852 2452 926 2500 inter
943 2466 972 2500 se
986 2467 1068 2516 pares
1080 2457 1143 2500 srrut
1155 2467 1207 2501 uec
1225 2451 1285 2500 dios
1298 2451 1403 2501 habent

259 2524 341 2568 totos.
378 2519 478 2583 quippe
497 2518 536 2567 sol
556 2520 584 2567 in
603 2519 718 2582 aquario
736 2523 857 2567 moratur
875 2519 988 2568 circiter
1006 2519 1195 2583 undetrIginta
1208 2520 1236 2568 in
1253 2520 1330 2583 pisce
1344 2519 1402 2568 fere

259 2588 377 2652 triginta
395 2587 423 2635 in
442 2586 531 2635 ariete
549 2601 633 2635 unum
660 2591 687 2635 ot
712 2588 828 2651 triginta
852 2586 879 2635 in
903 2588 1020 2651 geminis
1044 2602 1129 2651 prope
1154 2587 1270 2651 triginta
1288 2592 1316 2636 ct
1335 2586 1402 2637 duos

261 2660 288 2704 et
306 2655 347 2703 sic
366 2656 394 2702 in
414 2654 516 2703 ceteris
535 2653 766 2716 inaequalriIiter‚
791 2654 841 2703 sed
863 2667 949 2718 usque
972 2654 1041 2703 adeo
1059 2670 1112 2703 non
1131 2659 1204 2704 totos
1223 2654 1283 2703 dles
1301 2656 1330 2702 in
1348 2654 1402 2703 sin·

260 2720 339 2786 gulis,
359 2728 503 2771 utunnum
521 2735 598 2769 suum
618 2721 645 2769 id
665 2726 708 2769 est
724 2721 785 2769 dics
803 2727 944 2771 trecentos
962 2723 1110 2786 sexaginta
1128 2723 1247 2786 quinque
1262 2728 1289 2771 et
1300 2723 1402 2786 portio·

259 2804 321 2838 nem
339 2789 534 2852 nescioquam
558 2788 647 2838 adhue
667 2788 815 2851 astrologis
840 2789 1041 2854 inexploratum
1066 2790 1094 2838 iu
1113 2789 1257 2839 duodecim
1282 2802 1345 2839 suos
1362 2789 1402 2837 di-

257 2857 336 2906 uidat
349 2871 465 2905 menses.
496 2856 520 2905 n.
534 2854 601 2905 luna
620 2861 710 2905 autern
729 2855 853 2920 singulos
871 2872 934 2905 suos
952 2870 1061 2906 menses
1074 2857 1186 2907 coniicit
1203 2856 1301 2906 diebus
1317 2857 1402 2906 unde·

259 2925 375 2990 triginta
393 2924 506 2973 circiter
525 2929 553 2972 et
570 2923 725 2984 dimidiato,
745 2924 793 2973 sed
808 2928 837 2973 el
849 2924 898 2973 bos
911 2926 985 2973 inter
997 2940 1027 2973 se
1040 2925 1166 2989 dispares
1180 2923 1251 2973 alias
1264 2925 1403 2989 longiores

259 2988 331 3041 ilius
349 2992 498 3041 breuiores.
537 2995 566 3039 at
591 2992 747 3040 ciuitatium
771 3006 879 3040 meuses
903 2991 949 3043 uel
971 2993 1060 3056 magis
1079 3008 1190 3041 numero
1209 2992 1312 3041 dierum
1332 2993 1404 3040 inter

259 3076 288 3108 se
301 3060 469 3123 discrepant,
484 3058 533 3107 sed
546 3058 606 3107 dies
618 3060 718 3123 ubique
736 3059 841 3108 habeut
853 3063 934 3108 totos.
970 3058 994 3109 a.
1011 3059 1082 3125 apud
1096 3059 1217 3109 Albanos
1230 3059 1347 3108 Martius
1360 3062 1404 3108 est

169 3127 175 3137 '
259 3142 307 3176 sex
325 3134 354 3176 et
371 3127 489 3187 triginta
506 3126 597 3175 Maius
614 3127 717 3190 uiginti
741 3133 769 3175 et
792 3126 873 3175 duum
891 3126 1005 3176 Sextilis
1029 3127 1221 3189 duodeuiginti
1239 3126 1403 3190 September

258 3194 394 3244 sedecim:
413 3192 632 3243 'Faesulanorum
650 3194 783 3255 Quintilis
807 3194 866 3242 dies
889 3193 975 3243 babet
998 3195 1113 3243 XXXVI
1139 3193 1262 3244 October
1285 3193 1400 3252 XXXII,

258 3262 329 3311 idern
349 3262 472 3311 October
490 3261 562 3326 apud
581 3261 707 3311 Aricinos
724 3261 893 3310 XXXVIIII.
919 3262 942 3310 7.
956 3262 1067 3311 mInlme
1086 3261 1214 3310 uidentur
1232 3272 1338 3309 errasse
1357 3260 1403 3323 qni

259 3330 293 3379 ad
312 3329 397 3378 lunae
414 3344 521 3378 cursum
534 3343 642 3377 meuses
660 3329 755 3378 ciuiles
775 3329 1016 3379 accommodarunt
1033 3333 1064 3377 ut
1082 3329 1109 3376 in
1128 3328 1250 3377 Graecia
1268 3326 1402 3390 plerique,
1428 3345 1433 3353 ·
1455 3340 1466 3359 ·

258 3398 330 3461 apud
344 3412 410 3460 qnos
423 3397 524 3446 alterni
536 3411 644 3447 menses
658 3397 692 3445 ad
710 3398 829 3447 tricenos
847 3396 906 3445 dies
925 3402 987 3446 sum
1007 3397 1083 3445 lacti.
1119 3394 1144 3445 8.
1157 3395 1276 3444 maiores
1295 3408 1401 3457 quoqne

189 3504 197 3515 .
258 3466 345 3514 nostri
363 3465 435 3513 idem
455 3471 519 3514 sunt
536 3463 681 3521 aemulati,
707 3480 768 3513 cum
792 3479 891 3513 aunrrm
910 3464 1014 3513 dierum
1033 3462 1152 3512 OCCLV
1170 3462 1315 3511 baberent.
1352 3460 1400 3510 sed

258 3532 337 3581 diuus
356 3531 441 3580 Iulius
460 3546 520 3581 cum
538 3530 645 3580 uideret
662 3532 716 3581 hac
735 3532 842 3580 ratione
860 3546 950 3595 neque
975 3532 1008 3581 ad
1032 3530 1123 3579 lunam
1150 3542 1259 3578 menses
1277 3532 1308 3577 ut
1324 3543 1401 3592 opor·

258 3600 338 3649 tebet
355 3614 444 3663 neque
463 3613 564 3648 annum
583 3599 618 3648 ad
636 3598 723 3649 solem
742 3599 889 3648 conuenire
907 3599 1006 3648 maluit
1023 3612 1122 3647 anuum
1142 3596 1294 3660 corrigere,
1313 3600 1344 3645 ut
1361 3595 1402 3645 sic

259 3668 342 3716 etIam
366 3682 474 3716 menses
497 3665 595 3716 ciuiles
620 3682 681 3716 eum
704 3667 778 3716 ueris
802 3667 857 3717 illis
881 3666 1017 3716 solaribus
1041 3665 1094 3715 etsi
1116 3680 1171 3714 nou
1189 3663 1291 3728 singuli
1309 3669 1403 3713 tamen

256 3734 379 3784 uniuersi
398 3735 432 3783 ad
452 3733 617 3783 annifinem
635 3734 793 3785 necessario
805 3740 1009 3784 concurrerent.
1040 3733 1065 3782 a.
1078 3733 1195 3781 Nomina
1214 3732 1309 3781 decem
1327 3746 1402 3780 meu-

257 3801 333 3851 sibus
353 3802 473 3866 antiquis
492 3798 636 3851 Romulum
655 3802 756 3852 iecisse
774 3801 889 3851 Fuluius
908 3806 937 3851 et
949 3802 1044 3850 Iunius
1057 3806 1185 3851 auctores
1203 3806 1274 3848 sunt.
1304 3804 1332 3848 et
1345 3797 1402 3862 qui·

257 3870 318 3919 dem
337 3870 405 3918 duos
424 3870 526 3934 primos
544 3884 561 3918 a
580 3871 741 3935 parentibus
760 3871 1005 3929 mianominecse,
1030 3868 1158 3917 Martium
1179 3882 1195 3915 a
1213 3867 1303 3916 Marte
1322 3871 1426 3930 patra

257 3936 379 4002 Aprilem
398 3937 434 3986 ab
453 3936 602 4001 Aphrodite
621 3938 648 3986 id
668 3944 711 3987 est
728 3938 853 3997 Venere,
878 3937 950 3986 uude
974 3937 1093 3985 maiores
1117 3936 1175 3985 eius
1198 3933 1305 3983 oriundi
1327 3933 1401 3982 dico-

257 4005 365 4055 bantur.
391 4005 527 4068 proximos
545 4005 613 4054 duos
633 4020 650 4054 a
668 4004 776 4070 populo,
790 4005 894 4055 Maium
913 4020 930 4053 a
948 4003 1098 4053 maioribus
1115 4006 1183 4051 natu
1201 4002 1307 4051 Iunium
1326 4015 1343 4049 a
1360 4000 1400 4048 ln·

257 4073 387 4122 nioribus.
425 4078 533 4121 ceteros
551 4073 586 4121 ab
604 4072 699 4122 ordine
719 4087 770 4135 quo
789 4071 891 4135 singuli
910 4072 998 4131 erant,
1019 4069 1169 4131 Quintilem
1184 4069 1399 4132 usquaDecem-

256 4139 334 4189 brem
346 4138 459 4203 perinde
474 4154 622 4189 enumero.
649 4139 688 4188 10.
702 4140 789 4188 Varro
804 4143 896 4188 autem
906 4139 1043 4188 Romanos
1056 4137 1191 4187 aLatinis
1204 4135 1314 4185 nomina
1326 4148 1401 4182 men-

257 4222 315 4256 sum
334 4207 476 4271 accepisse
496 4204 646 4257 arbitratus
664 4212 791 4255 auctores
809 4220 901 4255 eorum
920 4204 1088 4270 antiquiores
1106 4219 1185 4268 quam
1204 4203 1297 4252 urbem
1316 4201 1400 4250 luisse

257 4274 326 4323 satis
339 4278 436 4339 argute
446 4274 536 4324 docet.
553 4273 591 4323 ll.
606 4275 699 4337 itaque
708 4272 838 4322 Martium
851 4286 973 4321 mensem
983 4288 1000 4321 a
1012 4272 1101 4320 Marte
1112 4271 1220 4335 quidem
1231 4268 1401 4318 nominatum

258 4342 355 4403 credit,
369 4356 423 4391 uon
437 4341 501 4406 quia
510 4342 619 4392 Romuli
632 4339 715 4392 fuerit
727 4345 808 4406 pater
818 4340 868 4390 sed
880 4340 952 4405 quod
963 4354 1032 4405 gens
1044 4338 1147 4389 Latius
1160 4335 1303 4387 bellicosa.
1322 4336 1400 4401 Apri·
