3200 4992
241 385 282 447 90
626 411 668 451 ne
690 410 775 452 vuue
798 412 1010 456 suavsnaruvs

241 554 297 644 qui
315 563 429 642 postea
445 554 574 622 Nerone
592 566 750 644 regnante
772 579 815 623 ex
836 559 901 624 cibi
918 559 1136 643 redundantia
1158 562 1192 627 in
1211 583 1292 627 cena
1311 583 1376 626 mo·

205 706 215 726 ,
239 657 331 724 ritur.
1303 728 1316 758 0

241 854 376 900 commota
393 851 526 917 principis
545 850 636 913 domo,
659 855 690 902 nt
701 852 799 909 -series
822 848 907 902 futuri
924 853 953 903 in
972 853 1151 921 Agrippinam
1175 844 1257 905 exitii
1271 855 1375 919 incipe·

239 924 293 983 ret,
314 918 432 969 Claudia
453 919 573 971 Pulchra
596 921 709 971 sobrina
733 922 791 971 eius
814 920 968 985 postulatur
992 930 1141 973 accusante
1160 922 1282 972 Domitio
1301 922 1375 972 Afro.
1424 972 1426 977 ,

239 987 262 1036 is
286 1002 383 1037 recens
406 994 550 1052 praetura,
573 989 697 1039 modicus
720 986 889 1054 dignationis
916 994 945 1039 et
967 1004 1074 1055 quoquo
1097 991 1376 1055 iecinoreproperus

240 1055 409 1116 clarescere,
429 1057 533 1106 crimen
550 1057 747 1122 inpudicitiae,
767 1057 919 1108 adulterum
937 1057 1082 1121 Furnium,
1102 1058 1239 1108 ueneficia
1257 1060 1285 1108 in
1302 1060 1375 1123 priu-

240 1124 329 1187 cipem
342 1130 371 1173 et
388 1123 550 1175 deuotiones
563 1125 725 1176 obieetabnt
739 1161 914 1175 .........
931 1124 1051 1176 Pulchra
1070 1132 1097 1175 et
1108 1127 1226 1176 Furnius
1244 1125 1376 1175 damnari·

239 1198 290 1242 tur.
321 1192 389 1241 Afer
405 1193 569 1258 primoribus
587 1199 725 1243 oratorum
745 1193 853 1243 additus
871 1193 1014 1258 diuulgato
1033 1195 1145 1259 ingenio
1164 1200 1192 1244 et
1213 1199 1310 1244 secuta
1329 1194 1375 1243 ad·

238 1262 414 1311 seueratione
433 1260 576 1341 Caesaris,
602 1276 655 1327 qua
674 1277 722 1311 suo
741 1262 799 1311 iure
819 1260 949 1311 disertum
968 1278 1029 1311 enm
1052 1263 1213 1327 appellauit.
1250 1279 1311 1312 mox
1328 1278 1375 1312 ca-

238 1324 382 1394 pessendis
401 1330 625 1379 accusationibus
644 1335 692 1379 aut
710 1345 771 1379 reos
790 1329 905 1379 tutando
923 1330 1095 1395 prosperiore
1119 1330 1276 1395 eloquentia
1295 1346 1376 1395 quarn

238 1412 342 1447 morum
365 1397 440 1447 fama
462 1397 530 1460 fuit,
560 1398 615 1447 nisi
637 1397 708 1462 quod
731 1402 811 1447 aetus
836 1403 958 1447 extrema
981 1397 1094 1448 multum
1113 1398 1199 1449 etiarn
1216 1398 1375 1463 eloquentia

237 1465 369 1529 dempsit,
398 1465 461 1515 dum
489 1465 564 1516 fossa
590 1471 682 1516 mente
705 1466 808 1515 retinet
835 1466 939 1515 silentii
966 1465 1183 1531 inpatientiam)
1219 1464 1265 1516 oo:
1303 1464 1374 1517 ‘cor-

237 1534 414 1598 ripueratque
431 1533 534 1583 Varum
552 1512 729 1597 Quintilium,
749 1533 863 1583 diuitem
885 1539 914 1584 et
932 1532 1047 1583 Caesari
1068 1515 1262 1601 propinquudr,
1281 1534 1374 1583 Domi-

145 1592 152 1609 '
236 1602 291 1651 tius
314 1601 397 1664 Afer,
422 1599 556 1652 Claudiae
579 1601 716 1652 Pulchrae
740 1604 836 1651 matris
855 1602 912 1651 eius
932 1602 1141 1662 condemnator,
1165 1602 1239 1652 nullo
1256 1603 1374 1651 mirante

237 1670 308 1734 quod
325 1669 371 1718 din
390 1685 475 1735 egens
493 1674 521 1719 et
533 1675 612 1735 parto
625 1686 712 1736 nuper
724 1670 846 1736 praemio
859 1669 931 1719 male
943 1685 1008 1720 usne
1021 1670 1100 1736 plura
1113 1671 1149 1720 ad
1161 1670 1268 1736 flagitia
1281 1670 1373 1725 accin-

237 1736 367 1803 geretur!
382 1736 555 1788 CassiusDio
567 1722 609 1801 89,
624 1737 861 1804 Illam—'Iuenna
874 1738 940 1787 dial.
957 1736 1001 1788 13:
1015 1738 1058 1788 ‘ue
1071 1740 1173 1789 nostris
1186 1737 1293 1804 quidem
1307 1744 1373 1787 tem-

235 1806 347 1871 poribus
364 1804 506 1855 Secundus
523 1806 689 1871 Pomponius
705 1805 772 1856 Afro
790 1806 913 1855 Domitio
935 1805 981 1856 uel
999 1807 1137 1871 dignitate
1155 1807 1230 1855 uitae
1247 1805 1291 1854 uel
1313 1821 1374 1870 per-

235 1874 372 1939 petuitate
395 1874 488 1924 famae
512 1872 651 1925 cesserit)
690 1873 733 1923 15:
770 1877 863 1938 ‘quam
885 1874 954 1924 Afer
977 1881 1005 1924 et
1022 1875 1171 1926 Africanus
1190 1877 1237 1925 aut
1253 1889 1304 1924 uos
1321 1874 1375 1939 ipsi

236 1956 253 1991 a
272 1941 406 1991 Cicerone
426 1948 474 1992 aut
491 1943 587 1993 Asinio
604 1940 781 1992 recessIstis’.
812 1942 1000 2004 Quintilianus
1018 1943 1044 1992 X
1063 1942 1086 2006 1,
1106 1940 1167 1991 118:
1186 1942 1289 1992 ‘eorum
1306 1957 1374 2006 quos
1414 1996 1418 2007 ¹

234 2010 351 2060 uiderim
363 2010 501 2060 Domitius
512 2010 580 2060 Afer
592 2015 620 2060 ct
632 2009 718 2060 Iulius
730 2010 879 2060 Africanus
892 2010 972 2076 louge
984 2011 1227 2076 praestantissimi.
1254 2014 1313 2059 arte
1326 2008 1374 2058 ille

236 2083 265 2129 et
281 2082 339 2128 toto
356 2094 458 2145 genere
476 2079 586 2129 dicendi
603 2078 801 2144 praeferendus
820 2084 848 2128 et
865 2094 944 2143 quern
961 2079 990 2128 in
1002 2095 1114 2130 numero
1132 2085 1256 2129 ueterum
1270 2077 1373 2128 habere

234 2162 289 2196 non
307 2145 430 2197 timeas.'
466 2147 520 2198 XII
532 2146 584 2211 Il,
609 2146 638 2199 3:
675 2145 748 2196 ‘uidi
771 2162 822 2213 ego
840 2145 921 2211 longe
945 2149 1078 2209 omniurn,
1103 2146 1255 2211 quaemihi
1274 2161 1372 2212 cogno·

235 2230 313 2264 scere
343 2216 474 2281 contigit,
506 2230 638 2265 summum
660 2220 796 2266 oratorem
817 2215 964 2265 Domitium
981 2214 1076 2265 anum
1099 2214 1182 2265 ualde
1205 2230 1299 2265 senem
1328 2229 1373 2263 co·

234 2282 303 2333 tidie
316 2282 421 2355 aliquid
439 2300 472 2333 ex
490 2300 524 2333 ea
542 2299 623 2349 quarn
641 2287 778 2333 meruerat
799 2283 968 2341 auctoritate
990 2284 1164 2348 perdentem,
1189 2298 1249 2333 oum
1273 2287 1374 2346 agente

235 2350 293 2413 illo,
312 2366 391 2416 quem
403 2351 556 2419 principem
574 2352 660 2403 irrisae
679 2351 813 2416 quondam
831 2351 884 2401 iori
896 2367 951 2401 non
964 2356 1024 2401 erat
1036 2352 1161 2413 dubium,
1181 2351 1233 2401 alii
1244 2351 1315 2415 quod
1332 2351 1373 2400 in-

234 2418 345 2484 dignum
364 2418 492 2470 uideatur
510 2420 644 2483 riderent,
668 2419 718 2470 alii
735 2419 942 2482 erubescerent;
973 2435 1043 2484 quac
1062 2420 1174 2471 occasio
1192 2418 1246 2469 init
1263 2418 1374 2469 dicendi

235 2486 318 2536 malle
337 2503 397 2537 eum
416 2486 534 2539 delicere
553 2504 634 2553 quam
651 2485 797 2538 desinere)
821 2488 846 2536 X
859 2486 888 2549 1,
907 2487 953 2537 24:
973 2487 1063 2539 ‘uobis
1074 2490 1168 2553 pueris
1183 2487 1308 2553 insignes
1325 2502 1373 2551 pro

233 2554 372 2605 Voluseno
395 2554 493 2606 Catulo
516 2556 633 2605 Domitii
661 2555 722 2605 Afri
750 2555 840 2621 Crispi
868 2556 996 2606 Passieni
1022 2556 1132 2606 Decimi
1155 2555 1248 2605 Laelii
1271 2557 1372 2606 oratio·

234 2638 283 2673 nes
302 2622 487 2673 serebantur)
523 2624 577 2672 XII
598 2623 641 2685 10,
668 2622 712 2673 10:
748 2622 788 2672 ‘in
806 2624 846 2673 cis
870 2623 954 2673 etiam
973 2639 1040 2689 quos
1058 2624 1112 2688 ipsi
1130 2624 1248 2674 uidimus
1265 2625 1372 2690 copiam
1468 2626 1477 2642 '

234 2691 359 2741 Senecae
387 2691 461 2741 uires
482 2691 608 2741 Africani
635 2692 824 2740 maturitatem
846 2690 907 2741 Afri
935 2692 1135 2742 iucunditatem
1159 2691 1254 2773 CrIspi·
1278 2708 1372 2742 sonum

234 2758 366 2810 Trachali
388 2760 557 2825 elegantiam
577 2757 720 2809 Secundi’.
757 2759 796 2808 VI
817 2757 848 2821 3,
872 2759 918 2808 27:
956 2759 1094 2826 ‘idporro
1113 2760 1183 2824 quod
1207 2760 1309 2811 dicitur
1327 2759 1375 2826 (ad

166 2838 167 2842 ’
233 2830 310 2877 risam
327 2829 480 2892 umbramen)
505 2831 554 2876 aut
578 2832 621 2877 est
643 2826 778 2877 lasciuum
802 2832 830 2877 et
851 2826 955 2889 hilare,
984 2827 1077 2892 qualia
1100 2828 1132 2876 A.
1157 2827 1264 2879 Galbae
1283 2828 1372 2894 plera·
1435 2834 1439 2840 '

234 2911 299 2958 que;
330 2900 379 2944 aut
396 2895 635 2958 contumeliosum,
655 2894 749 2960 qualia
766 2910 853 2962 nuper
864 2895 937 2946 Iunii
955 2894 1049 2955 Bassi3
1080 2902 1129 2945 aut
1146 2906 1288 2961 asperum,
1308 2913 1372 2962 qua·

233 2962 273 3014 lia
292 2962 383 3013 Cassii
401 2964 512 3025 Seueri3
537 2969 584 3013 aut
601 2962 679 3024 lene,
699 2962 793 3028 qualia
810 2963 926 3012 Domitii
944 2961 1023 3012 afri)
1047 2964 1084 3013 VI
1102 2962 1131 3027 3,
1150 2965 1200 3014 42:
1226 2966 1302 3016 ‘mire
1321 2966 1374 3015 fuit

233 3032 262 3081 in
285 3031 336 3081 boe
361 3046 463 3097 genere
481 3030 649 3095 (urbanitate)
671 3036 804 3081 uenustus
827 3031 895 3081 Afer
918 3030 1070 3093 Domitius,
1100 3031 1178 3082 cuius
1202 3033 1373 3084 orationibus

234 3098 388 3165 complures
410 3099 581 3149 huiusmodi
605 3099 921 3179 narrationepinsertae
948 3100 1134 3164 reperiuntur3
1171 3102 1220 3151 aed
1237 3101 1372 3151 dictorum

233 3183 340 3232 qnoque
369 3168 404 3217 ab
428 3168 524 3218 eodem
547 3168 650 3217 urbane
673 3172 737 3217 sunt
763 3166 846 3216 libri)
881 3167 976 3217 horum
1000 3167 1148 3232 reliquiae:
1185 3170 1373 3232 Quintilianus

232 3234 440 3300 v13,54(cf.
460 3234 546 3298 xla,
568 3234 634 3297 lau).
665 3234 706 3285 08.
726 3233 767 3284 81.
787 3234 828 3285 84.
848 3233 890 3284 85.
908 3234 941 3285 112
960 3232 1011 3301 (cf.
1030 3235 1101 3287 Plin.
1122 3237 1372 3303 ep.1114‚9)-

231 3302 265 3354 94
282 3303 350 3353 vm
372 3302 402 3367 5,
425 3301 442 3354 3
465 3303 578 3356 Caenina
596 3304 650 3354 Dio
673 3302 719 3365 till,
742 3303 790 3368 33,
815 3301 840 3352 8.

320 3503 331 3554 l
350 3512 427 3553 cena
442 3496 469 3551 B
486 3514 583 3553 coena
601 3495 703 3569 (Sccl.)
