<?xml version="1.0" encoding="UTF-8"?>
<!DOCTYPE html PUBLIC "-//W3C//DTD XHTML 1.0 Transitional//EN"
    "http://www.w3.org/TR/xhtml1/DTD/xhtml1-transitional.dtd">
<html xmlns="http://www.w3.org/1999/xhtml" xml:lang="en" lang="en">
 <head>
  <title>
</title>
<meta http-equiv="Content-Type" content="text/html;charset=utf-8" />
  <meta name='ocr-system' content='tesseract 3.04.00' />
  <meta name='ocr-capabilities' content='ocr_page ocr_carea ocr_par ocr_line ocrx_word'/>
</head>
<body>
  <div class='ocr_page' id='page_1' title='image "./csuetonitranqui01ritsgoog_0272.png"; bbox 0 0 3218 5000; ppageno 0'>
   <div class='ocr_carea' id='block_1_1' title="bbox 636 403 1379 465">
    <p class='ocr_par' dir='ltr' id='par_1_1' title="bbox 636 403 1379 465">
     <span class='ocr_line' id='line_1_1' title="bbox 636 403 1379 465; baseline 0.012 -9"><span class='ocrx_word' id='word_1_1' title='bbox 636 414 679 456; x_wconf 84' lang='lat' dir='ltr'>nn</span> <span class='ocrx_word' id='word_1_2' title='bbox 701 413 842 457; x_wconf 79' lang='lat' dir='ltr'>narrare</span> <span class='ocrx_word' id='word_1_3' title='bbox 865 415 975 457; x_wconf 76' lang='lat' dir='ltr'>nunna</span> <span class='ocrx_word' id='word_1_4' title='bbox 1316 403 1379 465; x_wconf 79' lang='lat'>245</span> 
     </span>
    </p>
   </div>
   <div class='ocr_carea' id='block_1_2' title="bbox 234 560 1439 955">
    <p class='ocr_par' dir='ltr' id='par_1_2' title="bbox 234 560 1439 955">
     <span class='ocr_line' id='line_1_2' title="bbox 235 560 1380 649; baseline 0.003 -23"><span class='ocrx_word' id='word_1_5' title='bbox 235 583 308 627; x_wconf 84' lang='lat' dir='ltr'>esse</span> <span class='ocrx_word' id='word_1_6' title='bbox 330 562 365 627; x_wconf 89' lang='lat' dir='ltr'>in</span> <span class='ocrx_word' id='word_1_7' title='bbox 386 561 516 627; x_wconf 88' lang='lat' dir='ltr'>modum</span> <span class='ocrx_word' id='word_1_8' title='bbox 540 564 696 649; x_wconf 79' lang='lat' dir='ltr'>spongiae</span> <span class='ocrx_word' id='word_1_9' title='bbox 718 560 824 649; x_wconf 85' lang='lat' dir='ltr'>adque</span> <span class='ocrx_word' id='word_1_10' title='bbox 847 564 880 624; x_wconf 93' lang='lat' dir='ltr'>in</span> <span class='ocrx_word' id='word_1_11' title='bbox 906 560 1012 626; x_wconf 89' lang='lat' dir='ltr'>medio</span> <span class='ocrx_word' id='word_1_12' title='bbox 1035 564 1120 627; x_wconf 89' lang='lat' dir='ltr'>aeris</span> <span class='ocrx_word' id='word_1_13' title='bbox 1141 563 1227 628; x_wconf 89' lang='lat' dir='ltr'>mole</span> <span class='ocrx_word' id='word_1_14' title='bbox 1251 587 1311 629; x_wconf 88' lang='lat' dir='ltr'>sua</span> <span class='ocrx_word' id='word_1_15' title='bbox 1332 567 1380 630; x_wconf 93' lang='lat' dir='ltr'>in-</span> 
     </span>
     <span class='ocr_line' id='line_1_3' title="bbox 234 662 1379 752; baseline 0.002 -24"><span class='ocrx_word' id='word_1_16' title='bbox 234 664 387 729; x_wconf 78' lang='lat' dir='ltr'>mobilem</span> <span class='ocrx_word' id='word_1_17' title='bbox 408 662 552 751; x_wconf 90' lang='lat' dir='ltr'>pendere</span> <span class='ocrx_word' id='word_1_18' title='bbox 575 666 687 750; x_wconf 89' lang='lat' dir='ltr'>sicque</span> <span class='ocrx_word' id='word_1_19' title='bbox 706 672 742 727; x_wconf 90' lang='lat' dir='ltr'>ut</span> <span class='ocrx_word' id='word_1_20' title='bbox 762 663 926 752; x_wconf 80' lang='lat' dir='ltr'>aequabili</span> <span class='ocrx_word' id='word_1_21' title='bbox 948 674 1035 737; x_wconf 87' lang='lat' dir='ltr'>motu</span> <span class='ocrx_word' id='word_1_22' title='bbox 1066 664 1143 729; x_wconf 89' lang='lat' dir='ltr'>hinc</span> <span class='ocrx_word' id='word_1_23' title='bbox 1166 666 1274 752; x_wconf 88' lang='lat' dir='ltr'>adque</span> <span class='ocrx_word' id='word_1_24' title='bbox 1301 668 1379 731; x_wconf 91' lang='lat' dir='ltr'>inde</span> 
     </span>
     <span class='ocr_line' id='line_1_4' title="bbox 234 763 1439 854; baseline 0.002 -25"><span class='ocrx_word' id='word_1_25' title='bbox 234 767 335 829; x_wconf 86' lang='lat' dir='ltr'>ueluti</span> <span class='ocrx_word' id='word_1_26' title='bbox 364 764 490 828; x_wconf 88' lang='lat' dir='ltr'>alarum</span> <span class='ocrx_word' id='word_1_27' title='bbox 513 763 660 829; x_wconf 75' lang='lat' dir='ltr'>subfulta</span> <span class='ocrx_word' id='word_1_28' title='bbox 688 766 834 850; x_wconf 82' lang='lat' dir='ltr'>remigiis</span> <span class='ocrx_word' id='word_1_29' title='bbox 855 787 898 830; x_wconf 84' lang='lat' dir='ltr'>ex</span> <span class='ocrx_word' id='word_1_30' title='bbox 926 768 1012 830; x_wconf 89' lang='lat' dir='ltr'>omni</span> <span class='ocrx_word' id='word_1_31' title='bbox 1042 776 1136 853; x_wconf 86' lang='lat' dir='ltr'>parte</span> <span class='ocrx_word' id='word_1_32' title='bbox 1165 766 1284 832; x_wconf 85' lang='lat' dir='ltr'>librata</span> <span class='ocrx_word' id='word_1_33' title='bbox 1304 790 1378 854; x_wconf 92' lang='lat' dir='ltr'>pro·</span> <span class='ocrx_word' id='word_1_34' title='bbox 1431 798 1439 809; x_wconf 71' lang='lat'>=</span> 
     </span>
     <span class='ocr_line' id='line_1_5' title="bbox 234 866 1125 955; baseline 0.001 -24"><span class='ocrx_word' id='word_1_35' title='bbox 234 867 376 955; x_wconf 80' lang='lat' dir='ltr'>pendeat</span> <span class='ocrx_word' id='word_1_36' title='bbox 398 888 458 931; x_wconf 88' lang='lat' dir='ltr'>nee</span> <span class='ocrx_word' id='word_1_37' title='bbox 480 869 515 930; x_wconf 92' lang='lat' dir='ltr'>in</span> <span class='ocrx_word' id='word_1_38' title='bbox 539 876 663 953; x_wconf 88' lang='lat' dir='ltr'>partem</span> <span class='ocrx_word' id='word_1_39' title='bbox 684 868 788 953; x_wconf 88' lang='lat' dir='ltr'>possit</span> <span class='ocrx_word' id='word_1_40' title='bbox 808 866 960 932; x_wconf 86' lang='lat' dir='ltr'>inclinari</span> <span class='ocrx_word' id='word_1_41' title='bbox 979 868 1125 932; x_wconf 89' lang='lat' dir='ltr'>alteram.</span> 
     </span>
    </p>
   </div>
   <div class='ocr_carea' id='block_1_3' title="bbox 202 1062 1491 1868">
    <p class='ocr_par' dir='ltr' id='par_1_3' title="bbox 214 1062 1491 1563">
     <span class='ocr_line' id='line_1_6' title="bbox 214 1062 1491 1157; baseline 0.005 -27"><span class='ocrx_word' id='word_1_42' title='bbox 214 1090 228 1130; x_wconf 82' lang='lat' dir='ltr'>s</span> <span class='ocrx_word' id='word_1_43' title='bbox 321 1069 494 1157; x_wconf 81' lang='lat' dir='ltr'>Sapientes</span> <span class='ocrx_word' id='word_1_44' title='bbox 516 1069 629 1133; x_wconf 89' lang='lat' dir='ltr'>dicunt</span> <span class='ocrx_word' id='word_1_45' title='bbox 650 1079 771 1134; x_wconf 91' lang='lat' dir='ltr'>terram</span> <span class='ocrx_word' id='word_1_46' title='bbox 795 1071 828 1132; x_wconf 91' lang='lat' dir='ltr'>in</span> <span class='ocrx_word' id='word_1_47' title='bbox 851 1071 983 1133; x_wconf 90' lang='lat' dir='ltr'>modum</span> <span class='ocrx_word' id='word_1_48' title='bbox 1006 1072 1162 1157; x_wconf 82' lang='lat' dir='ltr'>spongiae</span> <span class='ocrx_word' id='word_1_49' title='bbox 1187 1096 1273 1153; x_wconf 85' lang='lat' dir='ltr'>osso,</span> <span class='ocrx_word' id='word_1_50' title='bbox 1300 1062 1491 1137; x_wconf 83' lang='lat' dir='ltr'>eon-159*</span> 
     </span>
     <span class='ocr_line' id='line_1_7' title="bbox 234 1171 1379 1260; baseline 0.001 -23"><span class='ocrx_word' id='word_1_51' title='bbox 234 1181 430 1259; x_wconf 87' lang='lat' dir='ltr'>ceptumque</span> <span class='ocrx_word' id='word_1_52' title='bbox 446 1181 582 1235; x_wconf 86' lang='lat' dir='ltr'>uentum</span> <span class='ocrx_word' id='word_1_53' title='bbox 604 1172 705 1239; x_wconf 86' lang='lat' dir='ltr'>rotari</span> <span class='ocrx_word' id='word_1_54' title='bbox 730 1181 762 1234; x_wconf 88' lang='lat' dir='ltr'>et</span> <span class='ocrx_word' id='word_1_55' title='bbox 783 1171 830 1235; x_wconf 87' lang='lat' dir='ltr'>iro</span> <span class='ocrx_word' id='word_1_56' title='bbox 850 1194 909 1257; x_wconf 91' lang='lat' dir='ltr'>per</span> <span class='ocrx_word' id='word_1_57' title='bbox 935 1194 1109 1256; x_wconf 82' lang='lat' dir='ltr'>cauernas3</span> <span class='ocrx_word' id='word_1_58' title='bbox 1148 1196 1287 1260; x_wconf 88' lang='lat' dir='ltr'>cumque</span> <span class='ocrx_word' id='word_1_59' title='bbox 1309 1182 1379 1238; x_wconf 81' lang='lat' dir='ltr'>tan-</span> 
     </span>
     <span class='ocr_line' id='line_1_8' title="bbox 235 1275 1379 1362; baseline 0.001 -24"><span class='ocrx_word' id='word_1_60' title='bbox 235 1284 302 1338; x_wconf 87' lang='lat' dir='ltr'>tum</span> <span class='ocrx_word' id='word_1_61' title='bbox 326 1275 402 1337; x_wconf 89' lang='lat' dir='ltr'>ierit</span> <span class='ocrx_word' id='word_1_62' title='bbox 424 1281 581 1360; x_wconf 88' lang='lat' dir='ltr'>quantum</span> <span class='ocrx_word' id='word_1_63' title='bbox 599 1283 686 1336; x_wconf 88' lang='lat' dir='ltr'>terra</span> <span class='ocrx_word' id='word_1_64' title='bbox 710 1293 826 1357; x_wconf 86' lang='lat' dir='ltr'>capere</span> <span class='ocrx_word' id='word_1_65' title='bbox 849 1295 914 1336; x_wconf 92' lang='lat' dir='ltr'>non</span> <span class='ocrx_word' id='word_1_66' title='bbox 937 1276 1055 1359; x_wconf 84' lang='lat' dir='ltr'>possit,</span> <span class='ocrx_word' id='word_1_67' title='bbox 1084 1277 1147 1339; x_wconf 90' lang='lat' dir='ltr'>huc</span> <span class='ocrx_word' id='word_1_68' title='bbox 1171 1275 1278 1362; x_wconf 90' lang='lat' dir='ltr'>adque</span> <span class='ocrx_word' id='word_1_69' title='bbox 1300 1275 1379 1341; x_wconf 89' lang='lat' dir='ltr'>illue</span> 
     </span>
     <span class='ocr_line' id='line_1_9' title="bbox 235 1373 1379 1463; baseline 0.003 -25"><span class='ocrx_word' id='word_1_70' title='bbox 235 1385 352 1439; x_wconf 90' lang='lat' dir='ltr'>uentus</span> <span class='ocrx_word' id='word_1_71' title='bbox 375 1374 539 1438; x_wconf 87' lang='lat' dir='ltr'>fremitum</span> <span class='ocrx_word' id='word_1_72' title='bbox 563 1382 596 1436; x_wconf 89' lang='lat' dir='ltr'>et</span> <span class='ocrx_word' id='word_1_73' title='bbox 617 1394 783 1437; x_wconf 89' lang='lat' dir='ltr'>murmura</span> <span class='ocrx_word' id='word_1_74' title='bbox 804 1375 919 1456; x_wconf 83' lang='lat' dir='ltr'>mittit,</span> <span class='ocrx_word' id='word_1_75' title='bbox 943 1373 1061 1440; x_wconf 90' lang='lat' dir='ltr'>dehinc</span> <span class='ocrx_word' id='word_1_76' title='bbox 1083 1378 1271 1463; x_wconf 89' lang='lat' dir='ltr'>quaerentis</span> <span class='ocrx_word' id='word_1_77' title='bbox 1291 1378 1379 1441; x_wconf 88' lang='lat' dir='ltr'>uiam</span> 
     </span>
     <span class='ocr_line' id='line_1_10' title="bbox 235 1458 1381 1563; baseline 0.002 -24"><span class='ocrx_word' id='word_1_78' title='bbox 235 1475 397 1540; x_wconf 85' lang='lat' dir='ltr'>euadendi</span> <span class='ocrx_word' id='word_1_79' title='bbox 420 1475 497 1538; x_wconf 89' lang='lat' dir='ltr'>dum</span> <span class='ocrx_word' id='word_1_80' title='bbox 521 1477 683 1541; x_wconf 85' lang='lat' dir='ltr'>sustinere</span> <span class='ocrx_word' id='word_1_81' title='bbox 699 1477 766 1538; x_wconf 89' lang='lat' dir='ltr'>uim</span> <span class='ocrx_word' id='word_1_82' title='bbox 786 1485 874 1539; x_wconf 87' lang='lat' dir='ltr'>terra</span> <span class='ocrx_word' id='word_1_83' title='bbox 896 1499 961 1540; x_wconf 93' lang='lat' dir='ltr'>non</span> <span class='ocrx_word' id='word_1_84' title='bbox 981 1458 1102 1563; x_wconf 83' lang='lat' dir='ltr'>possit,</span> <span class='ocrx_word' id='word_1_85' title='bbox 1122 1488 1178 1542; x_wconf 89' lang='lat' dir='ltr'>aut</span> <span class='ocrx_word' id='word_1_86' title='bbox 1195 1480 1304 1542; x_wconf 88' lang='lat' dir='ltr'>tremit</span> <span class='ocrx_word' id='word_1_87' title='bbox 1317 1486 1381 1541; x_wconf 63' lang='lat' dir='ltr'>,ant</span> 
     </span>
    </p>

    <p class='ocr_par' dir='ltr' id='par_1_4' title="bbox 202 1576 1433 1868">
     <span class='ocr_line' id='line_1_11' title="bbox 202 1576 1380 1661; baseline 0.005 -25"><span class='ocrx_word' id='word_1_88' title='bbox 202 1596 226 1637; x_wconf 83' lang='grc' dir='ltr'>ιο</span> <span class='ocrx_word' id='word_1_89' title='bbox 236 1576 374 1641; x_wconf 86' lang='lat' dir='ltr'>dehiscit</span> <span class='ocrx_word' id='word_1_90' title='bbox 395 1584 433 1640; x_wconf 89' lang='lat' dir='ltr'>ut</span> <span class='ocrx_word' id='word_1_91' title='bbox 454 1586 587 1641; x_wconf 82' lang='lat' dir='ltr'>uentum</span> <span class='ocrx_word' id='word_1_92' title='bbox 610 1585 732 1660; x_wconf 85' lang='lat' dir='ltr'>egeret.</span> <span class='ocrx_word' id='word_1_93' title='bbox 776 1577 853 1641; x_wconf 87' lang='lat' dir='ltr'>inde</span> <span class='ocrx_word' id='word_1_94' title='bbox 873 1578 967 1641; x_wconf 85' lang='lat' dir='ltr'>aiunt</span> <span class='ocrx_word' id='word_1_95' title='bbox 988 1576 1058 1643; x_wconf 88' lang='lat' dir='ltr'>fieri</span> <span class='ocrx_word' id='word_1_96' title='bbox 1084 1596 1223 1642; x_wconf 79' lang='lat' dir='ltr'>unauna</span> <span class='ocrx_word' id='word_1_97' title='bbox 1244 1595 1380 1661; x_wconf 86' lang='lat' dir='ltr'>uorvu,</span> 
     </span>
     <span class='ocr_line' id='line_1_12' title="bbox 236 1676 1377 1745; baseline 0.003 -5"><span class='ocrx_word' id='word_1_98' title='bbox 236 1676 312 1741; x_wconf 90' lang='lat' dir='ltr'>dum</span> <span class='ocrx_word' id='word_1_99' title='bbox 336 1680 491 1742; x_wconf 84' lang='lat' dir='ltr'>uniuersa</span> <span class='ocrx_word' id='word_1_100' title='bbox 518 1688 636 1742; x_wconf 88' lang='lat' dir='ltr'>uentus</span> <span class='ocrx_word' id='word_1_101' title='bbox 662 1677 809 1743; x_wconf 87' lang='lat' dir='ltr'>inclusus</span> <span class='ocrx_word' id='word_1_102' title='bbox 841 1680 994 1743; x_wconf 84' lang='lat' dir='ltr'>concutit.</span> <span class='ocrx_word' id='word_1_103' title='bbox 1037 1681 1124 1743; x_wconf 88' lang='lat' dir='ltr'>undo</span> <span class='ocrx_word' id='word_1_104' title='bbox 1147 1690 1178 1744; x_wconf 90' lang='lat' dir='ltr'>et</span> <span class='ocrx_word' id='word_1_105' title='bbox 1199 1679 1377 1745; x_wconf 87' lang='lat' dir='ltr'>Salustius:</span> 
     </span>
     <span class='ocr_line' id='line_1_13' title="bbox 235 1779 1433 1868; baseline 0.003 -27"><span class='ocrx_word' id='word_1_106' title='bbox 235 1780 383 1861; x_wconf 80' lang='lat' dir='ltr'>‘uentis&#39;‚</span> <span class='ocrx_word' id='word_1_107' title='bbox 408 1779 538 1866; x_wconf 89' lang='lat' dir='ltr'>inquid,</span> <span class='ocrx_word' id='word_1_108' title='bbox 567 1785 637 1865; x_wconf 78' lang='lat' dir='ltr'>‘per</span> <span class='ocrx_word' id='word_1_109' title='bbox 658 1801 740 1843; x_wconf 84' lang='lat' dir='ltr'>caua</span> <span class='ocrx_word' id='word_1_110' title='bbox 760 1789 866 1843; x_wconf 87' lang='lat' dir='ltr'>terrac</span> <span class='ocrx_word' id='word_1_111' title='bbox 889 1782 1113 1868; x_wconf 88' lang='lat' dir='ltr'>praecipitatis</span> <span class='ocrx_word' id='word_1_112' title='bbox 1136 1783 1223 1868; x_wconf 91' lang='lat' dir='ltr'>rupti</span> <span class='ocrx_word' id='word_1_113' title='bbox 1244 1780 1375 1868; x_wconf 89' lang='lat' dir='ltr'>aliquod</span> <span class='ocrx_word' id='word_1_114' title='bbox 1428 1814 1433 1823; x_wconf 86' lang='lat'><em>·</em></span> 
     </span>
    </p>
   </div>
   <div class='ocr_carea' id='block_1_4' title="bbox 159 2002 1381 3150">
    <p class='ocr_par' dir='ltr' id='par_1_5' title="bbox 235 2002 1381 2947">
     <span class='ocr_line' id='line_1_14' title="bbox 235 2002 1381 2069; baseline 0.002 -17"><span class='ocrx_word' id='word_1_115' title='bbox 235 2007 293 2052; x_wconf 88' lang='lat' dir='ltr'>tam</span> <span class='ocrx_word' id='word_1_116' title='bbox 312 2002 422 2053; x_wconf 85' lang='lat' dir='ltr'>inmane</span> <span class='ocrx_word' id='word_1_117' title='bbox 439 2003 555 2068; x_wconf 87' lang='lat' dir='ltr'>pondus,</span> <span class='ocrx_word' id='word_1_118' title='bbox 575 2002 708 2068; x_wconf 86' lang='lat' dir='ltr'>quomodo</span> <span class='ocrx_word' id='word_1_119' title='bbox 731 2018 785 2052; x_wconf 88' lang='lat' dir='ltr'>non</span> <span class='ocrx_word' id='word_1_120' title='bbox 804 2002 992 2069; x_wconf 79' lang='lat' dir='ltr'>demergatur,</span> <span class='ocrx_word' id='word_1_121' title='bbox 1012 2008 1060 2053; x_wconf 85' lang='lat' dir='ltr'>aut</span> <span class='ocrx_word' id='word_1_122' title='bbox 1077 2004 1211 2069; x_wconf 88' lang='lat' dir='ltr'>quomodo</span> <span class='ocrx_word' id='word_1_123' title='bbox 1230 2005 1381 2068; x_wconf 85' lang='lat' dir='ltr'>aequitatis</span> 
     </span>
     <span class='ocr_line' id='line_1_15' title="bbox 235 2069 1379 2135; baseline 0.001 -16"><span class='ocrx_word' id='word_1_124' title='bbox 235 2069 334 2121; x_wconf 89' lang='lat' dir='ltr'>libram</span> <span class='ocrx_word' id='word_1_125' title='bbox 353 2076 500 2120; x_wconf 86' lang='lat' dir='ltr'>teneatue</span> <span class='ocrx_word' id='word_1_126' title='bbox 518 2070 548 2120; x_wconf 88' lang='lat' dir='ltr'>in</span> <span class='ocrx_word' id='word_1_127' title='bbox 567 2070 683 2121; x_wconf 87' lang='lat' dir='ltr'>alteram</span> <span class='ocrx_word' id='word_1_128' title='bbox 701 2074 808 2135; x_wconf 86' lang='lat' dir='ltr'>partem</span> <span class='ocrx_word' id='word_1_129' title='bbox 827 2086 964 2135; x_wconf 88' lang='lat' dir='ltr'>propensa</span> <span class='ocrx_word' id='word_1_130' title='bbox 982 2072 1133 2134; x_wconf 83' lang='lat' dir='ltr'>incumbat,</span> <span class='ocrx_word' id='word_1_131' title='bbox 1152 2072 1204 2122; x_wconf 92' lang='lat' dir='ltr'>boc</span> <span class='ocrx_word' id='word_1_132' title='bbox 1222 2071 1292 2121; x_wconf 88' lang='lat' dir='ltr'>nulli</span> <span class='ocrx_word' id='word_1_133' title='bbox 1309 2088 1379 2122; x_wconf 90' lang='lat' dir='ltr'>mor-</span> 
     </span>
     <span class='ocr_line' id='line_1_16' title="bbox 235 2138 1380 2202; baseline 0.003 -16"><span class='ocrx_word' id='word_1_134' title='bbox 235 2138 333 2187; x_wconf 85' lang='lat' dir='ltr'>talium</span> <span class='ocrx_word' id='word_1_135' title='bbox 356 2139 428 2188; x_wconf 87' lang='lat' dir='ltr'>scire</span> <span class='ocrx_word' id='word_1_136' title='bbox 452 2139 558 2188; x_wconf 71' lang='lat' dir='ltr'>fuscet</span> <span class='ocrx_word' id='word_1_137' title='bbox 576 2154 627 2187; x_wconf 90' lang='lat' dir='ltr'>nec</span> <span class='ocrx_word' id='word_1_138' title='bbox 646 2138 725 2187; x_wconf 87' lang='lat' dir='ltr'>nobis</span> <span class='ocrx_word' id='word_1_139' title='bbox 744 2138 883 2187; x_wconf 86' lang='lat' dir='ltr'>discutere</span> <span class='ocrx_word' id='word_1_140' title='bbox 898 2138 985 2202; x_wconf 87' lang='lat' dir='ltr'>adque</span> <span class='ocrx_word' id='word_1_141' title='bbox 999 2140 1168 2202; x_wconf 82' lang='lat' dir='ltr'>perscrutari</span> <span class='ocrx_word' id='word_1_142' title='bbox 1184 2139 1253 2189; x_wconf 89' lang='lat' dir='ltr'>licet</span> <span class='ocrx_word' id='word_1_143' title='bbox 1270 2144 1380 2189; x_wconf 88' lang='lat' dir='ltr'>tantam</span> 
     </span>
     <span class='ocr_line' id='line_1_17' title="bbox 236 2205 1380 2271; baseline 0.001 -16"><span class='ocrx_word' id='word_1_144' title='bbox 236 2206 349 2255; x_wconf 85' lang='lat' dir='ltr'>diuinae</span> <span class='ocrx_word' id='word_1_145' title='bbox 374 2207 442 2255; x_wconf 88' lang='lat' dir='ltr'>artis</span> <span class='ocrx_word' id='word_1_146' title='bbox 466 2206 674 2267; x_wconf 74' lang='lat' dir='ltr'>excellentiam,</span> <span class='ocrx_word' id='word_1_147' title='bbox 700 2205 762 2254; x_wconf 87' lang='lat' dir='ltr'>dum</span> <span class='ocrx_word' id='word_1_148' title='bbox 787 2210 895 2255; x_wconf 87' lang='lat' dir='ltr'>constet</span> <span class='ocrx_word' id='word_1_149' title='bbox 918 2221 980 2255; x_wconf 87' lang='lat' dir='ltr'>eam</span> <span class='ocrx_word' id='word_1_150' title='bbox 1003 2206 1064 2271; x_wconf 88' lang='lat' dir='ltr'>lege</span> <span class='ocrx_word' id='word_1_151' title='bbox 1088 2207 1243 2256; x_wconf 84' lang='lat' dir='ltr'>maiestatis</span> <span class='ocrx_word' id='word_1_152' title='bbox 1266 2207 1312 2256; x_wconf 87' lang='lat' dir='ltr'>dei</span> <span class='ocrx_word' id='word_1_153' title='bbox 1331 2212 1380 2256; x_wconf 89' lang='lat' dir='ltr'>aut</span> 
     </span>
     <span class='ocr_line' id='line_1_18' title="bbox 235 2273 1377 2339; baseline -0.001 -16"><span class='ocrx_word' id='word_1_154' title='bbox 235 2289 318 2338; x_wconf 85' lang='lat' dir='ltr'>super</span> <span class='ocrx_word' id='word_1_155' title='bbox 330 2289 417 2338; x_wconf 87' lang='lat' dir='ltr'>aquas</span> <span class='ocrx_word' id='word_1_156' title='bbox 430 2281 478 2323; x_wconf 85' lang='lat' dir='ltr'>aut</span> <span class='ocrx_word' id='word_1_157' title='bbox 490 2289 572 2339; x_wconf 87' lang='lat' dir='ltr'>super</span> <span class='ocrx_word' id='word_1_158' title='bbox 584 2274 670 2323; x_wconf 85' lang='lat' dir='ltr'>nubes</span> <span class='ocrx_word' id='word_1_159' title='bbox 684 2273 812 2322; x_wconf 83' lang='lat' dir='ltr'>stabilem</span> <span class='ocrx_word' id='word_1_160' title='bbox 825 2289 996 2339; x_wconf 87' lang='lat' dir='ltr'>permanere.</span> <span class='ocrx_word' id='word_1_161' title='bbox 1011 2275 1079 2336; x_wconf 84' lang='lat' dir='ltr'>Quis</span> <span class='ocrx_word' id='word_1_162' title='bbox 1092 2276 1179 2335; x_wconf 85' lang='lat' dir='ltr'>enirn,</span> <span class='ocrx_word' id='word_1_163' title='bbox 1193 2274 1288 2338; x_wconf 90' lang='lat' dir='ltr'>inquid</span> <span class='ocrx_word' id='word_1_164' title='bbox 1301 2274 1377 2324; x_wconf 86' lang='lat' dir='ltr'>Salo-</span> 
     </span>
     <span class='ocr_line' id='line_1_19' title="bbox 235 2340 1379 2407; baseline 0.002 -17"><span class='ocrx_word' id='word_1_165' title='bbox 235 2356 307 2404; x_wconf 83' lang='lat' dir='ltr'>mon,</span> <span class='ocrx_word' id='word_1_166' title='bbox 321 2340 426 2391; x_wconf 86' lang='lat' dir='ltr'>suflicit</span> <span class='ocrx_word' id='word_1_167' title='bbox 437 2357 550 2390; x_wconf 87' lang='lat' dir='ltr'>narrare</span> <span class='ocrx_word' id='word_1_168' title='bbox 563 2356 649 2406; x_wconf 87' lang='lat' dir='ltr'>opera</span> <span class='ocrx_word' id='word_1_169' title='bbox 661 2341 735 2390; x_wconf 90' lang='lat' dir='ltr'>illius</span> <span class='ocrx_word' id='word_1_170' title='bbox 745 2346 793 2390; x_wconf 88' lang='lat' dir='ltr'>aut</span> <span class='ocrx_word' id='word_1_171' title='bbox 806 2340 866 2404; x_wconf 88' lang='lat' dir='ltr'>quis</span> <span class='ocrx_word' id='word_1_172' title='bbox 876 2341 1057 2403; x_wconf 81' lang='lat' dir='ltr'>inuestigabit</span> <span class='ocrx_word' id='word_1_173' title='bbox 1069 2342 1211 2407; x_wconf 84' lang='lat' dir='ltr'>magnalia</span> <span class='ocrx_word' id='word_1_174' title='bbox 1223 2343 1300 2393; x_wconf 83' lang='lat' dir='ltr'>eins?</span> <span class='ocrx_word' id='word_1_175' title='bbox 1313 2358 1379 2405; x_wconf 87' lang='lat' dir='ltr'>ergo</span> 
     </span>
     <span class='ocr_line' id='line_1_20' title="bbox 236 2408 1378 2474; baseline 0 -17"><span class='ocrx_word' id='word_1_176' title='bbox 236 2409 307 2473; x_wconf 87' lang='lat' dir='ltr'>quod</span> <span class='ocrx_word' id='word_1_177' title='bbox 319 2409 476 2458; x_wconf 87' lang='lat' dir='ltr'>mortalium</span> <span class='ocrx_word' id='word_1_178' title='bbox 487 2413 603 2458; x_wconf 88' lang='lat' dir='ltr'>naturae</span> <span class='ocrx_word' id='word_1_179' title='bbox 616 2413 752 2459; x_wconf 86' lang='lat' dir='ltr'>secretum</span> <span class='ocrx_word' id='word_1_180' title='bbox 766 2412 820 2469; x_wconf 84' lang='lat' dir='ltr'>est,</span> <span class='ocrx_word' id='word_1_181' title='bbox 835 2408 947 2458; x_wconf 88' lang='lat' dir='ltr'>diuinae</span> <span class='ocrx_word' id='word_1_182' title='bbox 959 2410 1101 2472; x_wconf 89' lang='lat' dir='ltr'>potentiae</span> <span class='ocrx_word' id='word_1_183' title='bbox 1115 2408 1302 2474; x_wconf 83' lang='lat' dir='ltr'>reliquendum</span> <span class='ocrx_word' id='word_1_184' title='bbox 1316 2408 1378 2458; x_wconf 85' lang='lat' dir='ltr'>est.¹</span> 
     </span>
     <span class='ocr_line' id='line_1_21' title="bbox 236 2475 1379 2541; baseline 0 -15"><span class='ocrx_word' id='word_1_185' title='bbox 236 2476 395 2527; x_wconf 79' lang='lat' dir='ltr'>Ambrosius</span> <span class='ocrx_word' id='word_1_186' title='bbox 418 2477 452 2525; x_wconf 90' lang='lat' dir='ltr'>H.</span> <span class='ocrx_word' id='word_1_187' title='bbox 476 2476 490 2526; x_wconf 91' lang='lat'><em>1</em></span> <span class='ocrx_word' id='word_1_188' title='bbox 512 2475 576 2525; x_wconf 77' lang='lat'><strong>622:</strong></span> <span class='ocrx_word' id='word_1_189' title='bbox 604 2477 658 2525; x_wconf 88' lang='lat' dir='ltr'>‘De</span> <span class='ocrx_word' id='word_1_190' title='bbox 686 2481 777 2525; x_wconf 86' lang='lat' dir='ltr'>terrae</span> <span class='ocrx_word' id='word_1_191' title='bbox 806 2491 911 2539; x_wconf 91' lang='lat' dir='ltr'>quoque</span> <span class='ocrx_word' id='word_1_192' title='bbox 939 2476 983 2525; x_wconf 89' lang='lat' dir='ltr'>uel</span> <span class='ocrx_word' id='word_1_193' title='bbox 1014 2477 1149 2540; x_wconf 82' lang='lat' dir='ltr'>qualitate</span> <span class='ocrx_word' id='word_1_194' title='bbox 1172 2475 1216 2526; x_wconf 89' lang='lat' dir='ltr'>uel</span> <span class='ocrx_word' id='word_1_195' title='bbox 1241 2476 1379 2541; x_wconf 86' lang='lat' dir='ltr'>positione</span> 
     </span>
     <span class='ocr_line' id='line_1_22' title="bbox 236 2544 1380 2609; baseline 0.001 -17"><span class='ocrx_word' id='word_1_196' title='bbox 236 2549 357 2594; x_wconf 87' lang='lat' dir='ltr'>tractare</span> <span class='ocrx_word' id='word_1_197' title='bbox 375 2544 445 2593; x_wconf 89' lang='lat' dir='ltr'>nihil</span> <span class='ocrx_word' id='word_1_198' title='bbox 464 2548 555 2609; x_wconf 85' lang='lat' dir='ltr'>potest</span> <span class='ocrx_word' id='word_1_199' title='bbox 574 2544 608 2593; x_wconf 85' lang='lat' dir='ltr'>ad</span> <span class='ocrx_word' id='word_1_200' title='bbox 626 2559 703 2608; x_wconf 88' lang='lat' dir='ltr'>spem</span> <span class='ocrx_word' id='word_1_201' title='bbox 722 2544 821 2603; x_wconf 85' lang='lat' dir='ltr'>laturi,</span> <span class='ocrx_word' id='word_1_202' title='bbox 848 2557 908 2593; x_wconf 85' lang='lat' dir='ltr'>cum</span> <span class='ocrx_word' id='word_1_203' title='bbox 927 2544 996 2593; x_wconf 84' lang='lat' dir='ltr'>satis</span> <span class='ocrx_word' id='word_1_204' title='bbox 1015 2544 1051 2594; x_wconf 86' lang='lat' dir='ltr'>sit</span> <span class='ocrx_word' id='word_1_205' title='bbox 1070 2545 1105 2593; x_wconf 92' lang='lat' dir='ltr'>ad</span> <span class='ocrx_word' id='word_1_206' title='bbox 1122 2545 1283 2605; x_wconf 70' lang='lat' dir='ltr'>scientiam,</span> <span class='ocrx_word' id='word_1_207' title='bbox 1307 2544 1380 2608; x_wconf 88' lang='lat' dir='ltr'>qnod</span> 
     </span>
     <span class='ocr_line' id='line_1_23' title="bbox 235 2610 1378 2677; baseline 0.001 -18"><span class='ocrx_word' id='word_1_208' title='bbox 235 2612 434 2675; x_wconf 87' lang='lat' dir='ltr'>scripturarum</span> <span class='ocrx_word' id='word_1_209' title='bbox 453 2612 606 2661; x_wconf 86' lang='lat' dir='ltr'>diuinarum</span> <span class='ocrx_word' id='word_1_210' title='bbox 624 2612 711 2661; x_wconf 87' lang='lat' dir='ltr'>series</span> <span class='ocrx_word' id='word_1_211' title='bbox 730 2610 948 2676; x_wconf 86' lang='lat' dir='ltr'>comprehendit:</span> <span class='ocrx_word' id='word_1_212' title='bbox 980 2612 1052 2672; x_wconf 81' lang='lat' dir='ltr'>Quin</span> <span class='ocrx_word' id='word_1_213' title='bbox 1070 2612 1213 2677; x_wconf 85' lang='lat' dir='ltr'>suspendit</span> <span class='ocrx_word' id='word_1_214' title='bbox 1230 2617 1331 2661; x_wconf 84' lang='lat' dir='ltr'>terram</span> <span class='ocrx_word' id='word_1_215' title='bbox 1349 2612 1378 2660; x_wconf 91' lang='lat' dir='ltr'>in</span> 
     </span>
     <span class='ocr_line' id='line_1_24' title="bbox 236 2679 1378 2744; baseline 0.001 -17"><span class='ocrx_word' id='word_1_216' title='bbox 236 2679 332 2729; x_wconf 83' lang='lat' dir='ltr'>nihilo.</span> <span class='ocrx_word' id='word_1_217' title='bbox 372 2679 436 2744; x_wconf 91' lang='lat' dir='ltr'>quid</span> <span class='ocrx_word' id='word_1_218' title='bbox 454 2679 533 2729; x_wconf 90' lang='lat' dir='ltr'>nobis</span> <span class='ocrx_word' id='word_1_219' title='bbox 551 2679 698 2740; x_wconf 86' lang='lat' dir='ltr'>discutere,</span> <span class='ocrx_word' id='word_1_220' title='bbox 721 2686 809 2728; x_wconf 88' lang='lat' dir='ltr'>utrum</span> <span class='ocrx_word' id='word_1_221' title='bbox 832 2679 860 2727; x_wconf 90' lang='lat' dir='ltr'>in</span> <span class='ocrx_word' id='word_1_222' title='bbox 884 2694 949 2728; x_wconf 87' lang='lat' dir='ltr'>aere</span> <span class='ocrx_word' id='word_1_223' title='bbox 972 2679 1094 2743; x_wconf 87' lang='lat' dir='ltr'>pendeat</span> <span class='ocrx_word' id='word_1_224' title='bbox 1115 2695 1151 2729; x_wconf 82' lang='lat' dir='ltr'>an</span> <span class='ocrx_word' id='word_1_225' title='bbox 1169 2694 1251 2744; x_wconf 89' lang='lat' dir='ltr'>snper</span> <span class='ocrx_word' id='word_1_226' title='bbox 1269 2694 1378 2743; x_wconf 84' lang='lat' dir='ltr'>aquam,</span> 
     </span>
     <span class='ocr_line' id='line_1_25' title="bbox 235 2746 1380 2810; baseline -0.001 -14"><span class='ocrx_word' id='word_1_227' title='bbox 235 2750 266 2796; x_wconf 84' lang='lat' dir='ltr'>ut</span> <span class='ocrx_word' id='word_1_228' title='bbox 283 2746 346 2796; x_wconf 87' lang='lat' dir='ltr'>inde</span> <span class='ocrx_word' id='word_1_229' title='bbox 370 2753 502 2796; x_wconf 88' lang='lat' dir='ltr'>nascatur</span> <span class='ocrx_word' id='word_1_230' title='bbox 526 2747 730 2805; x_wconf 75' lang='lat' dir='ltr'>controuersia,</span> <span class='ocrx_word' id='word_1_231' title='bbox 753 2746 886 2810; x_wconf 87' lang='lat' dir='ltr'>quomodo</span> <span class='ocrx_word' id='word_1_232' title='bbox 906 2746 977 2796; x_wconf 87' lang='lat' dir='ltr'>aeris</span> <span class='ocrx_word' id='word_1_233' title='bbox 1001 2752 1100 2796; x_wconf 85' lang='lat' dir='ltr'>natura</span> <span class='ocrx_word' id='word_1_234' title='bbox 1118 2746 1209 2797; x_wconf 88' lang='lat' dir='ltr'>tenuia</span> <span class='ocrx_word' id='word_1_235' title='bbox 1228 2752 1256 2796; x_wconf 87' lang='lat' dir='ltr'>et</span> <span class='ocrx_word' id='word_1_236' title='bbox 1273 2747 1380 2796; x_wconf 92' lang='lat' dir='ltr'>mollior</span> 
     </span>
     <span class='ocr_line' id='line_1_26' title="bbox 236 2813 1379 2880; baseline 0 -17"><span class='ocrx_word' id='word_1_237' title='bbox 236 2813 334 2863; x_wconf 88' lang='lat' dir='ltr'>molem</span> <span class='ocrx_word' id='word_1_238' title='bbox 353 2815 441 2878; x_wconf 85' lang='lat' dir='ltr'>possit</span> <span class='ocrx_word' id='word_1_239' title='bbox 458 2820 615 2864; x_wconf 87' lang='lat' dir='ltr'>sustentare</span> <span class='ocrx_word' id='word_1_240' title='bbox 634 2815 789 2863; x_wconf 79' lang='lat' dir='ltr'>terrenam?</span> <span class='ocrx_word' id='word_1_241' title='bbox 816 2819 863 2863; x_wconf 89' lang='lat' dir='ltr'>aut</span> <span class='ocrx_word' id='word_1_242' title='bbox 887 2814 1033 2877; x_wconf 80' lang='lat' dir='ltr'>quomodo,</span> <span class='ocrx_word' id='word_1_243' title='bbox 1058 2816 1082 2865; x_wconf 85' lang='lat' dir='ltr'>si</span> <span class='ocrx_word' id='word_1_244' title='bbox 1100 2831 1183 2880; x_wconf 89' lang='lat' dir='ltr'>super</span> <span class='ocrx_word' id='word_1_245' title='bbox 1201 2830 1301 2879; x_wconf 82' lang='lat' dir='ltr'>aquas,</span> <span class='ocrx_word' id='word_1_246' title='bbox 1324 2830 1379 2864; x_wconf 90' lang='lat' dir='ltr'>non</span> 
     </span>
     <span class='ocr_line' id='line_1_27' title="bbox 236 2881 1379 2947; baseline 0.001 -17"><span class='ocrx_word' id='word_1_247' title='bbox 236 2881 412 2946; x_wconf 84' lang='lat' dir='ltr'>demergatur</span> <span class='ocrx_word' id='word_1_248' title='bbox 434 2882 463 2930; x_wconf 88' lang='lat' dir='ltr'>in</span> <span class='ocrx_word' id='word_1_249' title='bbox 487 2896 587 2947; x_wconf 84' lang='lat' dir='ltr'>aquom</span> <span class='ocrx_word' id='word_1_250' title='bbox 610 2882 704 2945; x_wconf 80' lang='lat' dir='ltr'>grauis</span> <span class='ocrx_word' id='word_1_251' title='bbox 725 2882 805 2931; x_wconf 86' lang='lat' dir='ltr'>ruina</span> <span class='ocrx_word' id='word_1_252' title='bbox 828 2883 979 2931; x_wconf 80' lang='lat' dir='ltr'>terrarum?</span> <span class='ocrx_word' id='word_1_253' title='bbox 1008 2888 1056 2931; x_wconf 88' lang='lat' dir='ltr'>aut</span> <span class='ocrx_word' id='word_1_254' title='bbox 1084 2883 1218 2947; x_wconf 88' lang='lat' dir='ltr'>quomodo</span> <span class='ocrx_word' id='word_1_255' title='bbox 1242 2884 1268 2932; x_wconf 89' lang='lat' dir='ltr'>ei</span> <span class='ocrx_word' id='word_1_256' title='bbox 1295 2883 1379 2932; x_wconf 89' lang='lat' dir='ltr'>maris</span> 
     </span>
    </p>

    <p class='ocr_par' dir='ltr' id='par_1_6' title="bbox 159 2948 1380 3150">
     <span class='ocr_line' id='line_1_28' title="bbox 159 2948 1380 3009; baseline 0.001 -12"><span class='ocrx_word' id='word_1_257' title='bbox 159 2978 164 2997; x_wconf 54' lang='lat' dir='ltr'>i</span> <span class='ocrx_word' id='word_1_258' title='bbox 235 2948 310 2998; x_wconf 82' lang='lat' dir='ltr'>unda</span> <span class='ocrx_word' id='word_1_259' title='bbox 329 2964 383 2998; x_wconf 89' lang='lat' dir='ltr'>non</span> <span class='ocrx_word' id='word_1_260' title='bbox 402 2949 498 3009; x_wconf 85' lang='lat' dir='ltr'>cedat,</span> <span class='ocrx_word' id='word_1_261' title='bbox 518 2956 546 2999; x_wconf 91' lang='lat' dir='ltr'>et</span> <span class='ocrx_word' id='word_1_262' title='bbox 568 2949 597 2999; x_wconf 86' lang='lat' dir='ltr'>in</span> <span class='ocrx_word' id='word_1_263' title='bbox 616 2948 706 2998; x_wconf 86' lang='lat' dir='ltr'>latera</span> <span class='ocrx_word' id='word_1_264' title='bbox 725 2950 783 2998; x_wconf 89' lang='lat' dir='ltr'>eius</span> <span class='ocrx_word' id='word_1_265' title='bbox 801 2964 862 2998; x_wconf 88' lang='lat' dir='ltr'>sese</span> <span class='ocrx_word' id='word_1_266' title='bbox 881 2949 942 2999; x_wconf 91' lang='lat' dir='ltr'>loco</span> <span class='ocrx_word' id='word_1_267' title='bbox 960 2965 1010 3000; x_wconf 81' lang='lat' dir='ltr'>suo</span> <span class='ocrx_word' id='word_1_268' title='bbox 1028 2954 1102 3000; x_wconf 85' lang='lat' dir='ltr'>mota</span> <span class='ocrx_word' id='word_1_269' title='bbox 1125 2950 1279 3000; x_wconf 80' lang='lat' dir='ltr'>diffundat?</span> <span class='ocrx_word' id='word_1_270' title='bbox 1302 2949 1380 2999; x_wconf 87' lang='lat' dir='ltr'>multi</span> 
     </span>
     <span class='ocr_line' id='line_1_29' title="bbox 237 3016 1379 3083; baseline 0.001 -18"><span class='ocrx_word' id='word_1_271' title='bbox 237 3017 320 3065; x_wconf 87' lang='lat' dir='ltr'>etiam</span> <span class='ocrx_word' id='word_1_272' title='bbox 338 3017 367 3066; x_wconf 89' lang='lat' dir='ltr'>in</span> <span class='ocrx_word' id='word_1_273' title='bbox 386 3018 474 3067; x_wconf 90' lang='lat' dir='ltr'>medio</span> <span class='ocrx_word' id='word_1_274' title='bbox 494 3017 566 3067; x_wconf 87' lang='lat' dir='ltr'>aeris</span> <span class='ocrx_word' id='word_1_275' title='bbox 584 3022 686 3066; x_wconf 82' lang='lat' dir='ltr'>terram</span> <span class='ocrx_word' id='word_1_276' title='bbox 705 3032 766 3067; x_wconf 87' lang='lat' dir='ltr'>esse</span> <span class='ocrx_word' id='word_1_277' title='bbox 784 3017 912 3066; x_wconf 79' lang='lat' dir='ltr'>dixerunt</span> <span class='ocrx_word' id='word_1_278' title='bbox 931 3021 959 3066; x_wconf 88' lang='lat' dir='ltr'>et</span> <span class='ocrx_word' id='word_1_279' title='bbox 976 3017 1047 3067; x_wconf 88' lang='lat' dir='ltr'>mole</span> <span class='ocrx_word' id='word_1_280' title='bbox 1066 3033 1116 3068; x_wconf 87' lang='lat' dir='ltr'>sua</span> <span class='ocrx_word' id='word_1_281' title='bbox 1134 3016 1301 3067; x_wconf 89' lang='lat' dir='ltr'>immobilem</span> <span class='ocrx_word' id='word_1_282' title='bbox 1318 3032 1379 3083; x_wconf 87' lang='lat' dir='ltr'>per-</span> 
     </span>
     <span class='ocr_line' id='line_1_30' title="bbox 236 3083 1190 3150; baseline 0.002 -17"><span class='ocrx_word' id='word_1_283' title='bbox 236 3099 362 3145; x_wconf 79' lang='lat' dir='ltr'>manere,</span> <span class='ocrx_word' id='word_1_284' title='bbox 383 3084 454 3149; x_wconf 87' lang='lat' dir='ltr'>quod</span> <span class='ocrx_word' id='word_1_285' title='bbox 477 3084 618 3148; x_wconf 84' lang='lat' dir='ltr'>aequabili</span> <span class='ocrx_word' id='word_1_286' title='bbox 641 3089 716 3133; x_wconf 87' lang='lat' dir='ltr'>motu</span> <span class='ocrx_word' id='word_1_287' title='bbox 733 3084 799 3134; x_wconf 92' lang='lat' dir='ltr'>hine</span> <span class='ocrx_word' id='word_1_288' title='bbox 818 3090 901 3149; x_wconf 90' lang='lat' dir='ltr'>atque</span> <span class='ocrx_word' id='word_1_289' title='bbox 918 3083 982 3133; x_wconf 89' lang='lat' dir='ltr'>inde</span> <span class='ocrx_word' id='word_1_290' title='bbox 1000 3085 1190 3150; x_wconf 63' lang='lat' dir='ltr'>propendeat)</span> 
     </span>
    </p>
   </div>
   <div class='ocr_carea' id='block_1_5' title="bbox 236 3165 1472 3504">
    <p class='ocr_par' dir='ltr' id='par_1_7' title="bbox 236 3165 1472 3504">
     <span class='ocr_line' id='line_1_31' title="bbox 324 3165 1378 3235; baseline 0 -16"><span class='ocrx_word' id='word_1_291' title='bbox 324 3165 397 3221; x_wconf 50' lang='lat' dir='ltr'>itte</span> <span class='ocrx_word' id='word_1_292' title='bbox 414 3169 535 3219; x_wconf 84' lang='lat' dir='ltr'>Isidorus</span> <span class='ocrx_word' id='word_1_293' title='bbox 554 3169 588 3218; x_wconf 91' lang='lat' dir='ltr'>de</span> <span class='ocrx_word' id='word_1_294' title='bbox 606 3175 707 3218; x_wconf 87' lang='lat' dir='ltr'>natura</span> <span class='ocrx_word' id='word_1_295' title='bbox 724 3184 813 3218; x_wconf 89' lang='lat' dir='ltr'>rerum</span> <span class='ocrx_word' id='word_1_296' title='bbox 832 3168 933 3217; x_wconf 80' lang='lat' dir='ltr'>XLVI:</span> <span class='ocrx_word' id='word_1_297' title='bbox 963 3170 1013 3219; x_wconf 87' lang='lat' dir='ltr'>‘De</span> <span class='ocrx_word' id='word_1_298' title='bbox 1026 3174 1117 3219; x_wconf 90' lang='lat' dir='ltr'>terrae</span> <span class='ocrx_word' id='word_1_299' title='bbox 1131 3176 1214 3218; x_wconf 90' lang='lat' dir='ltr'>motu.</span> <span class='ocrx_word' id='word_1_300' title='bbox 1233 3170 1378 3235; x_wconf 81' lang='lat' dir='ltr'>Sapien-</span> 
     </span>
     <span class='ocr_line' id='line_1_32' title="bbox 237 3236 1378 3287; baseline 0.002 -3"><span class='ocrx_word' id='word_1_301' title='bbox 237 3240 291 3286; x_wconf 85' lang='lat' dir='ltr'>tes</span> <span class='ocrx_word' id='word_1_302' title='bbox 309 3236 402 3287; x_wconf 89' lang='lat' dir='ltr'>mundi</span> <span class='ocrx_word' id='word_1_303' title='bbox 420 3236 538 3285; x_wconf 88' lang='lat' dir='ltr'>dicunt</span> <span class='ocrx_word' id='word_1_304' title='bbox 558 3272 607 3286; x_wconf 88' lang='lat'>...</span> <span class='ocrx_word' id='word_1_305' title='bbox 629 3237 761 3286; x_wconf 82' lang='lat' dir='ltr'>existit.</span> <span class='ocrx_word' id='word_1_306' title='bbox 798 3238 839 3285; x_wconf 88' lang='lat' dir='ltr'>sic</span> <span class='ocrx_word' id='word_1_307' title='bbox 859 3237 931 3284; x_wconf 87' lang='lat' dir='ltr'>enim</span> <span class='ocrx_word' id='word_1_308' title='bbox 951 3241 979 3285; x_wconf 90' lang='lat' dir='ltr'>et</span> <span class='ocrx_word' id='word_1_309' title='bbox 997 3237 1127 3287; x_wconf 84' lang='lat' dir='ltr'>Lucanus</span> <span class='ocrx_word' id='word_1_310' title='bbox 1145 3238 1200 3287; x_wconf 88' lang='lat' dir='ltr'>ait:</span> <span class='ocrx_word' id='word_1_311' title='bbox 1238 3238 1378 3287; x_wconf 79' lang='lat' dir='ltr'>Terraene</span> 
     </span>
     <span class='ocr_line' id='line_1_33' title="bbox 237 3302 1379 3370; baseline 0 -17"><span class='ocrx_word' id='word_1_312' title='bbox 237 3303 397 3355; x_wconf 79' lang='lat' dir='ltr'>dehiscent?</span> <span class='ocrx_word' id='word_1_313' title='bbox 433 3309 461 3352; x_wconf 89' lang='lat' dir='ltr'>et</span> <span class='ocrx_word' id='word_1_314' title='bbox 479 3302 624 3369; x_wconf 78' lang='lat' dir='ltr'>Virgilius:</span> <span class='ocrx_word' id='word_1_315' title='bbox 659 3302 783 3353; x_wconf 89' lang='lat' dir='ltr'>Insolitis</span> <span class='ocrx_word' id='word_1_316' title='bbox 801 3308 972 3353; x_wconf 86' lang='lat' dir='ltr'>tremuerunt</span> <span class='ocrx_word' id='word_1_317' title='bbox 989 3304 1109 3353; x_wconf 86' lang='lat' dir='ltr'>motibus</span> <span class='ocrx_word' id='word_1_318' title='bbox 1133 3304 1225 3370; x_wconf 83' lang='lat' dir='ltr'>Alpes.</span> <span class='ocrx_word' id='word_1_319' title='bbox 1262 3310 1379 3353; x_wconf 85' lang='lat' dir='ltr'>terras</span> 
     </span>
     <span class='ocr_line' id='line_1_34' title="bbox 313 3371 1379 3436; baseline -0.001 -15.066"><span class='ocrx_word' id='word_1_320' title='bbox 313 3373 358 3421; x_wconf 85' lang='lat' dir='ltr'>iit</span> <span class='ocrx_word' id='word_1_321' title='bbox 381 3377 498 3421; x_wconf 85' lang='lat' dir='ltr'>terrae</span> <span class='ocrx_word' id='word_1_322' title='bbox 522 3376 639 3420; x_wconf 88' lang='lat' dir='ltr'>motus.</span> <span class='ocrx_word' id='word_1_323' title='bbox 682 3371 762 3421; x_wconf 85' lang='lat' dir='ltr'>huius</span> <span class='ocrx_word' id='word_1_324' title='bbox 792 3378 884 3420; x_wconf 85' lang='lat' dir='ltr'>autem</span> <span class='ocrx_word' id='word_1_325' title='bbox 913 3376 1005 3420; x_wconf 85' lang='lat' dir='ltr'>terrae</span> <span class='ocrx_word' id='word_1_326' title='bbox 1029 3373 1172 3421; x_wconf 83' lang='lat' dir='ltr'>commotio</span> <span class='ocrx_word' id='word_1_327' title='bbox 1199 3372 1320 3436; x_wconf 88' lang='lat' dir='ltr'>pertinet</span> <span class='ocrx_word' id='word_1_328' title='bbox 1343 3371 1379 3420; x_wconf 90' lang='lat' dir='ltr'>ad</span> 
     </span>
     <span class='ocr_line' id='line_1_35' title="bbox 236 3438 1472 3504; baseline -0.002 -15"><span class='ocrx_word' id='word_1_329' title='bbox 236 3439 381 3503; x_wconf 85' lang='lat' dir='ltr'>iudicium,</span> <span class='ocrx_word' id='word_1_330' title='bbox 410 3438 518 3504; x_wconf 88' lang='lat' dir='ltr'>quando</span> <span class='ocrx_word' id='word_1_331' title='bbox 542 3445 705 3504; x_wconf 84' lang='lat' dir='ltr'>peccatores</span> <span class='ocrx_word' id='word_1_332' title='bbox 729 3445 756 3488; x_wconf 89' lang='lat' dir='ltr'>et</span> <span class='ocrx_word' id='word_1_333' title='bbox 780 3439 883 3488; x_wconf 88' lang='lat' dir='ltr'>terreni</span> <span class='ocrx_word' id='word_1_334' title='bbox 905 3438 1029 3488; x_wconf 84' lang='lat' dir='ltr'>homines</span> <span class='ocrx_word' id='word_1_335' title='bbox 1052 3439 1152 3504; x_wconf 82' lang='lat' dir='ltr'>spiritu</span> <span class='ocrx_word' id='word_1_336' title='bbox 1173 3439 1228 3488; x_wconf 88' lang='lat' dir='ltr'>oris</span> <span class='ocrx_word' id='word_1_337' title='bbox 1250 3440 1296 3489; x_wconf 92' lang='lat' dir='ltr'>dei</span> <span class='ocrx_word' id='word_1_338' title='bbox 1314 3455 1380 3489; x_wconf 89' lang='lat' dir='ltr'>con·</span> <span class='ocrx_word' id='word_1_339' title='bbox 1469 3470 1472 3475; x_wconf 88' lang='lat'>-</span> 
     </span>
    </p>
   </div>
   <div class='ocr_carea' id='block_1_6' title="bbox 234 3652 1493 4503">
    <p class='ocr_par' dir='ltr' id='par_1_8' title="bbox 234 3652 1493 4503">
     <span class='ocr_line' id='line_1_36' title="bbox 324 3652 1380 3745; baseline -0.005 -24"><span class='ocrx_word' id='word_1_340' title='bbox 324 3672 335 3722; x_wconf 91' lang='lat' dir='ltr'>l</span> <span class='ocrx_word' id='word_1_341' title='bbox 355 3662 384 3719; x_wconf 89' lang='lat' dir='ltr'>in</span> <span class='ocrx_word' id='word_1_342' title='bbox 402 3658 530 3745; x_wconf 78' lang='lat' dir='ltr'>meridip</span> <span class='ocrx_word' id='word_1_343' title='bbox 546 3660 626 3717; x_wconf 89' lang='lat' dir='ltr'>aeris</span> <span class='ocrx_word' id='word_1_344' title='bbox 642 3662 667 3716; x_wconf 99' lang='lat' dir='ltr'><em>A</em></span> <span class='ocrx_word' id='word_1_345' title='bbox 677 3678 729 3717; x_wconf 87' lang='lat' dir='ltr'>om.</span> <span class='ocrx_word' id='word_1_346' title='bbox 746 3661 775 3716; x_wconf 86' lang='lat' dir='ltr'><em>E</em></span> <span class='ocrx_word' id='word_1_347' title='bbox 788 3653 801 3737; x_wconf 78' lang='lat' dir='ltr'>ll</span> <span class='ocrx_word' id='word_1_348' title='bbox 816 3658 948 3718; x_wconf 65' lang='lat' dir='ltr'>moine</span> <span class='ocrx_word' id='word_1_349' title='bbox 966 3653 1003 3715; x_wconf 75' lang='grc' dir='ltr'>Β1</span> <span class='ocrx_word' id='word_1_350' title='bbox 1019 3655 1146 3717; x_wconf 64' lang='lat' dir='ltr'>melate</span> <span class='ocrx_word' id='word_1_351' title='bbox 1162 3654 1202 3716; x_wconf 71' lang='lat'>13²</span> <span class='ocrx_word' id='word_1_352' title='bbox 1218 3652 1231 3739; x_wconf 75' lang='lat' dir='ltr'>ll</span> <span class='ocrx_word' id='word_1_353' title='bbox 1246 3678 1299 3717; x_wconf 89' lang='lat' dir='ltr'>suo</span> <span class='ocrx_word' id='word_1_354' title='bbox 1314 3654 1380 3717; x_wconf 88' lang='lat' dir='ltr'>AB¹</span> 
     </span>
     <span class='ocr_line' id='line_1_37' title="bbox 237 3737 1379 3825; baseline -0.003 -21"><span class='ocrx_word' id='word_1_355' title='bbox 237 3745 293 3804; x_wconf 80' lang='lat' dir='ltr'>suu</span> <span class='ocrx_word' id='word_1_356' title='bbox 311 3740 353 3803; x_wconf 75' lang='lat'>13²</span> <span class='ocrx_word' id='word_1_357' title='bbox 375 3740 388 3824; x_wconf 82' lang='grc' dir='ltr'>ΙΙ</span> <span class='ocrx_word' id='word_1_358' title='bbox 408 3745 582 3804; x_wconf 87' lang='lat' dir='ltr'>iumouilem</span> <span class='ocrx_word' id='word_1_359' title='bbox 600 3740 635 3800; x_wconf 87' lang='lat' dir='ltr'>B¹</span> <span class='ocrx_word' id='word_1_360' title='bbox 653 3738 666 3822; x_wconf 81' lang='grc' dir='ltr'>ΙΙ</span> <span class='ocrx_word' id='word_1_361' title='bbox 682 3752 699 3802; x_wconf 76' lang='lat'>‘2</span> <span class='ocrx_word' id='word_1_362' title='bbox 715 3742 758 3800; x_wconf 85' lang='lat' dir='ltr'>sic</span> <span class='ocrx_word' id='word_1_363' title='bbox 778 3763 899 3822; x_wconf 89' lang='lat' dir='ltr'>quoque</span> <span class='ocrx_word' id='word_1_364' title='bbox 919 3748 944 3801; x_wconf 90' lang='lat' dir='ltr'><em>A</em></span> <span class='ocrx_word' id='word_1_365' title='bbox 960 3737 973 3825; x_wconf 78' lang='lat' dir='ltr'>ll</span> <span class='ocrx_word' id='word_1_366' title='bbox 990 3743 1124 3822; x_wconf 87' lang='lat' dir='ltr'>equabili</span> <span class='ocrx_word' id='word_1_367' title='bbox 1140 3766 1176 3802; x_wconf 69' lang='lat' dir='ltr'>*a</span> <span class='ocrx_word' id='word_1_368' title='bbox 1190 3747 1216 3800; x_wconf 87' lang='lat' dir='ltr'><em>B</em></span> <span class='ocrx_word' id='word_1_369' title='bbox 1230 3739 1243 3824; x_wconf 75' lang='lat' dir='ltr'>ll</span> <span class='ocrx_word' id='word_1_370' title='bbox 1259 3753 1276 3806; x_wconf 86' lang='grc'>3</span> <span class='ocrx_word' id='word_1_371' title='bbox 1292 3763 1379 3802; x_wconf 89' lang='lat' dir='ltr'>omne</span> 
     </span>
     <span class='ocr_line' id='line_1_38' title="bbox 239 3821 1380 3911; baseline -0.001 -23"><span class='ocrx_word' id='word_1_372' title='bbox 239 3827 276 3888; x_wconf 89' lang='lat' dir='ltr'>B¹</span> <span class='ocrx_word' id='word_1_373' title='bbox 294 3824 306 3911; x_wconf 76' lang='lat' dir='ltr'>ll</span> <span class='ocrx_word' id='word_1_374' title='bbox 322 3839 432 3907; x_wconf 74' lang='lat' dir='ltr'>partes</span> <span class='ocrx_word' id='word_1_375' title='bbox 448 3833 475 3887; x_wconf 87' lang='lat' dir='ltr'><em>B</em></span> <span class='ocrx_word' id='word_1_376' title='bbox 490 3824 503 3911; x_wconf 82' lang='grc' dir='ltr'>ΙΙ</span> <span class='ocrx_word' id='word_1_377' title='bbox 518 3837 533 3884; x_wconf 79' lang='grc'>4</span> <span class='ocrx_word' id='word_1_378' title='bbox 548 3827 719 3908; x_wconf 86' lang='lat' dir='ltr'>peudeetA</span> <span class='ocrx_word' id='word_1_379' title='bbox 734 3821 747 3908; x_wconf 74' lang='lat' dir='ltr'>ll</span> <span class='ocrx_word' id='word_1_380' title='bbox 762 3828 910 3887; x_wconf 86' lang='lat' dir='ltr'>inclinare</span> <span class='ocrx_word' id='word_1_381' title='bbox 932 3831 957 3887; x_wconf 88' lang='lat' dir='ltr'><em>B</em></span> <span class='ocrx_word' id='word_1_382' title='bbox 972 3824 985 3909; x_wconf 76' lang='lat' dir='ltr'>ll</span> <span class='ocrx_word' id='word_1_383' title='bbox 1000 3841 1016 3891; x_wconf 82' lang='lat'>5</span> <span class='ocrx_word' id='word_1_384' title='bbox 1036 3830 1184 3907; x_wconf 86' lang='lat' dir='ltr'>spungiae</span> <span class='ocrx_word' id='word_1_385' title='bbox 1198 3834 1222 3885; x_wconf 92' lang='lat' dir='ltr'><em>A</em></span> <span class='ocrx_word' id='word_1_386' title='bbox 1239 3829 1380 3906; x_wconf 86' lang='lat' dir='ltr'>spongia-</span> 
     </span>
     <span class='ocr_line' id='line_1_39' title="bbox 237 3908 1381 3995; baseline -0.003 -21"><span class='ocrx_word' id='word_1_387' title='bbox 237 3935 303 3974; x_wconf 88' lang='lat' dir='ltr'>rum</span> <span class='ocrx_word' id='word_1_388' title='bbox 319 3917 345 3971; x_wconf 88' lang='lat' dir='ltr'><em>B</em></span> <span class='ocrx_word' id='word_1_389' title='bbox 359 3909 372 3994; x_wconf 79' lang='grc' dir='ltr'>Η</span> <span class='ocrx_word' id='word_1_390' title='bbox 387 3923 405 3975; x_wconf 82' lang='grc'>8</span> <span class='ocrx_word' id='word_1_391' title='bbox 420 3923 583 3994; x_wconf 87' lang='lat' dir='ltr'>querentes</span> <span class='ocrx_word' id='word_1_392' title='bbox 600 3914 624 3968; x_wconf 91' lang='lat' dir='ltr'><em>A</em></span> <span class='ocrx_word' id='word_1_393' title='bbox 639 3931 771 3991; x_wconf 89' lang='lat' dir='ltr'>querens</span> <span class='ocrx_word' id='word_1_394' title='bbox 788 3915 813 3967; x_wconf 87' lang='lat' dir='ltr'><em>B</em></span> <span class='ocrx_word' id='word_1_395' title='bbox 828 3908 841 3992; x_wconf 87' lang='grc' dir='ltr'>ΙΙ</span> <span class='ocrx_word' id='word_1_396' title='bbox 855 3913 917 3970; x_wconf 90' lang='lat' dir='ltr'>uim</span> <span class='ocrx_word' id='word_1_397' title='bbox 933 3915 958 3969; x_wconf 98' lang='lat' dir='ltr'><em>A</em></span> <span class='ocrx_word' id='word_1_398' title='bbox 976 3913 1006 3970; x_wconf 90' lang='lat' dir='ltr'>ni</span> <span class='ocrx_word' id='word_1_399' title='bbox 1023 3915 1101 3971; x_wconf 89' lang='lat' dir='ltr'>uiam</span> <span class='ocrx_word' id='word_1_400' title='bbox 1123 3916 1249 3971; x_wconf 79' lang='lat' dir='ltr'>Griulius</span> <span class='ocrx_word' id='word_1_401' title='bbox 1265 3908 1278 3995; x_wconf 80' lang='grc' dir='ltr'>ΙΙ</span> <span class='ocrx_word' id='word_1_402' title='bbox 1292 3915 1381 3976; x_wconf 69' lang='lat' dir='ltr'>duim</span> 
     </span>
     <span class='ocr_line' id='line_1_40' title="bbox 236 3990 1383 4081; baseline -0.002 -24"><span class='ocrx_word' id='word_1_403' title='bbox 236 4003 357 4072; x_wconf 78' lang='lat' dir='ltr'>scripsi:</span> <span class='ocrx_word' id='word_1_404' title='bbox 374 4018 441 4056; x_wconf 88' lang='lat' dir='ltr'>eum</span> <span class='ocrx_word' id='word_1_405' title='bbox 454 4002 508 4056; x_wconf 90' lang='lat' dir='ltr'>AB</span> <span class='ocrx_word' id='word_1_406' title='bbox 527 3994 542 4081; x_wconf 75' lang='lat' dir='ltr'>ll</span> <span class='ocrx_word' id='word_1_407' title='bbox 563 3996 674 4076; x_wconf 83' lang='lat' dir='ltr'>poterit</span> <span class='ocrx_word' id='word_1_408' title='bbox 693 3991 730 4053; x_wconf 87' lang='lat' dir='ltr'>B¹</span> <span class='ocrx_word' id='word_1_409' title='bbox 747 3996 880 4073; x_wconf 83' lang='lat' dir='ltr'>potuerit</span> <span class='ocrx_word' id='word_1_410' title='bbox 894 3992 932 4054; x_wconf 64' lang='lat' dir='ltr'>B2</span> <span class='ocrx_word' id='word_1_411' title='bbox 952 3990 967 4077; x_wconf 72' lang='lat' dir='ltr'>ll</span> <span class='ocrx_word' id='word_1_412' title='bbox 990 4006 1021 4058; x_wconf 87' lang='lat'>10</span> <span class='ocrx_word' id='word_1_413' title='bbox 1038 3997 1184 4056; x_wconf 86' lang='lat' dir='ltr'>deiecitnr</span> <span class='ocrx_word' id='word_1_414' title='bbox 1200 3993 1236 4055; x_wconf 87' lang='lat' dir='ltr'>A¹</span> <span class='ocrx_word' id='word_1_415' title='bbox 1254 3998 1383 4056; x_wconf 86' lang='lat' dir='ltr'>deicitur</span> 
     </span>
     <span class='ocr_line' id='line_1_41' title="bbox 237 4075 1420 4163; baseline -0.003 -21"><span class='ocrx_word' id='word_1_416' title='bbox 237 4079 275 4142; x_wconf 86' lang='lat' dir='ltr'>A²</span> <span class='ocrx_word' id='word_1_417' title='bbox 290 4083 397 4141; x_wconf 90' lang='lat' dir='ltr'>iscitnr</span> <span class='ocrx_word' id='word_1_418' title='bbox 408 4078 446 4140; x_wconf 75' lang='grc' dir='ltr'>Β1</span> <span class='ocrx_word' id='word_1_419' title='bbox 463 4083 608 4143; x_wconf 79' lang='lat' dir='ltr'>deincitur</span> <span class='ocrx_word' id='word_1_420' title='bbox 627 4077 666 4139; x_wconf 73' lang='lat'>8²</span> <span class='ocrx_word' id='word_1_421' title='bbox 682 4076 695 4161; x_wconf 87' lang='grc' dir='ltr'>ΙΙ</span> <span class='ocrx_word' id='word_1_422' title='bbox 711 4100 751 4138; x_wconf 73' lang='lat' dir='ltr'>e*</span> <span class='ocrx_word' id='word_1_423' title='bbox 765 4090 819 4139; x_wconf 66' lang='lat' dir='ltr'>sat</span> <span class='ocrx_word' id='word_1_424' title='bbox 831 4076 866 4137; x_wconf 70' lang='lat'>[1¹</span> <span class='ocrx_word' id='word_1_425' title='bbox 884 4075 898 4161; x_wconf 83' lang='grc' dir='ltr'>ΙΙ</span> <span class='ocrx_word' id='word_1_426' title='bbox 913 4079 1019 4157; x_wconf 87' lang='lat' dir='ltr'>algunt</span> <span class='ocrx_word' id='word_1_427' title='bbox 1030 4079 1065 4139; x_wconf 80' lang='grc' dir='ltr'>Α1</span> <span class='ocrx_word' id='word_1_428' title='bbox 1080 4090 1174 4159; x_wconf 82' lang='lat' dir='ltr'>agunt</span> <span class='ocrx_word' id='word_1_429' title='bbox 1189 4078 1226 4140; x_wconf 71' lang='grc' dir='ltr'>Α2</span> <span class='ocrx_word' id='word_1_430' title='bbox 1241 4077 1254 4163; x_wconf 80' lang='grc' dir='ltr'>ΙΙ</span> <span class='ocrx_word' id='word_1_431' title='bbox 1272 4092 1302 4143; x_wconf 86' lang='lat' dir='ltr'>tl</span> <span class='ocrx_word' id='word_1_432' title='bbox 1314 4083 1380 4140; x_wconf 88' lang='lat' dir='ltr'>uni·</span> <span class='ocrx_word' id='word_1_433' title='bbox 1413 4096 1420 4105; x_wconf 88' lang='lat'>·</span> 
     </span>
     <span class='ocr_line' id='line_1_42' title="bbox 237 4165 1379 4244; baseline -0.004 -18"><span class='ocrx_word' id='word_1_434' title='bbox 237 4177 427 4227; x_wconf 80' lang='lat' dir='ltr'>nereaterra</span> <span class='ocrx_word' id='word_1_435' title='bbox 445 4172 472 4226; x_wconf 90' lang='lat' dir='ltr'><em>B</em></span> <span class='ocrx_word' id='word_1_436' title='bbox 487 4168 661 4226; x_wconf 84' lang='lat' dir='ltr'>uniuersam</span> <span class='ocrx_word' id='word_1_437' title='bbox 681 4171 755 4224; x_wconf 82' lang='lat' dir='ltr'>enni.</span> <span class='ocrx_word' id='word_1_438' title='bbox 777 4166 925 4224; x_wconf 76' lang='lat' dir='ltr'>Beckerus</span> <span class='ocrx_word' id='word_1_439' title='bbox 945 4165 958 4244; x_wconf 73' lang='lat' dir='ltr'>ll</span> <span class='ocrx_word' id='word_1_440' title='bbox 980 4169 1133 4225; x_wconf 82' lang='lat' dir='ltr'>Sallustius</span> <span class='ocrx_word' id='word_1_441' title='bbox 1153 4170 1251 4224; x_wconf 76' lang='lat' dir='ltr'>tristor.</span> <span class='ocrx_word' id='word_1_442' title='bbox 1270 4167 1379 4240; x_wconf 68' lang='lat' dir='ltr'>fragm.</span> 
     </span>
     <span class='ocr_line' id='line_1_43' title="bbox 239 4248 1382 4334; baseline -0.004 -23"><span class='ocrx_word' id='word_1_443' title='bbox 239 4254 274 4312; x_wconf 92' lang='lat' dir='ltr'>Il</span> <span class='ocrx_word' id='word_1_444' title='bbox 296 4258 336 4310; x_wconf 80' lang='lat'>52</span> <span class='ocrx_word' id='word_1_445' title='bbox 358 4254 452 4311; x_wconf 82' lang='lat' dir='ltr'>Kritz.</span> <span class='ocrx_word' id='word_1_446' title='bbox 474 4248 488 4334; x_wconf 79' lang='lat' dir='ltr'>[l</span> <span class='ocrx_word' id='word_1_447' title='bbox 512 4252 657 4314; x_wconf 74' lang='lat' dir='ltr'>liuentis</span> <span class='ocrx_word' id='word_1_448' title='bbox 678 4254 881 4325; x_wconf 71' lang='lat' dir='ltr'>equitandum</span> <span class='ocrx_word' id='word_1_449' title='bbox 904 4252 983 4331; x_wconf 51' lang='lat' dir='ltr'>libris</span> <span class='ocrx_word' id='word_1_450' title='bbox 998 4254 1027 4307; x_wconf 83' lang='lat' dir='ltr'>in</span> <span class='ocrx_word' id='word_1_451' title='bbox 1045 4256 1134 4326; x_wconf 72' lang='lat' dir='ltr'>oriqq.</span> <span class='ocrx_word' id='word_1_452' title='bbox 1155 4252 1256 4307; x_wconf 83' lang='lat' dir='ltr'><em>XIIII</em></span> <span class='ocrx_word' id='word_1_453' title='bbox 1280 4255 1297 4307; x_wconf 88' lang='lat'><em>1</em></span> <span class='ocrx_word' id='word_1_454' title='bbox 1319 4252 1382 4307; x_wconf 85' lang='lat' dir='ltr'>Otto</span> 
     </span>
     <span class='ocr_line' id='line_1_44' title="bbox 234 4328 1493 4417; baseline -0.005 -22"><span class='ocrx_word' id='word_1_455' title='bbox 234 4339 377 4410; x_wconf 73' lang='lat' dir='ltr'>probante</span> <span class='ocrx_word' id='word_1_456' title='bbox 401 4339 526 4395; x_wconf 75' lang='lat' dir='ltr'>Kritzie:</span> <span class='ocrx_word' id='word_1_457' title='bbox 558 4336 641 4394; x_wconf 91' lang='lat' dir='ltr'>uenti</span> <span class='ocrx_word' id='word_1_458' title='bbox 666 4337 720 4392; x_wconf 87' lang='lat' dir='ltr'>AB</span> <span class='ocrx_word' id='word_1_459' title='bbox 740 4331 754 4417; x_wconf 74' lang='grc' dir='ltr'>ΙΙ</span> <span class='ocrx_word' id='word_1_460' title='bbox 774 4332 983 4414; x_wconf 74' lang='lat' dir='ltr'>praecipitatis</span> <span class='ocrx_word' id='word_1_461' title='bbox 1008 4337 1087 4394; x_wconf 85' lang='lat' dir='ltr'>Otto:</span> <span class='ocrx_word' id='word_1_462' title='bbox 1116 4333 1291 4413; x_wconf 89' lang='lat' dir='ltr'>precipitati</span> <span class='ocrx_word' id='word_1_463' title='bbox 1313 4328 1380 4391; x_wconf 82' lang='lat' dir='ltr'>AB¹</span> <span class='ocrx_word' id='word_1_464' title='bbox 1464 4359 1493 4395; x_wconf 67' lang='lat' dir='ltr'>..u</span> 
     </span>
     <span class='ocr_line' id='line_1_45' title="bbox 237 4415 951 4503; baseline -0.003 -24"><span class='ocrx_word' id='word_1_465' title='bbox 237 4422 413 4499; x_wconf 86' lang='lat' dir='ltr'>precipitati</span> <span class='ocrx_word' id='word_1_466' title='bbox 430 4416 470 4477; x_wconf 72' lang='lat'>3²</span> <span class='ocrx_word' id='word_1_467' title='bbox 485 4416 500 4503; x_wconf 75' lang='lat' dir='ltr'>ll</span> <span class='ocrx_word' id='word_1_468' title='bbox 514 4421 606 4500; x_wconf 72' lang='lat' dir='ltr'>inupti</span> <span class='ocrx_word' id='word_1_469' title='bbox 617 4416 657 4478; x_wconf 77' lang='grc' dir='ltr'>Βι</span> <span class='ocrx_word' id='word_1_470' title='bbox 672 4415 686 4500; x_wconf 78' lang='grc' dir='ltr'>ΙΙ</span> <span class='ocrx_word' id='word_1_471' title='bbox 702 4429 772 4480; x_wconf 86' lang='lat' dir='ltr'>sunt</span> <span class='ocrx_word' id='word_1_472' title='bbox 784 4417 909 4498; x_wconf 87' lang='lat' dir='ltr'>aliquod</span> <span class='ocrx_word' id='word_1_473' title='bbox 924 4423 951 4477; x_wconf 90' lang='lat' dir='ltr'><em>B</em></span> 
     </span>
    </p>
   </div>
   <div class='ocr_carea' id='block_1_7' title="bbox 0 0 1618 5000">
    <p class='ocr_par' dir='ltr' id='par_1_9' title="bbox 0 0 1618 5000">
     <span class='ocr_line' id='line_1_46' title="bbox 0 0 1618 5000; baseline 0 0"><span class='ocrx_word' id='word_1_474' title='bbox 0 0 1618 5000; x_wconf 95' lang='lat' dir='ltr'> </span> 
     </span>
    </p>
   </div>
  </div>
 </body>
</html>
