3200 4992
562 450 570 461 .
608 411 651 459 nn
673 409 761 461 sano
783 410 987 460 nonsaosou
1311 393 1371 460 tot

227 561 412 652 Aegyptios
433 573 610 651 supersunt
630 563 803 631 duodecim
821 564 991 629 mensibus
1013 573 1046 628 et
1062 564 1223 650 incipiunt
1244 587 1265 629 a
1285 584 1371 631 nono

228 666 412 757 Kalendas
425 666 627 753 Septembris
657 673 691 729 et
723 666 838 751 quinto
865 664 1089 730 Kalendarum
1119 674 1372 731 memoratarum

227 766 396 831 finiuntur.
420 782 668 832 nonantulanus
682 781 763 829 ntus
779 768 904 830 suntin
919 764 1039 848 quibus
1054 765 1103 830 sol
1124 776 1190 830 stat
1205 776 1371 831 crescente

225 1004 294 1071 sca).
331 1005 367 1056 ad
384 1022 442 1056 rem
459 1021 528 1056 sane
545 1005 694 1057 militarem
715 1005 785 1055 nihil
803 1007 922 1057 attinere
946 1009 1027 1055 notat
1043 1005 1144 1069 Varro,
1168 1010 1259 1055 utrum
1282 1006 1372 1056 fastus

228 1074 274 1122 uel
300 1075 428 1125 nefastus
451 1074 509 1123 dies
532 1074 582 1135 sit,
606 1073 656 1124 sod
678 1073 714 1125 ad
737 1074 812 1124 solas
834 1073 887 1124 hoc
911 1074 1038 1123 actiones
1066 1074 1204 1138 respicere
1226 1072 1371 1139 priuatas)

222 1140 335 1193 dellius
352 1141 377 1190 V
397 1140 441 1190 17:
465 1141 587 1191 ‘Verrius
605 1140 724 1191 Flaccus
746 1142 776 1191 in
798 1146 895 1206 quarto
918 1141 952 1189 de
974 1141 1119 1190 uerborum
1137 1141 1295 1206 significatu
1313 1140 1373 1190 dics

230 1208 276 1272 qui
294 1214 358 1258 sunt
374 1209 506 1274 postridie
525 1208 667 1258 Kalendas
684 1209 778 1258 Nonas
795 1209 874 1271 Idus,
899 1223 967 1273 quos
984 1208 1083 1272 uulgus
1101 1209 1228 1273 imperite
1247 1209 1373 1259 nefastos

229 1276 310 1333 dicit,
330 1282 442 1341 propter
458 1275 531 1325 hane
550 1291 663 1326 causam
681 1276 769 1326 dictos
787 1276 952 1340 habitosque
972 1281 1047 1326 atros
1065 1292 1126 1326 essa
1145 1277 1252 1327 scribit.
1288 1277 1370 1338 Vrbe,

230 1344 333 1407 inquit,
356 1358 374 1393 a
393 1342 480 1393 Gallis
499 1344 653 1393 Senonibus
671 1349 836 1409 recuperata
855 1344 887 1393 1..
905 1343 1006 1393 Atilius
1023 1344 1053 1392 in
1071 1350 1170 1393 senatu
1188 1344 1275 1393 uerba
1293 1344 1371 1406 fecit,

229 1411 263 1472 Q.
282 1411 434 1475 Sulpicium
451 1411 589 1460 tribunum
607 1411 724 1461 militum
743 1410 778 1459 ad
795 1410 896 1461 Alliam
919 1410 1051 1461 aduersus
1069 1410 1164 1461 Gallos
1187 1418 1372 1476 pugnaturum

229 1493 286 1527 rem
305 1478 427 1528 diuinam
445 1478 596 1528 dimicandi
614 1479 706 1544 gratia
723 1478 857 1542 postridie
869 1478 935 1528 Idus
953 1478 1068 1538 tecnam
1088 1485 1145 1528 tum
1161 1480 1312 1529 exercitum
1325 1494 1372 1544 po·

229 1545 288 1610 puli
310 1546 427 1595 Romani
450 1545 596 1596 occidione
620 1547 741 1597 occisum
766 1552 794 1595 ot
819 1552 882 1611 post
900 1545 972 1595 diem
990 1546 1101 1596 tertium
1128 1545 1186 1595 eius
1204 1547 1261 1597 diei
1278 1547 1374 1596 urbem
1395 1548 1400 1559 ’

229 1620 340 1678 praeter
353 1613 521 1678 capitolium
539 1618 650 1678 coptam
669 1629 743 1673 esse;
768 1613 976 1678 compluresque
998 1613 1048 1662 alii
1070 1618 1214 1664 senatores
1233 1615 1374 1664 recordari

230 1696 292 1730 sese
310 1681 445 1742 dixerunt,
467 1681 594 1745 quotiens
611 1680 678 1731 belli
696 1679 811 1745 gerendi
829 1682 921 1745 gratia
943 1696 988 1730 res
1006 1680 1101 1730 diuina
1118 1682 1251 1746 postridie
1270 1682 1373 1731 Kalen·
1393 1682 1400 1691 '

230 1748 281 1797 das
304 1749 397 1798 Nonas
424 1748 489 1797 Idus
519 1764 536 1797 a
558 1749 723 1813 magistratu
753 1748 848 1813 populi
863 1748 987 1797 Romani
1011 1748 1089 1798 facta
1111 1755 1199 1812 esset,
1224 1749 1282 1799 eius
1305 1749 1374 1798 belli

230 1815 353 1880 proximo
372 1816 504 1880 deinceps
521 1815 627 1880 proelio
645 1832 703 1865 rem
721 1815 860 1880 publicam
878 1815 950 1864 male
969 1821 1085 1883 gestam.
1114 1820 1298 1867 tunsoratus
1312 1833 1374 1866 earn

230 1898 288 1932 rem
307 1883 342 1932 ad
359 1883 504 1948 pontifices
523 1883 635 1946 reiecit,
659 1889 690 1932 ut
712 1884 766 1948 ipsi
785 1883 855 1947 quod
873 1882 1013 1932 uideretur
1030 1888 1194 1933 statuerent.
1229 1884 1374 1950 pontifices

231 1950 417 2000 decreuerunt
439 1949 542 1999 nullum
564 1949 608 2000 his
632 1950 730 2000 diebus
752 1950 919 1999 sacrificium
942 1955 1018 1999 recte
1042 1951 1171 2001 futurum.
1213 1956 1277 2000 ante
1301 1951 1374 2001 diem
1423 2003 1431 2008 ,

232 2033 338 2082 quoque
359 2022 484 2083 quartum
502 2017 548 2067 uel
565 2018 659 2067 Nonas
676 2017 722 2067 uel
740 2017 805 2067 Idus
823 2022 963 2081 tamquam
970 2017 1151 2067 inominalem
1164 2017 1236 2068 diern
1248 2019 1373 2083 plerique

231 2086 331 2135 uitant.
370 2086 429 2135 eius
446 2085 650 2135 obseruationis
670 2100 705 2137 an
723 2082 821 2149 religio
839 2084 896 2134 nlla
915 2085 952 2133 sit
963 2085 1066 2134 tradita
1079 2086 1175 2150 quaeri
1188 2086 1268 2135 solet.
1304 2086 1374 2135 nibil

231 2168 281 2203 nos
299 2168 381 2217 super
400 2168 434 2201 ea
452 2168 480 2202 re
499 2153 631 2217 scriptum
649 2153 818 2213 inuenimus,
843 2152 898 2200 nisi
922 2152 994 2216 quod
1016 2152 1049 2212 Q.
1075 2152 1207 2202 Claudius
1232 2154 1374 2203 annalium

231 2221 326 2284 quinto
345 2220 452 2269 cladem
475 2219 552 2269 illurn
570 2235 679 2285 pugnae
705 2219 860 2269 Cannensis
881 2219 1067 2269 uastissimsm
1089 2220 1193 2282 factam
1215 2220 1286 2270 dicit
1308 2229 1373 2269 ante

231 2288 303 2337 diem
321 2292 447 2351 quartum
464 2288 558 2337 Nonas
575 2285 719 2337 Sextiles'
742 2287 845 2336 Paulus
862 2286 941 2336 Festi
956 2300 982 2350 p.
999 2282 1168 2335 93:'‘Fastis
1186 2287 1284 2337 diebus
1301 2287 1373 2352 †iu·

232 2355 322 2404 cunda
335 2356 414 2416 (Scat.
427 2357 458 2404 ci.
472 2354 529 2417 ius)
543 2354 598 2404 fari
609 2355 727 2415 licebat,
747 2354 865 2404 nefastis
878 2353 1014 2418 quaedam
1026 2368 1081 2403 non
1092 2352 1196 2403 licebat
1209 2354 1284 2405 fari.'
1301 2356 1373 2404 Pau-

230 2422 272 2472 lus
285 2422 364 2471 Festi
375 2438 402 2486 p.
418 2420 477 2471 164:
493 2421 611 2472 ‘Nefasti
623 2422 683 2471 dies
695 2422 720 2471 N
732 2422 826 2471 littora
837 2418 988 2471 notantur!
1017 2421 1117 2481 Festus
1129 2436 1155 2485 p.
1172 2420 1232 2471 loo:
1253 2423 1373 2486 ‘Nefaati

231 2489 291 2539 dics
303 2496 423 2538 notentur
435 2490 460 2538 Ν
471 2493 559 2539 littera
571 2484 640 2554 ¹qrcod
649 2492 686 2539 cis
698 2491 773 2553 nefas
791 2495 830 2539 est
839 2491 959 2552 praetori
970 2494 1037 2552 aput
1050 2503 1129 2552 quern
1141 2492 1196 2553 lcpe
1208 2494 1305 2553 opiter,
1317 2492 1375 2553 sard

230 2560 283 2606 tria
294 2557 388 2606 uerba:
401 2559 434 2607 do
446 2559 503 2607 dico
516 2555 635 2607 addico.'
648 2557 751 2607 Paulus
763 2556 843 2607 Festi
855 2571 880 2621 p.
894 2554 958 2605 228:
974 2554 1109 2605 ‘Profesti
1121 2556 1180 2606 dies
1193 2558 1287 2623 procul
1301 2574 1318 2607 a
1330 2574 1371 2607 re·

231 2624 333 2689 ligioue
352 2623 595 2685 numinis0diuinist
623 2625 722 2675 Festus
734 2641 759 2689 p.
773 2623 835 2673 229:
854 2623 976 2674 Profesti
988 2623 1048 2673 dies
1061 2623 1125 2673 dicti
1136 2627 1265 2689 quoderat
1282 2628 1374 2690 procul

230 2694 378 2756 urelipioue
387 2694 491 2741 nandulo
501 2692 596 2740 diuini.
607 2691 748 2741 Caecilius
757 2692 786 2741 in
793 2726 932 2743 ..........
940 2692 977 2741 sti
986 2691 1148 2740 tantundem
1155 2727 1282 2743 .........
1290 2694 1373 2756 Afra-

231 2763 286 2808 nius
298 2761 326 2809 in
338 2760 479 2824 priuigno:
499 2774 581 2824 aeque
597 2761 716 2823 profesto
733 2759 897 2809 concelebras
905 2760 990 2822 socam
1002 2756 1063 2809 die.'
1089 2759 1194 2809 Nonius
1206 2776 1233 2824 p.
1246 2760 1311 2822 434,
1328 2759 1372 2809 10:

233 2828 360 2877 ‘Profecti
374 2832 402 2876 et
420 2826 556 2876 fastidies
570 2826 762 2877 discernuntur
779 2828 833 2877 sic:
854 2827 970 2892 profesti
988 2832 1052 2875 suut
1070 2841 1087 2874 a
1106 2826 1262 2877 festiuitate
1279 2829 1372 2878 uacui.

231 2894 362 2944 Afranius
380 2894 520 2959 priuigno:
550 2894 627 2955 Quae
647 2895 713 2945 festi
732 2896 824 2945 facere
843 2910 893 2944 nos
911 2893 1030 2944 solemus
1049 2893 1103 2953 die,
1123 2893 1271 2945 Cotidiano
1289 2911 1373 2961 opere

183 3016 187 3022 ,
232 2962 375 3026 promiscit
391 2963 496 3023 omnia,
522 2960 616 3026 Aeque
639 2963 762 3027 profesto
786 2962 965 3012 concelebras
990 2960 1101 3011 focum.'
1137 2961 1237 3012 Festus
1258 2980 1285 3028 p.
1308 2962 1372 3014 253:

234 3030 397 3080 ‘Profectum
417 3036 460 3079 est
477 3026 602 3091 †facere
616 3034 756 3095 tamquam
774 3030 918 3095 profanum
937 3030 1045 3091 facere,
1071 3028 1098 3078 id
1117 3034 1160 3078 est
1178 3031 1249 3094 quod
1267 3048 1300 3080 eo
1318 3031 1371 3092 die,
1431 3040 1435 3045 '

233 3098 279 3161 qui
297 3097 356 3148 dios
375 3097 506 3147 feriarum
523 3111 578 3145 non
597 3103 653 3159 est,
678 3098 697 3160 †
722 3098 824 3147 facere.
860 3097 904 3147 uel
928 3102 959 3146 ut
977 3096 1087 3161 quidam
1105 3097 1245 3160 dixerunt,
1269 3115 1318 3164 pro
1341 3114 1374 3149 eo

233 3165 327 3214 facere
346 3165 423 3213 uelut
441 3164 528 3213 feriae
547 3179 602 3213 uon
619 3165 688 3225 sint3
713 3171 761 3214 sut
777 3165 806 3214 id
825 3165 932 3226 fecere,
952 3163 1023 3228 quod
1041 3164 1109 3213 feris
1127 3163 1188 3214 fieri
1206 3180 1261 3214 non
1278 3166 1372 3215 liceat.

232 3233 326 3296 itaque
345 3232 417 3281 diem
435 3232 587 3296 profestum
606 3232 680 3281 diem
697 3234 757 3282 sine
776 3233 843 3283 feris
862 3229 943 3282 esse.’
962 3231 1065 3280 Patulus
1076 3233 1154 3280 Festi
1171 3248 1197 3296 p.
1216 3233 1280 3281 252:
1299 3234 1374 3283 ‘Pro-

233 3300 334 3348 festum
351 3299 424 3349 diem
442 3298 575 3348 dicebaut
594 3301 639 3363 qui
655 3300 742 3351 festus
755 3316 809 3350 non
822 3298 902 3349 erat)
925 3314 954 3365 p.
964 3297 1024 3348 103:
1046 3298 1124 3348 ‘lusti
1137 3298 1197 3357 dies
1209 3300 1375 3350 dicebantur

232 3368 362 3431 triginta,
388 3381 448 3415 cum
473 3368 611 3416 exercitus
635 3374 710 3417 essct
732 3370 883 3433 imperatus
907 3373 936 3417 st
957 3365 1089 3415 uexillum
1107 3367 1136 3415 in
1155 3382 1219 3416 arce
1237 3368 1374 3433 positum.l

232 3450 259 3498 p.
277 3432 340 3483 ⁶226:
361 3432 527 3483 ‘Procliares
546 3433 606 3483 dies
624 3436 801 3499 appellantur
819 3435 917 3500 quibus
941 3435 985 3484 fas
1009 3438 1051 3483 est
1069 3433 1175 3483 hostem
1193 3435 1267 3484 bello
1285 3434 1373 3484 laces·

232 3517 301 3550 sere.
339 3507 419 3551 erant
436 3501 509 3550 enim
528 3502 663 3565 quaedam
681 3503 768 3553 feriae
787 3503 926 3567 publicae,
945 3501 1043 3566 quibus
1057 3501 1135 3550 nefas
1148 3501 1202 3551 fuit
1214 3502 1241 3550 id
1259 3500 1373 3551 facere'

232 3569 333 3618 Festus
348 3586 374 3634 p.
396 3568 456 3617 178:
477 3569 616 3618 ‘Nonarum
633 3572 697 3631 dice,
710 3573 768 3619 itera
785 3570 891 3627 Iduum,
905 3569 1086 3621 Kalendarum
1098 3571 1182 3633 nuptis
1194 3572 1271 3619 alieni
1280 3570 1374 3619 daben-

232 3644 281 3693 tur,
296 3638 355 3702 quic
367 3651 453 3699 rsonae
465 3642 570 3700 nuptae
582 3638 619 3686 sic
631 3638 695 3686 diem
711 3640 837 3701 postridie
854 3640 956 3701 arreptius
972 3638 1086 3686 meditus
1098 3640 1186 3685 atrrun
1198 3636 1373 3700 inluciscerc,

232 3708 347 3769 quoniam
359 3706 463 3754 decreto
472 3705 618 3767 ponteficum
629 3706 683 3753 utri
692 3706 719 3754 ltt'
730 3708 787 3755 dies
801 3721 862 3755 esse
875 3705 991 3754 iudicati
999 3710 1065 3763 aaut,
1078 3705 1147 3769 quod
1157 3706 1375 3771 quotienscumque

231 3773 338 3821 lfomana·
349 3774 430 3821 duces
440 3770 509 3820 belli
521 3772 632 3835 gerendi
639 3773 764 3822 careretis
776 3773 863 3822 dicbus
874 3775 1060 3836 supplicarem,
1072 3776 1135 3821 male
1148 3787 1233 3837 remp.
1247 3771 1374 3838 gessere)

232 3839 420 3889 Pauluchsti
430 3855 456 3903 p.
468 3836 529 3887 179:
543 3838 692 3888 ‘Nonarum
704 3839 796 3888 iduum
805 3840 984 3889 calendarum
996 3838 1056 3888 dies
1068 3841 1161 3904 nuptis
1174 3840 1260 3890 alieni
1271 3840 1377 3893 haben·

231 3911 290 3970 tur,
308 3908 437 3971 quoniam
453 3906 483 3956 hi
499 3905 561 3957 dies
572 3906 684 3957 decreto
701 3907 860 3971 pontificum
873 3907 928 3957 atri
939 3906 1057 3956 iudicati
1069 3911 1142 3969 sunt,
1156 3908 1242 3972 quod,
1255 3909 1375 3973 quoties·

233 3989 340 4038 cunque
346 3974 464 4025 Romani
475 3973 560 4024 duces
572 3973 640 4024 belli
648 3974 764 4039 gerendi
776 3974 869 4038 gratia
882 3973 925 4025 hia
938 3973 1035 4024 dicbus
1049 3975 1290 4040 supplicauerunt,
1303 3976 1375 4026 male

321 4174 331 4223 t
352 4161 419 4221 XII
433 4157 471 4221 A¹
489 4161 571 4220 XIII
589 4157 627 4218 Α2
648 4155 662 4242 ΙΙ
683 4160 803 4222 aVIIII
820 4154 856 4218 11¹
877 4181 956 4229 anno
975 4156 1014 4219 A²
1034 4155 1048 4241 ΙΙ
1062 4160 1109 4220 let
1124 4164 1209 4221 AGM
1223 4162 1375 4223 Kalendis

234 4242 275 4304 B²
295 4241 301 4328 Ι
330 4249 361 4305 in
378 4248 482 4325 quinto
499 4242 565 4304 dili
586 4238 599 4326 ss
622 4241 867 4324 memoratarum]
887 4245 1051 4303 earundem
1071 4248 1103 4303 M
1116 4243 1129 4326 {l
1144 4258 1161 4309 3
1179 4246 1375 4305 solestitialcs

235 4333 291 4389 GM
314 4328 319 4413 Ι
335 4332 484 4390 crescenti
504 4334 585 4404 culpo
599 4325 612 4411 ΙΙ
630 4326 801 4407 crescente]
814 4330 846 4390 iu
857 4331 972 4389 maiore
983 4329 1144 4389 latitudine
1157 4336 1247 4410 quarn
1261 4328 1376 4389 babere

233 4418 331 4495 possit
346 4423 505 4475 crescente
520 4418 557 4473 al.
