3200 4992
628 446 670 524 pa
694 446 900 492 oasronmvs
1291 424 1328 491 81

277 595 394 661 XXVI
420 619 505 661 anno
526 599 642 662 aetatis
659 595 774 691 Cicero
790 596 961 677 Quintium
983 595 1131 661 defendit
1149 607 1286 678 (11:673).
1346 582 1421 656 51*

277 701 396 763 Roscio
417 709 530 762 contra
553 698 800 786 Chrysogonum
817 697 951 763 defenso
974 698 1089 763 Cicero
1111 699 1259 762 Athenas
1281 723 1328 765 se·
1344 691 1421 760 52*

193 803 280 867 cedit
302 808 340 875 (a.
359 813 450 880 ow:
474 809 506 863 et
529 800 606 865 inde
627 811 701 886 post
721 803 896 864 triennium
917 801 1052 864 Romam
1076 800 1268 885 regreditur.

278 902 393 968 Cicero
408 903 442 965 in
461 902 560 967 exilio
575 923 694 966 annum
710 902 789 966 facit
807 901 983 967 honorifice
1001 912 1171 988 susceptus
1193 925 1213 967 a
1235 904 1330 968 Plan·
1347 911 1422 984 53*

170 1006 243 1073 ecio
265 1010 297 1085 (†
311 1031 338 1067 α.
359 1012 436 1082 693).
1289 998 1294 1003 ’

278 1105 394 1171 Cicero
417 1107 451 1168 in
472 1104 647 1169 Formiano
670 1127 729 1169 suo
752 1105 793 1169 ab
813 1105 978 1195 Herennio
1007 1115 1039 1170 et
1060 1104 1188 1192 Popilio
1210 1107 1327 1171 occidi·
1346 1094 1421 1167 54*

192 1218 246 1273 tur
266 1205 402 1270 LXlllI
421 1208 537 1270 aetatis
560 1228 638 1270 suae
660 1227 745 1270 anno
770 1212 808 1285 (a.
834 1218 911 1287 711).
942 1205 1121 1272 ·Ciceronis
1142 1217 1241 1293 caput
1261 1230 1333 1272 enm
1416 1263 1424 1269 .

192 1331 293 1374 manu
328 1308 444 1373 dextra
469 1331 527 1395 pro
554 1309 668 1372 rostris
693 1311 834 1395 positum
861 1298 1016 1396 iustaque
1045 1318 1199 1375 coronata
1225 1311 1350 1396 imago.

193 1410 300 1498 Popili
325 1410 438 1473 militis
461 1410 517 1496 qui
539 1412 619 1474 eum'
633 1410 807 1474 occiderat.

747 1516 781 1575 H

162 1628 186 1668 ιο
265 1615 314 1689 ut.
349 1612 512 1661 canlmvs
540 1605 647 1660 orator
680 1597 788 1661 clariis
815 1596 953 1661 hebetur
982 1604 1020 1671 (e.
1043 1606 1128 1675 nstv:
1160 1601 1215 1685 qni
1244 1597 1330 1665 hello
1348 1591 1422 1664 55*

399 1767 513 1817 ‘Tullius
533 1774 644 1819 aeratas
662 1770 793 1834 raptabat
811 1771 839 1818 in
859 1771 969 1834 agmina
987 1776 1099 1831 turmas,

397 1837 476 1952 repis
494 1837 639 1903 progenies
659 1842 687 1886 et
704 1837 784 1887 Tullo
802 1839 915 1903 sanguis
934 1839 969 1887 ab
989 1838 1055 1900 alto,

397 1905 426 1953 in
446 1904 488 1953 ole
508 1905 568 1968 pro!
588 1910 691 1969 quanta
709 1905 827 1965 iuuenis,
847 1912 1030 1973 qarantumque
1044 1907 1157 1956 daturus

396 1973 536 2022 Ausoniae
554 1972 662 2037 populis
679 1979 796 2023 uentura
814 1975 842 2023 in
861 1973 974 2023 saecula
991 1973 1100 2024 ciuem’
1387 2029 1389 2032 Α

282 2039 579 2104 51*11ier0nymus01.
593 2040 648 2102 174,
661 2041 685 2090 4.
700 2038 755 2094 52*
765 2041 949 2107 Hieronymus
957 2041 999 2091 Ol.
1014 2041 1069 2103 175,
1087 2042 1222 2091 l.Gellins
1234 2042 1283 2091 XV
1293 2043 1334 2105 28,

199 2108 277 2159 1—5:
297 2107 452 2157 ‘Cornelius
465 2108 556 2171 Nepos
570 2113 598 2155 et
611 2124 698 2158 rerum
716 2111 865 2159 memoriae
878 2126 932 2159 non
944 2109 1095 2175 indiligens
1108 2116 1136 2158 et
1148 2112 1184 2159 M.
1194 2112 1336 2159 Ciceronis

197 2183 228 2227 ut
245 2178 289 2241 qui
308 2178 425 2225 maxime
444 2177 549 2224 amicus
567 2176 714 2226 familiaris
732 2178 793 2226 luit.
813 2184 895 2242 atque
915 2178 939 2226 is
956 2179 1089 2227 tamenin
1104 2177 1233 2227 librorum
1249 2180 1336 2242 primo

198 2261 264 2310 quos
279 2245 311 2293 de
325 2245 385 2293 uita
398 2243 473 2292 illius
487 2246 640 2308 composuit
652 2260 758 2294 errasse
771 2245 894 2308 uidetur,
913 2261 972 2294 cum
987 2260 1047 2295 eum
1060 2246 1172 2310 scripsit
1186 2250 1240 2294 tres
1255 2250 1283 2293 et
1295 2248 1335 2295 ui·

197 2313 269 2377 giuti
286 2328 373 2362 annes
390 2316 485 2360 natum
502 2313 618 2375 primum
637 2326 749 2362 eausam
762 2314 857 2362 iudicii
874 2312 979 2378 publici
997 2313 1087 2378 egisse
1101 2315 1266 2376 Sextumque
1284 2314 1336 2362 Ro·

190 2382 285 2448 ‚seium
297 2379 441 2445 parricidii
454 2394 529 2428 reum
543 2379 710 2431 defendisse.
723 2381 903 2430 dinumeratis
914 2382 1013 2445 quippe
1027 2381 1108 2430 annis
1121 2396 1137 2430 a
1150 2380 1182 2442 Q.
1197 2382 1336 2446 Caepione

198 2455 226 2497 et
238 2450 270 2510 Q.
284 2450 410 2509 Serrano,
429 2447 526 2511 quihus
540 2448 698 2499 consulibus
717 2454 782 2498 ante
795 2450 868 2498 diem
880 2450 991 2498 tertium
1005 2449 1099 2498 Nonas
1115 2449 1238 2499 Ianuarii
1252 2465 1285 2498 m.
1298 2451 1335 2499 M.

197 2518 295 2567 Cicero
307 2522 388 2565 natus
402 2522 453 2577 est,
469 2514 502 2563 ad
513 2517 549 2565 M.
557 2515 677 2565 Tullium
690 2522 718 2566 et
731 2518 779 2566 Cn.
792 2517 977 2578 Dolabellam,
991 2517 1088 2581 quibus
1102 2516 1259 2566 consulibus
1272 2533 1336 2566 cau·

196 2602 254 2637 sam
267 2584 404 2649 priuatam
417 2598 465 2647 pro
483 2581 613 2643 Quinctio
632 2585 704 2650 apud
721 2584 860 2649 Aquilium
878 2584 986 2634 Gallum
1004 2584 1122 2638 iudicem
1139 2586 1222 2646 dixit,
1243 2600 1291 2634 sex
1309 2591 1337 2633 et

198 2654 299 2719 uiginti
318 2652 383 2701 anni
401 2651 582 2716 reperiuntur.
601 2667 688 2716 neque
707 2651 818 2702 dubium
837 2659 893 2713 est,
914 2653 979 2717 quin
996 2659 1059 2718 post
1071 2668 1171 2702 annum
1190 2667 1270 2718 quam
1288 2668 1337 2718 pro

198 2721 312 2783 Quintio
321 2719 496 2771 dixerate‘ex.
508 2719 636 2768 Roscium
648 2736 723 2771 rcum
736 2721 878 2785 parricidii
891 2721 1052 2783 defenderit,
1067 2736 1155 2770 annos
1169 2722 1223 2770 lam
1234 2726 1337 2786 septem

199 2782 281 2853 amne
294 2788 396 2852 uiginti
407 2791 503 2849 natus,
521 2787 552 2835 L.
568 2787 644 2836 Sulla
656 2788 752 2837 Felice
770 2790 842 2850 11Q.
856 2789 970 2839 Metello
982 2789 1033 2838 Pio
1047 2789 1212 2838 consulibus.
1237 2790 1266 2839 in
1284 2805 1337 2854 qua
1353 2842 1356 2849 ,

198 2873 227 2905 re
251 2857 335 2906 etiam
359 2853 546 2905 Fenestellam
571 2870 677 2905 errasse
702 2857 842 2906 Pedianus
865 2857 999 2907 Asconius
1023 2856 1236 2917 animaduertit,
1267 2857 1338 2921 quod

199 2940 261 2975 eum
283 2923 426 2988 scripserit
449 2927 526 2972 sexto
549 2923 700 2973 uicensimo
725 2926 827 2973 aetatis
851 2940 923 2974 anno
938 2941 987 2991 pro
1006 2926 1068 2993 ξεν.
1092 2925 1191 2975 Roscio
1216 2923 1336 2974 dixisse)
1433 2946 1437 2955 «

284 2990 338 3046 53*
363 2992 547 3054 Hieronymus
565 2990 608 3040 01.
634 2989 695 3053 179,
715 2992 738 3040 4.
781 2992 866 3042 Falsa
889 2993 996 3042 notatio
1015 2998 1072 3054 est,
1096 3007 1157 3041 eum
1176 2992 1337 3042 Ciceronem

200 3062 235 3111 ab
258 3059 347 3126 aprili
377 3074 401 3108 a.
430 3056 481 3107 lillli
508 3074 593 3122 usque
616 3058 652 3108 ad
674 3060 806 3110 Sextilem
831 3076 855 3110 a.
879 3060 928 3113 697
955 3061 1039 3110 Italia
1067 3061 1190 3110 caruisse
1220 3065 1336 3110 constet.

201 3129 299 3179 Chron.
322 3127 417 3192 pasch.
461 3124 545 3187 .352,
563 3127 592 3175 5:
621 3117 692 3179 Ἀενο
713 3119 803 3194 α’ρβοα
820 3123 870 3178 καὶ
888 3121 1038 3193 Πούλχρου
1062 3128 1102 3190 (a
1127 3128 1191 3192 700)
1209 3122 1339 3193 Κικέρων

200 3188 324 3262 ὀᾶήτωρ
347 3183 405 3244 α’πὸ
428 3143 541 3258 §salae
562 3187 681 3260 μετεκλή
708 3212 725 3261 η
749 3192 797 3246 διὰ
815 3194 914 3261 μηνῶν
931 3188 970 3261 ιή.
995 3198 1019 3246 si
1038 3210 1055 3245 a
1078 3195 1151 3246 falsa
1175 3197 1241 3246 anni
1259 3201 1338 3246 nota·

200 3267 276 3315 tione
295 3263 467 3325 discesseris,
486 3260 592 3311 relicua
611 3279 644 3315 ex
662 3263 825 3329 Phlegontis
842 3256 997 3330 ἀναγραφῇ
1016 3269 1169 3314 manarant.

286 3328 338 3387 54*
356 3331 539 3393 Hieronymus
552 3329 595 3379 Ol.
612 3330 671 3393 184,
686 3332 709 3379 2.
736 3332 771 3381 ef.
784 3333 948 3383 Plutarchus
962 3332 1020 3382 Cic.
1039 3330 1072 3381 48
1090 3348 1102 3382 s
1124 3369 1130 3381 .
1154 3331 1299 3395 syncellus
1331 3368 1337 3380 .

200 3402 265 3462 577,
292 3398 322 3446 111
345 3414 389 3462 sq:
415 3395 568 3461 (Octauiano
591 3400 749 3463 imperante)
773 3393 901 3478 Κικέρων
924 3392 940 3450 ὁ
962 3392 1058 3478 deincep
1078 3349 1128 3449 soil
1155 3348 1339 3480 deprimentis

202 3461 234 3519 ἓν
252 3462 371 3524 Γαΐταις
383 3456 515 3531 ἀνῃρέθη
527 3463 578 3530 τῆς
594 3465 722 3531 Ἰταλίας,
740 3460 777 3525 ὠς
791 3460 823 3517 dl
841 3468 921 3518 αλλοι
934 3464 1023 3532 φασὶν
1041 3483 1084 3518 οτι
1097 3484 1240 3534 φαρμακῳ
1256 3460 1338 3531 ¹driu>a

200 3537 302 3602 θειρεν
319 3526 431 3585 ἔαυτόν.
467 3534 535 3583 item
555 3550 588 3583 ex
606 3535 726 3585 Eusebio
744 3536 928 3600 Hieronymus
944 3536 986 3585 Ol.
1009 3534 1069 3597 184,
1087 3536 1104 3584 4
1123 3535 1158 3598 (a.
1180 3536 1258 3601 713):
1278 3533 1337 3583 ‘Ci-

202 3622 266 3655 cero
289 3612 319 3653 ut
342 3601 504 3667 quibusdam
528 3601 621 3667 placet
644 3602 809 3653 interficitur
832 3607 861 3654 in
879 3602 1004 3654 Ceteris!
1041 3603 1077 3652 ef.
1105 3602 1234 3653 Valerius
1251 3600 1338 3652 Maxi·

202 3689 261 3724 mus
278 3674 303 3721 V
321 3670 349 3730 3,
369 3670 393 3719 4.
430 3669 533 3719 Chron.
548 3669 642 3734 pasch.
661 3687 687 3736 p.
706 3670 769 3733 360,
797 3669 840 3721 16:
871 3663 918 3722 lul
935 3663 1043 3722 τούτων
1059 3662 1177 3720 ὑπατων
1195 3660 1339 3735 (Ἀγρίππα

201 3738 251 3792 καὶ
269 3732 382 3791 Γάλλου
399 3754 423 3787 a.
447 3738 505 3801 717)
523 3731 652 3802 Κικέρων
670 3730 761 3804 deicere
780 3729 930 3790 α’πέθανεν
947 3731 1106 3796 καλάνδαις
1123 3734 1246 3796 Meiere.
1269 3738 1339 3787 haee

202 3815 312 3876 praeter
331 3806 432 3856 salsam
449 3806 580 3870 temporis
598 3808 768 3857 notationem
787 3808 909 3858 eiusdem
927 3807 1088 3872 Phlegontis
1106 3813 1175 3857 sunt.

279 3873 341 3929 ⁸55*
353 3875 537 3937 Hieronymus
550 3874 593 3924 Ol.
610 3874 669 3933 ise,
689 3875 713 3924 l.
727 3875 764 3925 ei.
778 3876 877 3926 Cicero
889 3877 965 3926 Brut.
986 3892 1009 3925 e.
1022 3874 1056 3924 711
1074 3890 1113 3939 sq.
1126 3874 1250 3925 Velleius
1262 3875 1290 3924 11
1307 3871 1341 3924 36

203 3944 392 4009 Quintilianus
404 3942 457 3992 XII
474 3940 512 4003 10,
535 3940 573 3990 10.
586 3940 626 3991 311.
657 3942 708 3993 Illo
728 3959 799 3993 anno
813 3949 923 4009 praetor
938 3944 999 4005 suit,
1019 3958 1133 4007 eumque
1146 3943 1179 3992 de
1192 3943 1281 3993 reditu
1294 3942 1340 3991 Ci-

204 4014 312 4065 ceronis
331 4016 393 4061 oeto
411 4010 515 4059 tribuni
527 4011 699 4075 rogationem
710 4013 923 4078 promulgarent,
942 4012 1083 4061 sententia
1100 4026 1150 4060 sua
1168 4026 1249 4075 qnam
1267 4016 1342 4060 esset

204 4084 258 4133 sibi
271 4096 337 4132 cara
350 4078 492 4149 Ciceronis
505 4077 580 4127 salus
591 4077 754 4129 declaravit.
778 4080 815 4130 el'.
829 4081 926 4129 Cicero
939 4085 1001 4144 post
1013 4079 1069 4128 red.
1083 4080 1111 4127 in
1124 4084 1211 4128 senat.
1225 4078 1241 4127 ll
1259 4077 1340 4128 Pide·

205 4154 249 4201 rit.
278 4151 311 4200 de
335 4146 499 4212 Apollodoro
526 4162 552 4211 p.
584 4146 614 4195 14
645 4146 674 4211 C.
699 4147 729 4197 P.
752 4148 927 4198 Hermannns
950 4147 967 4197 l.
992 4163 1015 4197 c.
1039 4147 1224 4197 Caesarianas
1247 4150 1341 4211 partes

289 4318 302 4369 1
317 4306 428 4365 aetatis
447 4304 475 4361 Β
487 4305 588 4377 (Scal.)
609 4306 718 4364 aetatis
731 4322 805 4362 suae
817 4305 844 4360 P
862 4299 875 4379 li
896 4310 913 4362 4
931 4298 1050 4380 Cycero
1070 4302 1096 4357 Β
1110 4295 1124 4381 ΙΙ
1139 4298 1212 4357 feeit
1225 4300 1253 4353 B
1266 4296 1340 4355 fecit

205 4388 524 4551 ffiilfllpigiiemnifl
534 4391 560 4445 Β
574 4384 587 4470 ΙΙ
603 4389 726 4467 9Popili
742 4391 768 4445 Β
779 4387 890 4464 Popilii
900 4388 1000 4458 (Seni.)
1017 4379 1030 4465 ΙΙ
1048 4395 1080 4445 10
1092 4379 1337 4443 CalidiusBOal·

241 4594 361 4630 svsrosr
380 4592 442 4628 aar..
1117 4569 1137 4631 6
