3200 4992
601 378 643 418 ne
664 348 763 423 tusis⁴
777 378 991 421 mnvsrnmvs
1306 360 1366 422 135

225 527 333 593 cabuli
348 524 514 614 qualitate.
550 525 765 589 instrumenta
783 534 858 589 sunt
869 524 1036 588 scribendi
1048 525 1193 590 calamus
1206 534 1237 591 ct
1249 549 1366 614 penna.

224 652 267 695 ex
288 628 340 692 his
363 628 450 691 enim
471 627 573 691 uerba
596 626 726 711 paginis
754 625 951 711 infiguntur:
981 626 1039 690 sed
1067 627 1211 691 calamus
1240 629 1366 693 arboris

225 739 284 811 est,
307 750 415 815 penna
437 728 520 791 auis.
558 727 665 791 dictus
688 735 796 790 antem
815 725 960 790 calamus
976 726 1062 813 quod
1077 728 1236 815 liquorem
1255 740 1365 816 ponat.

190 879 195 887 -
225 853 299 897 nam
321 829 409 916 apud
429 837 546 893 nautas
567 828 674 892 calare
693 848 814 915 ponere
835 827 973 905 dicitur:
1000 851 1108 915 penna
1129 840 1238 895 eutem
1256 853 1366 918 apen·

203 932 331 997 edendo
353 938 471 995 uocata
494 930 527 994 id
549 939 600 994 est
627 928 779 994 uolando.
816 939 865 993 est
893 931 986 1003 enirn¹
1007 939 1043 993 ut
1072 930 1215 995 diximus
1244 935 1365 997 auium.

224 1034 304 1098 solia
331 1041 441 1097 autem
467 1030 625 1095 librorum
654 1029 819 1117 appellata
847 1031 918 1094 siue
952 1054 994 1095 ex
1021 1030 1239 1097 similitudine
1274 1035 1367 1127 folio·

194 1196 197 1199 .
224 1157 294 1198 rum
328 1132 481 1199 arborum
514 1133 584 1196 siue
610 1133 688 1219 quia
715 1155 757 1197 cx
789 1131 923 1197 follibus
948 1133 1032 1197 fiunt
1058 1133 1093 1197 id
1121 1143 1171 1197 est
1205 1157 1248 1197 ex
1275 1134 1366 1221 pelli-

224 1237 285 1300 bus
314 1256 399 1322 quac
426 1234 466 1298 de
486 1234 606 1307 occisis
627 1233 808 1320 pecudibus
831 1234 959 1297 detrahi
986 1234 1101 1299 solent.
1143 1236 1236 1300 cuius
1256 1245 1366 1322 partes

226 1338 367 1422 paginae
390 1334 551 1417 dicuntur,
575 1357 613 1400 eo
631 1335 718 1420 quod
739 1335 803 1399 sibi
822 1336 963 1399 inuicem
979 1339 1258 1421 compaginantur.
1294 1360 1367 1402 uer-

193 1462 216 1507 to
226 1460 280 1502 sus
308 1445 418 1502 autem
443 1437 557 1499 uocati
580 1434 696 1519 uulgo,
728 1436 805 1520 quia
834 1437 881 1499 sic
910 1436 1098 1501 scribebant
1123 1435 1248 1524 antiqui
1283 1441 1367 1504 sicut

225 1522 336 1607 aratur
357 1547 454 1601 terra.
497 1558 518 1601 a
540 1537 674 1600 sinistra
696 1536 781 1600 enim
808 1536 850 1601 ad
877 1537 1043 1613 dexteram
1066 1539 1207 1623 primum
1229 1539 1367 1605 deduce·

225 1642 305 1705 bant
332 1638 458 1714 stilum,
493 1637 612 1702 deinde
644 1638 918 1702 conuertebantur
947 1636 988 1702 ab
1012 1638 1166 1704 inforiore
1201 1649 1234 1705 et
1255 1663 1368 1707 rursus

225 1742 268 1804 ad
280 1741 448 1805 dexteram
461 1760 591 1804 uersus:
610 1766 650 1802 *s
665 1760 745 1826 quos
761 1738 922 1825 hodieque
939 1741 1053 1805 mstici
1063 1741 1368 1828 uersusappellant.

226 1841 348 1906 scheda
376 1849 440 1923 est,
468 1839 555 1927 quod
584 1838 690 1904 adhuc
711 1839 904 1904 emendatur
926 1850 958 1905 et
979 1842 1117 1906 necdum
1140 1844 1175 1906 in
1197 1843 1298 1909 libros
1319 1866 1367 1909 re·

197 1944 360 2008 redactum
382 1951 451 2024 est,
478 1951 510 2005 et
531 1963 649 2004 nomen
668 1950 717 2005 est
738 1963 903 2026 graccum,
927 1943 1011 2005 sicut
1030 1952 1062 2006 et
1082 1950 1199 2019 tomus.

311 2059 355 2123 M.
384 2058 514 2123 Tullius
541 2058 621 2123 Tiro
647 2057 813 2123 Ciceronis
843 2058 997 2143 libertus,
1029 2063 1085 2148 qui
1119 2063 1243 2148 primus
1274 2048 1477 2129 notaslll5*

226 2168 461 2231 commentatus
480 2170 543 2242 ost,
561 2162 602 2229 in,
617 2158 797 2225 Puteolano
817 2161 952 2247 praedio
972 2183 1076 2247 usque
1095 2163 1138 2227 ad
1156 2163 1368 2244 centesimum

226 2284 347 2325 annum
370 2263 575 2326 consenescit
597 2267 634 2337 (a.
660 2269 738 2341 rm).

277 2417 281 2423 »
311 2380 474 2465 Vulgares
495 2387 588 2444 notas
608 2378 736 2442 Ennius
763 2381 887 2470 primus
906 2380 996 2445 mille
1024 2390 1056 2445 et
1080 2389 1210 2446 centum
1231 2381 1367 2446 inuenit.
1381 2364 1479 2435 106*

192 2490 378 2546 wnotarum
398 2502 478 2544 usus
502 2489 587 2563 erat,
610 2489 646 2543 ut
667 2481 827 2568 quidquid
849 2504 908 2566 pro
930 2483 1081 2547 contione
1104 2483 1216 2547 autin
1237 2482 1369 2546 iudiciis

228 2581 391 2647 diceretur
419 2581 545 2646 librarii
571 2582 754 2646 scriberent
780 2581 877 2647 simul
905 2591 1051 2647 astantes
1082 2583 1196 2648 diuisis
1224 2584 1309 2647 inter
1334 2604 1368 2646 se

312 2824 337 2872 p.
358 2805 421 2867 134,
447 2806 486 2855 ts.
511 2805 613 2855 Comm.
633 2804 715 2871 Cruq.
739 2805 805 2856 Hor.
826 2814 876 2857 art.
895 2812 968 2873 poet.
984 2805 1051 2857 354:
1080 2807 1202 2873 Scriptor
1224 2806 1368 2866 librarius]

229 2875 455 2939 ‘bibliopola,
473 2875 524 2923 uti
546 2878 686 2923 ueteres
709 2874 888 2936 dicebant,
921 2876 1006 2939 quod
1025 2880 1057 2925 st
1075 2874 1297 2949 Tranquillus
1317 2873 1368 2923 ai-

227 2941 372 2992 t'irmst.’
402 2944 493 2991 Acron
506 2943 524 2989 i.
537 2941 563 2990 h.
577 2942 609 2990 t:
629 2943 747 3006 scriptor
759 2939 899 3008 librarius]
921 2943 957 2992 ‘id
976 2949 1018 2993 est
1029 2943 1165 2993 naturalis
1183 2942 1308 3006 (fortusse
1321 2956 1369 2991 an-

228 3011 387 3126 tiquarpps),
405 3010 448 3101 ita
467 3008 539 3059 enirn
557 3008 725 3074 bibliopolas
743 3024 806 3059 suos
819 3016 929 3060 ueteres
941 3010 1081 3062 dicebant.
1111 3011 1164 3060 hoc
1184 3016 1212 3060 et
1223 3008 1369 3074 Tranquil-

140 3098 146 3103 ·
226 3078 270 3128 lus
290 3078 321 3128 ai
339 3082 419 3127 rmat.

313 3143 384 3198 tut*
407 3146 590 3208 Hieronymus
614 3144 659 3193 Ol.
685 3142 745 3205 193,
770 3146 796 3195 4.
832 3146 916 3196 Vitae
933 3145 1076 3196 Ciceronis
1100 3147 1284 3212 fragmentum
1308 3159 1370 3195 essa
1394 3162 1402 3175 ·

227 3216 411 3265 Mommsenus
430 3219 457 3262 et
475 3212 592 3261 Rothius
610 3217 785 3277 putaverunt.
806 3234 809 3239 ⁴

243 3330 249 3341 ,
314 3278 384 3334 lilii*
401 3279 523 3330 Isidorus
545 3280 632 3344 origg.
652 3280 664 3329 1
688 3279 735 3329 21:
761 3280 811 3330 ‘De
830 3282 904 3331 notis
922 3281 1092 3345 uulgnribns.
1122 3282 1293 3347 Volgares
1311 3297 1369 3330 no·
1424 3332 1431 3347 ,

181 3350 185 3355 ’
228 3356 336 3400 tas...
358 3346 604 3413 appellantur)
629 3347 728 3397 Suidas
747 3365 767 3398 s.
781 3365 807 3400 v.
828 3342 1023 3413 Tpoe'ynvttos:
1045 3340 1369 3413 ΤράγκυλλοςὸΣουη-
1477 3344 1480 3351 ’

191 3414 195 3421 ’
228 3409 327 3476 τώνιος
344 3413 519 3481 χρηματίσας
542 3408 737 3480 γραμματικὸς
755 3407 893 3482 Ῥωμαῖος
917 3410 1069 3481 ἔγραψε...
1093 3413 1159 3478 περὶ
1181 3413 1236 3465 τῶν
1261 3408 1292 3465 ἐν
1309 3417 1369 3472 τοῖς

228 3484 349 3550 βιβλίοις
367 3480 492 3548 σημείων
510 3481 622 3548 βιβλίον
640 3475 668 3532 oi.

229 3620 432 3631 —---—-

314 3717 326 3765 l
347 3714 417 3763 sunt
432 3722 579 3778 superscr.
599 3704 715 3762 Mortuo.
732 3700 745 3782 Η
760 3705 879 3762 scribae
897 3709 978 3780 culpo
993 3699 1006 3785 ΙΙ
1022 3714 1039 3767 3
1055 3702 1190 3782 deponat
1204 3707 1242 3760 ul.
1257 3696 1270 3784 ΙΙ
1286 3711 1303 3764 4
1318 3701 1370 3761 dc-

228 3808 341 3870 ponere
360 3785 628 3870 “lll6-‘3011W190
650 3783 663 3870 ΙΙ
683 3799 700 3853 9
720 3789 951 3867 compingantur
972 3793 1053 3864 culpo
1074 3782 1087 3868 ll
1110 3799 1142 3849 lo
1161 3786 1252 3863 uulgo
1268 3787 1371 3846 uocati

229 3880 310 3950 vulpe
325 3871 338 3953 ll
357 3884 388 3936 12
400 3874 438 3932 ad
451 3874 625 3952 inferiorem
638 3878 675 3931 al.
691 3868 704 3954 ΙΙ
721 3880 751 3931 et
763 3893 815 3930 om.
828 3877 879 3932 Gu.
896 3880 919 3947 i,
935 3892 1082 3948 mprrscr.
1094 3875 1209 3934 Monac.
1226 3867 1239 3954 ll
1254 3891 1371 3945 rursum

229 3965 310 4035 vulpe
325 3958 339 4042 Ι]
356 3970 388 4022 13
401 3956 490 4037 quos]
504 3962 595 4016 ontisit
605 3961 736 4017 Isidorus
747 3979 802 4016 nou
815 3962 895 4017 nulla
908 3953 921 4040 ΙΙ
938 3967 969 4017 et
979 3957 1131 4037 hodieque
1144 3959 1197 4015 Gu.
1212 3963 1233 4014 2
1241 3957 1372 4016 ethodie

231 4050 282 4105 Gn.
297 4049 367 4119 l(ut
377 4048 500 4119 videtur)
515 4039 527 4127 Ι]
547 4057 576 4107 15
586 4054 632 4105 est
644 4063 754 4102 nomen
767 4047 848 4117 vraiqo
864 4038 877 4124 ΙΙ
891 4043 1131 4121 thomusMonuc.
1148 4036 1209 4124 {1¹17
1220 4034 1370 4099 eom'men-

229 4140 309 4191 tatus
326 4138 513 4190 commentus
530 4132 630 4204 (Scut.)
646 4126 659 4211 [l
671 4131 712 4189 .In
729 4130 788 4189 hoc
803 4139 939 4208 tempore
957 4138 1048 4189 notae
1060 4130 1203 4188 inuentae
1214 4136 1284 4187 sunt
1297 4130 1325 4184 B
1341 4132 1370 4185 in

229 4278 325 4365 mulli
351 4291 387 4343 10
407 4226 601 4341 ιβοῦβὲἓιοιῃῐῠίοηο
622 4284 735 4342 Monac.
767 4283 961 4341 contentione
986 4284 1040 4341 Ga.
1067 4286 1090 4337 i.
1114 4286 1131 4337 2
1154 4278 1295 4336 contione
1319 4276 1369 4334 nel

232 4369 427 4427 contentione
448 4369 530 4467 vulpp
545 4362 558 4448 ΙΙ
574 4367 655 4445 apud
671 4366 787 4426 iudices
802 4369 840 4424 ut.
