<?xml version="1.0" encoding="UTF-8"?>
<!DOCTYPE html PUBLIC "-//W3C//DTD XHTML 1.0 Transitional//EN"
    "http://www.w3.org/TR/xhtml1/DTD/xhtml1-transitional.dtd">
<html xmlns="http://www.w3.org/1999/xhtml" xml:lang="en" lang="en">
 <head>
  <title>
</title>
<meta http-equiv="Content-Type" content="text/html;charset=utf-8" />
  <meta name='ocr-system' content='tesseract 3.04.00' />
  <meta name='ocr-capabilities' content='ocr_page ocr_carea ocr_par ocr_line ocrx_word'/>
</head>
<body>
  <div class='ocr_page' id='page_1' title='image "./csuetonitranqui01ritsgoog_0488.png"; bbox 0 0 3202 4998; ppageno 0'>
   <div class='ocr_carea' id='block_1_1' title="bbox 700 393 1418 460">
    <p class='ocr_par' dir='ltr' id='par_1_1' title="bbox 700 393 1418 460">
     <span class='ocr_line' id='line_1_1' title="bbox 700 393 1418 460; baseline 0 -1"><span class='ocrx_word' id='word_1_1' title='bbox 700 420 803 460; x_wconf 78' lang='lat' dir='ltr'><strong>ourvr</strong></span> <span class='ocrx_word' id='word_1_2' title='bbox 820 420 857 459; x_wconf 87' lang='lat'><strong>111</strong></span> <span class='ocrx_word' id='word_1_3' title='bbox 1283 393 1344 455; x_wconf 76' lang='lat'><strong>459</strong></span> <span class='ocrx_word' id='word_1_4' title='bbox 1411 440 1418 459; x_wconf 86' lang='grc'><strong>.</strong></span> 
     </span>
    </p>
   </div>
   <div class='ocr_carea' id='block_1_2' title="bbox 208 565 1346 856">
    <p class='ocr_par' dir='ltr' id='par_1_2' title="bbox 208 565 1346 856">
     <span class='ocr_line' id='line_1_2' title="bbox 209 565 1343 651; baseline -0.01 -17"><span class='ocrx_word' id='word_1_5' title='bbox 209 585 272 634; x_wconf 85' lang='lat' dir='ltr'><strong>tum</strong></span> <span class='ocrx_word' id='word_1_6' title='bbox 288 575 484 633; x_wconf 81' lang='lat' dir='ltr'><strong>coniunxisse</strong></span> <span class='ocrx_word' id='word_1_7' title='bbox 502 571 640 644; x_wconf 80' lang='lat' dir='ltr'><strong>videtur,</strong></span> <span class='ocrx_word' id='word_1_8' title='bbox 665 591 725 651; x_wconf 90' lang='lat' dir='ltr'><strong>qua</strong></span> <span class='ocrx_word' id='word_1_9' title='bbox 747 590 780 629; x_wconf 91' lang='lat' dir='ltr'><strong>re</strong></span> <span class='ocrx_word' id='word_1_10' title='bbox 798 569 927 649; x_wconf 87' lang='lat' dir='ltr'><strong>probata</strong></span> <span class='ocrx_word' id='word_1_11' title='bbox 943 567 1054 626; x_wconf 89' lang='lat' dir='ltr'><strong>iustum</strong></span> <span class='ocrx_word' id='word_1_12' title='bbox 1069 566 1150 625; x_wconf 86' lang='lat' dir='ltr'><strong>tertii</strong></span> <span class='ocrx_word' id='word_1_13' title='bbox 1167 565 1235 623; x_wconf 84' lang='lat' dir='ltr'>libri</span> <span class='ocrx_word' id='word_1_14' title='bbox 1260 566 1343 624; x_wconf 86' lang='lat' dir='ltr'><strong>rolu-</strong></span> 
     </span>
     <span class='ocr_line' id='line_1_3' title="bbox 208 667 1346 747; baseline -0.008 -13"><span class='ocrx_word' id='word_1_15' title='bbox 208 698 276 735; x_wconf 83' lang='lat' dir='ltr'><strong>mon</strong></span> <span class='ocrx_word' id='word_1_16' title='bbox 290 674 428 736; x_wconf 87' lang='lat' dir='ltr'><strong>habebis.</strong></span> <span class='ocrx_word' id='word_1_17' title='bbox 452 685 486 733; x_wconf 87' lang='lat' dir='ltr'><strong>ut</strong></span> <span class='ocrx_word' id='word_1_18' title='bbox 500 673 610 732; x_wconf 90' lang='lat' dir='ltr'><strong>divisio</strong></span> <span class='ocrx_word' id='word_1_19' title='bbox 626 682 725 732; x_wconf 89' lang='lat' dir='ltr'><strong>terrae</strong></span> <span class='ocrx_word' id='word_1_20' title='bbox 739 671 926 731; x_wconf 88' lang='lat' dir='ltr'><strong>Suetouiana</strong></span> <span class='ocrx_word' id='word_1_21' title='bbox 943 667 1050 729; x_wconf 87' lang='lat' dir='ltr'><strong>audem</strong></span> <span class='ocrx_word' id='word_1_22' title='bbox 1066 670 1105 726; x_wconf 88' lang='lat' dir='ltr'><strong>sit</strong></span> <span class='ocrx_word' id='word_1_23' title='bbox 1123 676 1214 746; x_wconf 80' lang='lat' dir='ltr'><strong>atquo</strong></span> <span class='ocrx_word' id='word_1_24' title='bbox 1227 668 1346 747; x_wconf 82' lang='lat' dir='ltr'><strong>Hygini</strong></span> 
     </span>
     <span class='ocr_line' id='line_1_4' title="bbox 209 774 1346 856; baseline -0.008 -21"><span class='ocrx_word' id='word_1_25' title='bbox 209 779 261 856; x_wconf 89' lang='lat' dir='ltr'><strong>qui</strong></span> <span class='ocrx_word' id='word_1_26' title='bbox 281 786 362 855; x_wconf 90' lang='lat' dir='ltr'><strong>poet.</strong></span> <span class='ocrx_word' id='word_1_27' title='bbox 394 785 505 835; x_wconf 87' lang='lat' dir='ltr'><strong>astron.</strong></span> <span class='ocrx_word' id='word_1_28' title='bbox 526 776 542 834; x_wconf 92' lang='lat' dir='ltr'>I</span> <span class='ocrx_word' id='word_1_29' title='bbox 564 785 581 837; x_wconf 83' lang='grc'>8</span> <span class='ocrx_word' id='word_1_30' title='bbox 602 775 679 833; x_wconf 87' lang='lat' dir='ltr'><strong>haee</strong></span> <span class='ocrx_word' id='word_1_31' title='bbox 700 774 789 833; x_wconf 77' lang='lat' dir='ltr'><strong>dicit:</strong></span> <span class='ocrx_word' id='word_1_32' title='bbox 824 792 889 831; x_wconf 74' lang='lat' dir='ltr'><strong>utrm</strong></span> <span class='ocrx_word' id='word_1_33' title='bbox 909 788 1090 846; x_wconf 78' lang='lat' dir='ltr'><strong>qrtuecuuque</strong></span> <span class='ocrx_word' id='word_1_34' title='bbox 1113 774 1187 844; x_wconf 73' lang='lat' dir='ltr'><strong>repis</strong></span> <span class='ocrx_word' id='word_1_35' title='bbox 1209 780 1249 827; x_wconf 84' lang='lat' dir='ltr'><strong>est</strong></span> <span class='ocrx_word' id='word_1_36' title='bbox 1273 787 1346 843; x_wconf 84' lang='lat' dir='ltr'><strong>quoe</strong></span> 
     </span>
    </p>
   </div>
   <div class='ocr_carea' id='block_1_3' title="bbox 207 874 1356 952">
    <p class='ocr_par' dir='ltr' id='par_1_3' title="bbox 207 874 1356 952">
     <span class='ocr_line' id='line_1_5' title="bbox 207 874 1356 952; baseline -0.01 -15"><span class='ocrx_word' id='word_1_37' title='bbox 207 884 278 937; x_wconf 81' lang='lat' dir='ltr'><strong>iuter</strong></span> <span class='ocrx_word' id='word_1_38' title='bbox 298 883 432 937; x_wconf 79' lang='lat' dir='ltr'><em>arcticum</em></span> <span class='ocrx_word' id='word_1_39' title='bbox 455 887 481 936; x_wconf 85' lang='lat' dir='ltr'><strong>et</strong></span> <span class='ocrx_word' id='word_1_40' title='bbox 494 884 628 937; x_wconf 83' lang='lat' dir='ltr'><strong>aestiuum</strong></span> <span class='ocrx_word' id='word_1_41' title='bbox 646 881 729 952; x_wconf 76' lang='lat' dir='ltr'><strong>finem</strong></span> <span class='ocrx_word' id='word_1_42' title='bbox 752 879 884 933; x_wconf 85' lang='lat' dir='ltr'><strong>collocuta</strong></span> <span class='ocrx_word' id='word_1_43' title='bbox 898 884 938 931; x_wconf 86' lang='lat' dir='ltr'><strong>est</strong></span> <span class='ocrx_word' id='word_1_44' title='bbox 953 891 986 931; x_wconf 85' lang='lat' dir='ltr'><strong>eu</strong></span> <span class='ocrx_word' id='word_1_45' title='bbox 1001 875 1131 930; x_wconf 82' lang='lat' dir='ltr'><strong>diuiditur</strong></span> <span class='ocrx_word' id='word_1_46' title='bbox 1145 874 1302 946; x_wconf 78' lang='lat' dir='ltr'><strong>trifarium,</strong></span> <span class='ocrx_word' id='word_1_47' title='bbox 1331 888 1356 939; x_wconf 80' lang='lat' dir='ltr'><strong>e</strong></span> 
     </span>
    </p>
   </div>
   <div class='ocr_carea' id='block_1_4' title="bbox 208 976 1346 1256">
    <p class='ocr_par' dir='ltr' id='par_1_4' title="bbox 208 976 1346 1256">
     <span class='ocr_line' id='line_1_6' title="bbox 208 976 1345 1055; baseline -0.009 -16"><span class='ocrx_word' id='word_1_48' title='bbox 208 983 306 1055; x_wconf 84' lang='lat' dir='ltr'><strong>quibus</strong></span> <span class='ocrx_word' id='word_1_49' title='bbox 327 1000 383 1039; x_wconf 85' lang='lat' dir='ltr'><strong>uuo</strong></span> <span class='ocrx_word' id='word_1_50' title='bbox 399 998 474 1055; x_wconf 82' lang='lat' dir='ltr'><strong>pars</strong></span> <span class='ocrx_word' id='word_1_51' title='bbox 487 982 604 1053; x_wconf 82' lang='lat' dir='ltr'><strong>Europa</strong></span> <span class='ocrx_word' id='word_1_52' title='bbox 624 983 713 1036; x_wconf 82' lang='lat' dir='ltr'><strong>alteru</strong></span> <span class='ocrx_word' id='word_1_53' title='bbox 728 980 795 1034; x_wconf 77' lang='lat' dir='ltr'><strong>Asia</strong></span> <span class='ocrx_word' id='word_1_54' title='bbox 816 981 896 1033; x_wconf 80' lang='lat' dir='ltr'><strong>tertia</strong></span> <span class='ocrx_word' id='word_1_55' title='bbox 909 977 1010 1048; x_wconf 84' lang='lat' dir='ltr'><strong>Africa</strong></span> <span class='ocrx_word' id='word_1_56' title='bbox 1030 982 1157 1033; x_wconf 70' lang='lat' dir='ltr'><strong>euocetur.</strong></span> <span class='ocrx_word' id='word_1_57' title='bbox 1201 976 1345 1046; x_wconf 86' lang='lat' dir='ltr'><strong>Europum</strong></span> 
     </span>
     <span class='ocr_line' id='line_1_7' title="bbox 208 1076 1346 1169; baseline -0.006 -30"><span class='ocrx_word' id='word_1_58' title='bbox 208 1084 294 1156; x_wconf 65' lang='lat' dir='ltr'><strong>igitur</strong></span> <span class='ocrx_word' id='word_1_59' title='bbox 308 1085 343 1139; x_wconf 83' lang='lat' dir='ltr'><strong>ub</strong></span> <span class='ocrx_word' id='word_1_60' title='bbox 358 1084 459 1155; x_wconf 75' lang='lat' dir='ltr'><strong>Africa</strong></span> <span class='ocrx_word' id='word_1_61' title='bbox 474 1084 569 1169; x_wconf 72' lang='lat' dir='ltr'><strong>diuidit</strong></span> <span class='ocrx_word' id='word_1_62' title='bbox 583 1099 662 1137; x_wconf 86' lang='lat' dir='ltr'><strong>mure</strong></span> <span class='ocrx_word' id='word_1_63' title='bbox 683 1082 717 1136; x_wconf 83' lang='lat' dir='ltr'><strong>ab</strong></span> <span class='ocrx_word' id='word_1_64' title='bbox 739 1082 869 1136; x_wconf 73' lang='lat' dir='ltr'><strong>extremis</strong></span> <span class='ocrx_word' id='word_1_65' title='bbox 887 1081 985 1135; x_wconf 77' lang='lat' dir='ltr'><strong>oceani</strong></span> <span class='ocrx_word' id='word_1_66' title='bbox 994 1078 1098 1150; x_wconf 69' lang='lat' dir='ltr'><strong>struibus</strong></span> <span class='ocrx_word' id='word_1_67' title='bbox 1116 1084 1141 1132; x_wconf 87' lang='lat' dir='ltr'><strong>et</strong></span> <span class='ocrx_word' id='word_1_68' title='bbox 1159 1076 1288 1132; x_wconf 66' lang='lat' dir='ltr'><strong>uerutus</strong></span> <span class='ocrx_word' id='word_1_69' title='bbox 1299 1093 1346 1136; x_wconf 78' lang='lat' dir='ltr'><strong>so·</strong></span> 
     </span>
     <span class='ocr_line' id='line_1_8' title="bbox 208 1179 1346 1256; baseline -0.007 -15"><span class='ocrx_word' id='word_1_70' title='bbox 208 1187 315 1241; x_wconf 84' lang='lat' dir='ltr'><strong>lamnis.</strong></span> <span class='ocrx_word' id='word_1_71' title='bbox 344 1188 437 1241; x_wconf 80' lang='lat' dir='ltr'><strong><em>Asiam</em></strong></span> <span class='ocrx_word' id='word_1_72' title='bbox 452 1201 521 1241; x_wconf 84' lang='lat' dir='ltr'><strong>uero</strong></span> <span class='ocrx_word' id='word_1_73' title='bbox 536 1191 562 1240; x_wconf 85' lang='lat' dir='ltr'><strong>et</strong></span> <span class='ocrx_word' id='word_1_74' title='bbox 578 1185 693 1256; x_wconf 78' lang='lat' dir='ltr'><em>Libyam</em></span> <span class='ocrx_word' id='word_1_75' title='bbox 708 1200 769 1237; x_wconf 77' lang='lat' dir='ltr'><strong>ctera</strong></span> <span class='ocrx_word' id='word_1_76' title='bbox 786 1182 908 1253; x_wconf 69' lang='lat' dir='ltr'><strong>Aegypto</strong></span> <span class='ocrx_word' id='word_1_77' title='bbox 925 1181 1140 1235; x_wconf 82' lang='lat' dir='ltr'><strong>disterminatos</strong></span> <span class='ocrx_word' id='word_1_78' title='bbox 1158 1179 1215 1234; x_wconf 86' lang='lat' dir='ltr'><strong>Nili</strong></span> <span class='ocrx_word' id='word_1_79' title='bbox 1224 1180 1346 1250; x_wconf 79' lang='lat' dir='ltr'><strong>sirtmiuis</strong></span> 
     </span>
    </p>
   </div>
   <div class='ocr_carea' id='block_1_5' title="bbox 207 1278 1420 1360">
    <p class='ocr_par' dir='ltr' id='par_1_5' title="bbox 207 1278 1420 1360">
     <span class='ocr_line' id='line_1_9' title="bbox 207 1278 1420 1360; baseline -0.003 -19"><span class='ocrx_word' id='word_1_80' title='bbox 207 1287 283 1360; x_wconf 80' lang='lat' dir='ltr'><strong>qttod</strong></span> <span class='ocrx_word' id='word_1_81' title='bbox 300 1288 457 1357; x_wconf 79' lang='lat' dir='ltr'><strong>Corrupicou</strong></span> <span class='ocrx_word' id='word_1_82' title='bbox 480 1287 638 1358; x_wconf 80' lang='lat' dir='ltr'><strong>appellatur</strong></span> <span class='ocrx_word' id='word_1_83' title='bbox 662 1303 689 1343; x_wconf 84' lang='lat' dir='ltr'><strong>e.</strong></span> <span class='ocrx_word' id='word_1_84' title='bbox 710 1302 739 1360; x_wconf 92' lang='lat' dir='ltr'><strong>q.</strong></span> <span class='ocrx_word' id='word_1_85' title='bbox 756 1302 779 1339; x_wconf 92' lang='lat' dir='ltr'><strong>s.</strong></span> <span class='ocrx_word' id='word_1_86' title='bbox 826 1281 1057 1359; x_wconf 82' lang='lat' dir='ltr'><strong>Europaeorum</strong></span> <span class='ocrx_word' id='word_1_87' title='bbox 1081 1279 1173 1355; x_wconf 89' lang='lat' dir='ltr'><strong>igitur</strong></span> <span class='ocrx_word' id='word_1_88' title='bbox 1195 1278 1345 1355; x_wconf 89' lang='lat' dir='ltr'><strong>regumin</strong></span> <span class='ocrx_word' id='word_1_89' title='bbox 1417 1315 1420 1320; x_wconf 96' lang='lat'>-</span> 
     </span>
    </p>
   </div>
   <div class='ocr_carea' id='block_1_6' title="bbox 207 1381 1344 1667">
    <p class='ocr_par' dir='ltr' id='par_1_6' title="bbox 207 1381 1344 1667">
     <span class='ocr_line' id='line_1_10' title="bbox 208 1381 1343 1463; baseline -0.005 -20"><span class='ocrx_word' id='word_1_90' title='bbox 208 1386 269 1445; x_wconf 88' lang='lat' dir='ltr'><strong>illis</strong></span> <span class='ocrx_word' id='word_1_91' title='bbox 285 1385 424 1445; x_wconf 86' lang='lat' dir='ltr'><strong>versibus</strong></span> <span class='ocrx_word' id='word_1_92' title='bbox 443 1387 525 1445; x_wconf 89' lang='lat' dir='ltr'><strong>solus</strong></span> <span class='ocrx_word' id='word_1_93' title='bbox 541 1384 678 1444; x_wconf 80' lang='lat' dir='ltr'><strong>Caranus</strong></span> <span class='ocrx_word' id='word_1_94' title='bbox 696 1383 900 1443; x_wconf 80' lang='lat' dir='ltr'><strong>Macedonum</strong></span> <span class='ocrx_word' id='word_1_95' title='bbox 917 1403 972 1441; x_wconf 83' lang='lat' dir='ltr'><strong>rex</strong></span> <span class='ocrx_word' id='word_1_96' title='bbox 991 1381 1181 1463; x_wconf 76' lang='lat' dir='ltr'><strong>pominatur,</strong></span> <span class='ocrx_word' id='word_1_97' title='bbox 1212 1383 1343 1438; x_wconf 77' lang='lat' dir='ltr'><strong>Asiane·</strong></span> 
     </span>
     <span class='ocr_line' id='line_1_11' title="bbox 207 1482 1344 1566; baseline -0.004 -22"><span class='ocrx_word' id='word_1_98' title='bbox 207 1506 271 1544; x_wconf 90' lang='lat' dir='ltr'><strong>rum</strong></span> <span class='ocrx_word' id='word_1_99' title='bbox 288 1486 370 1545; x_wconf 91' lang='lat' dir='ltr'><strong>solus</strong></span> <span class='ocrx_word' id='word_1_100' title='bbox 384 1487 566 1546; x_wconf 82' lang='lat' dir='ltr'><strong>Parthorum</strong></span> <span class='ocrx_word' id='word_1_101' title='bbox 581 1503 635 1545; x_wconf 89' lang='lat' dir='ltr'><strong>rex</strong></span> <span class='ocrx_word' id='word_1_102' title='bbox 647 1486 801 1559; x_wconf 87' lang='lat' dir='ltr'><strong>Vonones,</strong></span> <span class='ocrx_word' id='word_1_103' title='bbox 817 1485 1037 1566; x_wconf 88' lang='lat' dir='ltr'><strong>Aegyptiorum</strong></span> <span class='ocrx_word' id='word_1_104' title='bbox 1053 1483 1187 1561; x_wconf 86' lang='lat' dir='ltr'><strong>denique</strong></span> <span class='ocrx_word' id='word_1_105' title='bbox 1205 1491 1235 1541; x_wconf 86' lang='lat' dir='ltr'><strong>et</strong></span> <span class='ocrx_word' id='word_1_106' title='bbox 1250 1482 1344 1563; x_wconf 84' lang='lat' dir='ltr'><strong>Liby·</strong></span> 
     </span>
     <span class='ocr_line' id='line_1_12' title="bbox 209 1586 1343 1667; baseline -0.003 -21"><span class='ocrx_word' id='word_1_107' title='bbox 209 1608 312 1647; x_wconf 88' lang='lat' dir='ltr'><strong>eorum</strong></span> <span class='ocrx_word' id='word_1_108' title='bbox 320 1589 428 1647; x_wconf 81' lang='lat' dir='ltr'><strong>Avelis</strong></span> <span class='ocrx_word' id='word_1_109' title='bbox 443 1588 585 1664; x_wconf 86' lang='lat' dir='ltr'><strong>Nunlida,</strong></span> <span class='ocrx_word' id='word_1_110' title='bbox 602 1589 629 1647; x_wconf 94' lang='lat' dir='ltr'>N</span> <span class='ocrx_word' id='word_1_111' title='bbox 633 1589 782 1667; x_wconf 87' lang='lat' dir='ltr'><strong>eebepsus</strong></span> <span class='ocrx_word' id='word_1_112' title='bbox 798 1587 968 1664; x_wconf 76' lang='lat' dir='ltr'>astrologus</span> <span class='ocrx_word' id='word_1_113' title='bbox 984 1586 1037 1644; x_wconf 93' lang='lat' dir='ltr'><strong>ille</strong></span> <span class='ocrx_word' id='word_1_114' title='bbox 1049 1586 1101 1664; x_wconf 90' lang='lat' dir='ltr'><strong>qui</strong></span> <span class='ocrx_word' id='word_1_115' title='bbox 1112 1604 1218 1662; x_wconf 85' lang='lat' dir='ltr'><strong>magos</strong></span> <span class='ocrx_word' id='word_1_116' title='bbox 1231 1595 1343 1663; x_wconf 80' lang='lat' dir='ltr'><strong>myste-</strong></span> 
     </span>
    </p>
   </div>
   <div class='ocr_carea' id='block_1_7' title="bbox 125 1688 1345 1757">
    <p class='ocr_par' dir='ltr' id='par_1_7' title="bbox 125 1688 1345 1757">
     <span class='ocr_line' id='line_1_13' title="bbox 125 1688 1345 1757; baseline -0.002 -9"><span class='ocrx_word' id='word_1_117' title='bbox 125 1753 129 1757; x_wconf 56' lang='grc'><strong>,</strong></span> <span class='ocrx_word' id='word_1_118' title='bbox 208 1692 253 1748; x_wconf 88' lang='lat' dir='ltr'><strong>ria</strong></span> <span class='ocrx_word' id='word_1_119' title='bbox 273 1688 413 1749; x_wconf 75' lang='lat' dir='ltr'><strong>docuisse</strong></span> <span class='ocrx_word' id='word_1_120' title='bbox 435 1691 544 1751; x_wconf 88' lang='lat' dir='ltr'><strong>dieitur</strong></span> <span class='ocrx_word' id='word_1_121' title='bbox 564 1700 595 1749; x_wconf 90' lang='lat' dir='ltr'><strong>et</strong></span> <span class='ocrx_word' id='word_1_122' title='bbox 617 1691 795 1751; x_wconf 71' lang='lat' dir='ltr'><strong>sesoostris.</strong></span> <span class='ocrx_word' id='word_1_123' title='bbox 829 1697 925 1747; x_wconf 89' lang='lat' dir='ltr'><strong>restat</strong></span> <span class='ocrx_word' id='word_1_124' title='bbox 951 1709 1006 1747; x_wconf 83' lang='lat' dir='ltr'><strong>rex</strong></span> <span class='ocrx_word' id='word_1_125' title='bbox 1028 1688 1178 1749; x_wconf 87' lang='lat' dir='ltr'><strong>Illibauus</strong></span> <span class='ocrx_word' id='word_1_126' title='bbox 1206 1688 1291 1746; x_wconf 86' lang='lat' dir='ltr'><strong>euius</strong></span> <span class='ocrx_word' id='word_1_127' title='bbox 1315 1695 1345 1746; x_wconf 89' lang='lat' dir='ltr'><strong>et</strong></span> 
     </span>
    </p>
   </div>
   <div class='ocr_carea' id='block_1_8' title="bbox 182 1794 1346 3398">
    <p class='ocr_par' dir='ltr' id='par_1_8' title="bbox 209 1794 979 1870">
     <span class='ocr_line' id='line_1_14' title="bbox 209 1794 979 1870; baseline -0.004 -18"><span class='ocrx_word' id='word_1_128' title='bbox 209 1812 318 1852; x_wconf 90' lang='lat' dir='ltr'><strong>nomen</strong></span> <span class='ocrx_word' id='word_1_129' title='bbox 336 1804 367 1851; x_wconf 86' lang='lat' dir='ltr'><strong>et</strong></span> <span class='ocrx_word' id='word_1_130' title='bbox 381 1813 507 1869; x_wconf 82' lang='lat' dir='ltr'><strong>reguum</strong></span> <span class='ocrx_word' id='word_1_131' title='bbox 526 1794 598 1852; x_wconf 91' lang='lat' dir='ltr'><strong>mibi</strong></span> <span class='ocrx_word' id='word_1_132' title='bbox 614 1794 801 1870; x_wconf 78' lang='lat' dir='ltr'><strong>incognitum</strong></span> <span class='ocrx_word' id='word_1_133' title='bbox 817 1800 873 1851; x_wconf 89' lang='lat' dir='ltr'><strong>est.</strong></span> <span class='ocrx_word' id='word_1_134' title='bbox 973 1848 979 1857; x_wconf 84' lang='grc'><strong>,</strong></span> 
     </span>
    </p>

    <p class='ocr_par' dir='ltr' id='par_1_9' title="bbox 182 1886 1346 3398">
     <span class='ocr_line' id='line_1_15' title="bbox 182 1886 1346 1973; baseline -0.006 -17"><span class='ocrx_word' id='word_1_135' title='bbox 182 1886 187 1894; x_wconf 56' lang='grc'><strong><em>’</em></strong></span> <span class='ocrx_word' id='word_1_136' title='bbox 293 1897 421 1955; x_wconf 81' lang='lat' dir='ltr'><strong>Praeter</strong></span> <span class='ocrx_word' id='word_1_137' title='bbox 436 1895 639 1955; x_wconf 88' lang='lat' dir='ltr'><strong>Paulinianae</strong></span> <span class='ocrx_word' id='word_1_138' title='bbox 658 1900 730 1953; x_wconf 81' lang='lat' dir='ltr'><strong>vero</strong></span> <span class='ocrx_word' id='word_1_139' title='bbox 749 1895 901 1973; x_wconf 80' lang='lat' dir='ltr'><strong>epitomae</strong></span> <span class='ocrx_word' id='word_1_140' title='bbox 915 1894 1090 1951; x_wconf 81' lang='lat' dir='ltr'><strong>memoriam</strong></span> <span class='ocrx_word' id='word_1_141' title='bbox 1110 1909 1260 1968; x_wconf 87' lang='lat' dir='ltr'><strong>nusquam</strong></span> <span class='ocrx_word' id='word_1_142' title='bbox 1277 1890 1346 1949; x_wconf 89' lang='lat' dir='ltr'><strong>libri</strong></span> 
     </span>
     <span class='ocr_line' id='line_1_16' title="bbox 208 1992 1345 2070; baseline -0.002 -17"><span class='ocrx_word' id='word_1_143' title='bbox 208 1996 320 2055; x_wconf 88' lang='lat' dir='ltr'><strong>diserte</strong></span> <span class='ocrx_word' id='word_1_144' title='bbox 345 1997 457 2055; x_wconf 85' lang='lat' dir='ltr'><strong>mentio</strong></span> <span class='ocrx_word' id='word_1_145' title='bbox 481 1999 524 2056; x_wconf 91' lang='lat' dir='ltr'><strong>fit.</strong></span> <span class='ocrx_word' id='word_1_146' title='bbox 556 1998 630 2054; x_wconf 89' lang='lat' dir='ltr'><strong>lieet</strong></span> <span class='ocrx_word' id='word_1_147' title='bbox 651 2006 754 2055; x_wconf 90' lang='lat' dir='ltr'><strong>tamen</strong></span> <span class='ocrx_word' id='word_1_148' title='bbox 770 2004 854 2054; x_wconf 81' lang='lat' dir='ltr'><strong>serta</strong></span> <span class='ocrx_word' id='word_1_149' title='bbox 879 1995 1143 2070; x_wconf 81' lang='lat' dir='ltr'><strong>argumentatione</strong></span> <span class='ocrx_word' id='word_1_150' title='bbox 1164 1992 1345 2070; x_wconf 85' lang='lat' dir='ltr'><strong>particulam</strong></span> 
     </span>
     <span class='ocr_line' id='line_1_17' title="bbox 208 2094 1344 2175; baseline -0.003 -20"><span class='ocrx_word' id='word_1_151' title='bbox 208 2098 288 2163; x_wconf 86' lang='lat' dir='ltr'><strong>eius.</strong></span> <span class='ocrx_word' id='word_1_152' title='bbox 320 2117 399 2175; x_wconf 89' lang='lat' dir='ltr'><strong>quaa</strong></span> <span class='ocrx_word' id='word_1_153' title='bbox 423 2096 461 2155; x_wconf 87' lang='lat' dir='ltr'><strong>de</strong></span> <span class='ocrx_word' id='word_1_154' title='bbox 482 2097 700 2175; x_wconf 87' lang='lat' dir='ltr'><strong>antiquissimis</strong></span> <span class='ocrx_word' id='word_1_155' title='bbox 723 2097 834 2155; x_wconf 88' lang='lat' dir='ltr'><strong>Italiae</strong></span> <span class='ocrx_word' id='word_1_156' title='bbox 860 2096 960 2154; x_wconf 84' lang='lat' dir='ltr'><strong>Albae</strong></span> <span class='ocrx_word' id='word_1_157' title='bbox 982 2094 1109 2170; x_wconf 83' lang='lat' dir='ltr'><strong>Longae</strong></span> <span class='ocrx_word' id='word_1_158' title='bbox 1126 2095 1344 2153; x_wconf 88' lang='lat' dir='ltr'><strong>Romanorum·</strong></span> 
     </span>
     <span class='ocr_line' id='line_1_18' title="bbox 208 2190 1346 2277; baseline 0.003 -24"><span class='ocrx_word' id='word_1_159' title='bbox 208 2218 267 2277; x_wconf 90' lang='lat' dir='ltr'><strong>qno</strong></span> <span class='ocrx_word' id='word_1_160' title='bbox 285 2198 409 2273; x_wconf 85' lang='lat' dir='ltr'><strong>regibus</strong></span> <span class='ocrx_word' id='word_1_161' title='bbox 425 2198 495 2271; x_wconf 84' lang='lat' dir='ltr'><strong>luit,</strong></span> <span class='ocrx_word' id='word_1_162' title='bbox 515 2218 704 2275; x_wconf 84' lang='lat' dir='ltr'><strong>recuperare.</strong></span> <span class='ocrx_word' id='word_1_163' title='bbox 730 2208 815 2256; x_wconf 84' lang='lat' dir='ltr'><strong>extat</strong></span> <span class='ocrx_word' id='word_1_164' title='bbox 830 2199 910 2256; x_wconf 88' lang='lat' dir='ltr'><strong>enim</strong></span> <span class='ocrx_word' id='word_1_165' title='bbox 921 2190 1001 2274; x_wconf 88' lang='lat' dir='ltr'><strong>apud</strong></span> <span class='ocrx_word' id='word_1_166' title='bbox 1012 2195 1138 2255; x_wconf 83' lang='lat' dir='ltr'><strong>Suidam</strong></span> <span class='ocrx_word' id='word_1_167' title='bbox 1154 2194 1346 2256; x_wconf 88' lang='lat' dir='ltr'><strong>boeSuatoni</strong></span> 
     </span>
     <span class='ocr_line' id='line_1_19' title="bbox 207 2284 1346 2377; baseline 0 -23"><span class='ocrx_word' id='word_1_168' title='bbox 207 2297 407 2374; x_wconf 83' lang='lat' dir='ltr'><strong>fragmentum</strong></span> <span class='ocrx_word' id='word_1_169' title='bbox 420 2297 496 2377; x_wconf 78' lang='lat'><strong>(179)</strong></span> <span class='ocrx_word' id='word_1_170' title='bbox 514 2320 538 2357; x_wconf 92' lang='lat' dir='ltr'><strong>s.</strong></span> <span class='ocrx_word' id='word_1_171' title='bbox 548 2321 575 2356; x_wconf 91' lang='lat' dir='ltr'><strong>v.</strong></span> <span class='ocrx_word' id='word_1_172' title='bbox 598 2288 740 2375; x_wconf 73' lang='lat' dir='ltr'><strong>desupra:</strong></span> <span class='ocrx_word' id='word_1_173' title='bbox 763 2287 889 2372; x_wconf 73' lang='grc' dir='ltr'><strong><em>ἀσσάρια</em></strong></span> <span class='ocrx_word' id='word_1_174' title='bbox 907 2287 1015 2372; x_wconf 86' lang='grc' dir='ltr'><strong><em>ὀβολοί.</em></strong></span> <span class='ocrx_word' id='word_1_175' title='bbox 1036 2297 1183 2372; x_wconf 84' lang='grc' dir='ltr'><strong><em>Νουμμᾶς</em></strong></span> <span class='ocrx_word' id='word_1_176' title='bbox 1199 2284 1216 2356; x_wconf 80' lang='grc' dir='ltr'><em>ὃ</em></span> <span class='ocrx_word' id='word_1_177' title='bbox 1231 2297 1346 2375; x_wconf 73' lang='grc' dir='ltr'><strong><em>πρῶτος</em></strong></span> 
     </span>
     <span class='ocr_line' id='line_1_20' title="bbox 206 2388 1346 2478; baseline 0.003 -23"><span class='ocrx_word' id='word_1_178' title='bbox 206 2389 344 2475; x_wconf 75' lang='grc' dir='ltr'><strong><em>βασιλεὺς</em></strong></span> <span class='ocrx_word' id='word_1_179' title='bbox 355 2391 427 2475; x_wconf 73' lang='grc' dir='ltr'><strong>μετὰ</strong></span> <span class='ocrx_word' id='word_1_180' title='bbox 440 2389 586 2476; x_wconf 79' lang='grc' dir='ltr'><strong><em>Ῥώμυλον</em></strong></span> <span class='ocrx_word' id='word_1_181' title='bbox 597 2390 744 2476; x_wconf 82' lang='grc' dir='ltr'><strong><em>Ῥωμαίων</em></strong></span> <span class='ocrx_word' id='word_1_182' title='bbox 758 2390 886 2478; x_wconf 70' lang='grc' dir='ltr'><strong><em>γεγονώς</em></strong></span> <span class='ocrx_word' id='word_1_183' title='bbox 896 2388 956 2457; x_wconf 74' lang='grc' dir='ltr'><strong>ἀπὸ</strong></span> <span class='ocrx_word' id='word_1_184' title='bbox 968 2393 1092 2475; x_wconf 75' lang='grc' dir='ltr'><strong><em>σιδήρου</em></strong></span> <span class='ocrx_word' id='word_1_185' title='bbox 1103 2395 1154 2457; x_wconf 81' lang='grc' dir='ltr'><strong>καί</strong></span> <span class='ocrx_word' id='word_1_186' title='bbox 1166 2399 1276 2476; x_wconf 77' lang='grc' dir='ltr'><strong><em>χαλκοῦ</em></strong></span> <span class='ocrx_word' id='word_1_187' title='bbox 1295 2420 1346 2458; x_wconf 78' lang='grc' dir='ltr'><strong><em>νεε-</em></strong></span> 
     </span>
     <span class='ocr_line' id='line_1_21' title="bbox 207 2490 1345 2580; baseline 0 -20"><span class='ocrx_word' id='word_1_188' title='bbox 207 2497 354 2580; x_wconf 55' lang='lat' dir='ltr'><strong>notamus</strong></span> <span class='ocrx_word' id='word_1_189' title='bbox 382 2502 497 2575; x_wconf 79' lang='grc' dir='ltr'><strong><em>πρῶτος</em></strong></span> <span class='ocrx_word' id='word_1_190' title='bbox 523 2498 676 2579; x_wconf 74' lang='grc' dir='ltr'><strong><em>ἐχαρίσατο</em></strong></span> <span class='ocrx_word' id='word_1_191' title='bbox 699 2491 848 2578; x_wconf 79' lang='grc' dir='ltr'><strong><em>Ῥωμαίοις</em></strong></span> <span class='ocrx_word' id='word_1_192' title='bbox 872 2501 931 2560; x_wconf 77' lang='grc' dir='ltr'><strong>τῶν</strong></span> <span class='ocrx_word' id='word_1_193' title='bbox 954 2490 1012 2577; x_wconf 78' lang='grc' dir='ltr'><strong>πρὸ</strong></span> <span class='ocrx_word' id='word_1_194' title='bbox 1036 2491 1129 2560; x_wconf 78' lang='grc' dir='ltr'><strong><em>αὐτοῦ</em></strong></span> <span class='ocrx_word' id='word_1_195' title='bbox 1151 2492 1272 2561; x_wconf 77' lang='grc' dir='ltr'><strong><em>πάντων</em></strong></span> <span class='ocrx_word' id='word_1_196' title='bbox 1296 2493 1345 2560; x_wconf 78' lang='grc' dir='ltr'><strong>δνσὶ</strong></span> 
     </span>
     <span class='ocr_line' id='line_1_22' title="bbox 206 2591 1345 2682; baseline 0.004 -23"><span class='ocrx_word' id='word_1_197' title='bbox 206 2601 352 2661; x_wconf 79' lang='grc' dir='ltr'><strong><em>σκυτίνων</em></strong></span> <span class='ocrx_word' id='word_1_198' title='bbox 369 2598 419 2661; x_wconf 83' lang='grc' dir='ltr'><strong>καὶ</strong></span> <span class='ocrx_word' id='word_1_199' title='bbox 437 2594 619 2682; x_wconf 80' lang='grc' dir='ltr'><strong><em>ὀστρακίνων</em></strong></span> <span class='ocrx_word' id='word_1_200' title='bbox 637 2593 693 2679; x_wconf 76' lang='grc' dir='ltr'><strong>τήν</strong></span> <span class='ocrx_word' id='word_1_201' title='bbox 708 2602 808 2682; x_wconf 80' lang='grc' dir='ltr'><strong><em>χρείαν</em></strong></span> <span class='ocrx_word' id='word_1_202' title='bbox 823 2594 1031 2680; x_wconf 76' lang='grc' dir='ltr'><strong><em>πληρούνεονν’</em></strong></span> <span class='ocrx_word' id='word_1_203' title='bbox 1051 2593 1125 2674; x_wconf 69' lang='grc' dir='ltr'><strong><em>ὅπερ</em></strong></span> <span class='ocrx_word' id='word_1_204' title='bbox 1143 2591 1297 2680; x_wconf 71' lang='grc' dir='ltr'><strong><em>ὠνόμασεν</em></strong></span> <span class='ocrx_word' id='word_1_205' title='bbox 1313 2600 1345 2664; x_wconf 77' lang='grc' dir='ltr'><strong>ἐκ</strong></span> 
     </span>
     <span class='ocr_line' id='line_1_23' title="bbox 207 2695 1345 2784; baseline 0.004 -22"><span class='ocrx_word' id='word_1_206' title='bbox 207 2705 259 2764; x_wconf 82' lang='grc' dir='ltr'><strong>τοῦ</strong></span> <span class='ocrx_word' id='word_1_207' title='bbox 270 2703 347 2764; x_wconf 81' lang='lat' dir='ltr'><strong>idios</strong></span> <span class='ocrx_word' id='word_1_208' title='bbox 360 2695 501 2781; x_wconf 81' lang='grc' dir='ltr'><strong><em>ὀνόματος</em></strong></span> <span class='ocrx_word' id='word_1_209' title='bbox 516 2705 663 2783; x_wconf 81' lang='grc' dir='ltr'><strong><em>νουμμίνν,</em></strong></span> <span class='ocrx_word' id='word_1_210' title='bbox 680 2700 719 2777; x_wconf 76' lang='grc' dir='ltr'><strong>ὥς</strong></span> <span class='ocrx_word' id='word_1_211' title='bbox 735 2722 807 2780; x_wconf 82' lang='grc' dir='ltr'><strong><em>φησι</em></strong></span> <span class='ocrx_word' id='word_1_212' title='bbox 825 2699 1022 2784; x_wconf 76' lang='grc' dir='ltr'><strong><em>Τροίγκολλος.</em></strong></span> <span class='ocrx_word' id='word_1_213' title='bbox 1057 2705 1164 2766; x_wconf 86' lang='lat' dir='ltr'><strong>eadem</strong></span> <span class='ocrx_word' id='word_1_214' title='bbox 1178 2706 1271 2784; x_wconf 89' lang='lat' dir='ltr'><strong>plaue</strong></span> <span class='ocrx_word' id='word_1_215' title='bbox 1288 2707 1345 2766; x_wconf 83' lang='lat' dir='ltr'><strong>Oe·</strong></span> 
     </span>
     <span class='ocr_line' id='line_1_24' title="bbox 207 2804 1346 2888; baseline 0.002 -23"><span class='ocrx_word' id='word_1_216' title='bbox 207 2806 320 2867; x_wconf 90' lang='lat' dir='ltr'><strong>dreuus</strong></span> <span class='ocrx_word' id='word_1_217' title='bbox 332 2807 449 2867; x_wconf 86' lang='lat' dir='ltr'><strong>lrabetl</strong></span> <span class='ocrx_word' id='word_1_218' title='bbox 462 2830 491 2886; x_wconf 89' lang='lat' dir='ltr'><strong>p.</strong></span> <span class='ocrx_word' id='word_1_219' title='bbox 505 2818 564 2871; x_wconf 71' lang='lat' dir='ltr'><strong>teo.</strong></span> <span class='ocrx_word' id='word_1_220' title='bbox 574 2818 623 2870; x_wconf 81' lang='lat'><strong>801</strong></span> <span class='ocrx_word' id='word_1_221' title='bbox 635 2853 641 2879; x_wconf 90' lang='lat'>‚</span> <span class='ocrx_word' id='word_1_222' title='bbox 655 2809 713 2867; x_wconf 88' lang='lat' dir='ltr'><strong>uisi</strong></span> <span class='ocrx_word' id='word_1_223' title='bbox 729 2808 810 2888; x_wconf 86' lang='lat' dir='ltr'><strong>quod</strong></span> <span class='ocrx_word' id='word_1_224' title='bbox 824 2810 952 2868; x_wconf 87' lang='lat' dir='ltr'><strong>Suetoui</strong></span> <span class='ocrx_word' id='word_1_225' title='bbox 963 2829 1072 2867; x_wconf 89' lang='lat' dir='ltr'><strong>nomeu</strong></span> <span class='ocrx_word' id='word_1_226' title='bbox 1086 2804 1195 2869; x_wconf 88' lang='lat' dir='ltr'><strong>omisit.</strong></span> <span class='ocrx_word' id='word_1_227' title='bbox 1219 2809 1346 2869; x_wconf 86' lang='lat' dir='ltr'><strong>Suetoui</strong></span> 
     </span>
     <span class='ocr_line' id='line_1_25' title="bbox 206 2910 1345 2988; baseline 0.004 -21"><span class='ocrx_word' id='word_1_228' title='bbox 206 2930 279 2968; x_wconf 88' lang='lat' dir='ltr'><strong>vero</strong></span> <span class='ocrx_word' id='word_1_229' title='bbox 293 2910 495 2988; x_wconf 75' lang='lat' dir='ltr'><strong>fragmentum</strong></span> <span class='ocrx_word' id='word_1_230' title='bbox 509 2920 539 2970; x_wconf 92' lang='lat' dir='ltr'><strong>et</strong></span> <span class='ocrx_word' id='word_1_231' title='bbox 549 2910 660 2971; x_wconf 88' lang='lat' dir='ltr'><strong>Suidas</strong></span> <span class='ocrx_word' id='word_1_232' title='bbox 673 2921 704 2970; x_wconf 91' lang='lat' dir='ltr'><strong>at</strong></span> <span class='ocrx_word' id='word_1_233' title='bbox 716 2910 875 2971; x_wconf 81' lang='lat' dir='ltr'><strong>Cedrenus</strong></span> <span class='ocrx_word' id='word_1_234' title='bbox 888 2932 928 2970; x_wconf 79' lang='lat' dir='ltr'><strong>ex</strong></span> <span class='ocrx_word' id='word_1_235' title='bbox 939 2911 1052 2969; x_wconf 87' lang='lat' dir='ltr'><strong>Ioanne</strong></span> <span class='ocrx_word' id='word_1_236' title='bbox 1064 2911 1256 2971; x_wconf 82' lang='lat' dir='ltr'><strong>Antiocheno</strong></span> <span class='ocrx_word' id='word_1_237' title='bbox 1270 2912 1345 2972; x_wconf 86' lang='lat' dir='ltr'><strong>bau·</strong></span> 
     </span>
     <span class='ocr_line' id='line_1_26' title="bbox 206 3002 1344 3094; baseline 0.001 -23"><span class='ocrx_word' id='word_1_238' title='bbox 206 3022 325 3086; x_wconf 87' lang='lat' dir='ltr'><strong>serunt,</strong></span> <span class='ocrx_word' id='word_1_239' title='bbox 342 3013 372 3070; x_wconf 91' lang='lat' dir='ltr'><strong>iu</strong></span> <span class='ocrx_word' id='word_1_240' title='bbox 389 3014 474 3073; x_wconf 87' lang='lat' dir='ltr'><strong>euius</strong></span> <span class='ocrx_word' id='word_1_241' title='bbox 487 3016 640 3092; x_wconf 80' lang='lat' dir='ltr'><strong>excerptis</strong></span> <span class='ocrx_word' id='word_1_242' title='bbox 657 3002 809 3092; x_wconf 75' lang='lat' dir='ltr'><strong>(Mueller.</strong></span> <span class='ocrx_word' id='word_1_243' title='bbox 823 3014 929 3089; x_wconf 83' lang='lat' dir='ltr'><strong>fragm.</strong></span> <span class='ocrx_word' id='word_1_244' title='bbox 943 3013 1009 3072; x_wconf 88' lang='lat' dir='ltr'><strong>bist.</strong></span> <span class='ocrx_word' id='word_1_245' title='bbox 1029 3012 1140 3072; x_wconf 82' lang='lat' dir='ltr'><strong>Graec.</strong></span> <span class='ocrx_word' id='word_1_246' title='bbox 1156 3015 1221 3072; x_wconf 92' lang='lat' dir='ltr'><strong>llll</strong></span> <span class='ocrx_word' id='word_1_247' title='bbox 1237 3036 1266 3094; x_wconf 88' lang='lat' dir='ltr'><strong>p.</strong></span> <span class='ocrx_word' id='word_1_248' title='bbox 1284 3027 1344 3078; x_wconf 74' lang='lat'><strong>553.</strong></span> 
     </span>
     <span class='ocr_line' id='line_1_27' title="bbox 206 3114 1345 3194; baseline -0.001 -17"><span class='ocrx_word' id='word_1_249' title='bbox 206 3124 254 3191; x_wconf 82' lang='grc'><strong>33)</strong></span> <span class='ocrx_word' id='word_1_250' title='bbox 271 3114 379 3173; x_wconf 83' lang='lat' dir='ltr'><strong>eadem</strong></span> <span class='ocrx_word' id='word_1_251' title='bbox 394 3118 539 3174; x_wconf 85' lang='lat' dir='ltr'><strong>memoria</strong></span> <span class='ocrx_word' id='word_1_252' title='bbox 554 3118 674 3194; x_wconf 85' lang='lat' dir='ltr'><strong>legitur,</strong></span> <span class='ocrx_word' id='word_1_253' title='bbox 691 3116 745 3176; x_wconf 85' lang='lat' dir='ltr'><strong>sad</strong></span> <span class='ocrx_word' id='word_1_254' title='bbox 762 3126 792 3174; x_wconf 88' lang='lat' dir='ltr'><strong>et</strong></span> <span class='ocrx_word' id='word_1_255' title='bbox 809 3117 858 3174; x_wconf 86' lang='lat' dir='ltr'><strong>lrie</strong></span> <span class='ocrx_word' id='word_1_256' title='bbox 874 3136 893 3173; x_wconf 88' lang='lat' dir='ltr'><strong>a</strong></span> <span class='ocrx_word' id='word_1_257' title='bbox 910 3115 1084 3173; x_wconf 80' lang='lat' dir='ltr'><strong>breviatore</strong></span> <span class='ocrx_word' id='word_1_258' title='bbox 1095 3115 1222 3174; x_wconf 86' lang='lat' dir='ltr'><strong>Suetoni</strong></span> <span class='ocrx_word' id='word_1_259' title='bbox 1235 3138 1345 3176; x_wconf 89' lang='lat' dir='ltr'><strong>noman</strong></span> 
     </span>
     <span class='ocr_line' id='line_1_28' title="bbox 205 3216 1345 3297; baseline 0.004 -23"><span class='ocrx_word' id='word_1_260' title='bbox 205 3225 357 3275; x_wconf 83' lang='lat' dir='ltr'><strong>resectum</strong></span> <span class='ocrx_word' id='word_1_261' title='bbox 374 3227 430 3275; x_wconf 87' lang='lat' dir='ltr'><strong>est.</strong></span> <span class='ocrx_word' id='word_1_262' title='bbox 463 3219 653 3296; x_wconf 83' lang='lat' dir='ltr'><strong>praecedunt</strong></span> <span class='ocrx_word' id='word_1_263' title='bbox 675 3217 756 3297; x_wconf 91' lang='lat' dir='ltr'><strong>apud</strong></span> <span class='ocrx_word' id='word_1_264' title='bbox 780 3238 847 3276; x_wconf 90' lang='lat' dir='ltr'><strong>eum</strong></span> <span class='ocrx_word' id='word_1_265' title='bbox 871 3237 949 3296; x_wconf 90' lang='lat' dir='ltr'><strong>quae</strong></span> <span class='ocrx_word' id='word_1_266' title='bbox 966 3238 1057 3295; x_wconf 88' lang='lat' dir='ltr'><strong>supra</strong></span> <span class='ocrx_word' id='word_1_267' title='bbox 1073 3216 1149 3274; x_wconf 89' lang='lat' dir='ltr'><strong>libro</strong></span> <span class='ocrx_word' id='word_1_268' title='bbox 1171 3218 1209 3275; x_wconf 87' lang='lat' dir='ltr'><strong>de</strong></span> <span class='ocrx_word' id='word_1_269' title='bbox 1230 3238 1345 3295; x_wconf 87' lang='lat' dir='ltr'><strong>genere</strong></span> 
     </span>
     <span class='ocr_line' id='line_1_29' title="bbox 206 3318 1346 3398; baseline 0.003 -23"><span class='ocrx_word' id='word_1_270' title='bbox 206 3320 337 3376; x_wconf 86' lang='lat' dir='ltr'><strong>vestium</strong></span> <span class='ocrx_word' id='word_1_271' title='bbox 359 3318 515 3398; x_wconf 86' lang='lat' dir='ltr'><strong>adscripta</strong></span> <span class='ocrx_word' id='word_1_272' title='bbox 535 3329 622 3393; x_wconf 87' lang='lat' dir='ltr'><strong>sunt,</strong></span> <span class='ocrx_word' id='word_1_273' title='bbox 644 3341 710 3379; x_wconf 87' lang='lat' dir='ltr'><strong>oum</strong></span> <span class='ocrx_word' id='word_1_274' title='bbox 734 3320 765 3377; x_wconf 90' lang='lat' dir='ltr'><strong>in</strong></span> <span class='ocrx_word' id='word_1_275' title='bbox 788 3321 832 3377; x_wconf 91' lang='lat' dir='ltr'><strong>eis</strong></span> <span class='ocrx_word' id='word_1_276' title='bbox 858 3318 897 3377; x_wconf 87' lang='lat' dir='ltr'><strong>de</strong></span> <span class='ocrx_word' id='word_1_277' title='bbox 920 3318 1135 3377; x_wconf 83' lang='lat' dir='ltr'><strong>calceameutis</strong></span> <span class='ocrx_word' id='word_1_278' title='bbox 1151 3320 1346 3397; x_wconf 82' lang='lat' dir='ltr'><strong>patriciorum</strong></span> 
     </span>
    </p>
   </div>
   <div class='ocr_carea' id='block_1_9' title="bbox 206 3419 1431 3499">
    <p class='ocr_par' dir='ltr' id='par_1_10' title="bbox 206 3419 1431 3499">
     <span class='ocr_line' id='line_1_30' title="bbox 206 3419 1431 3499; baseline -0.001 -21"><span class='ocrx_word' id='word_1_279' title='bbox 206 3419 425 3499; x_wconf 82' lang='lat' dir='ltr'><strong>disputaretur,</strong></span> <span class='ocrx_word' id='word_1_280' title='bbox 448 3421 586 3479; x_wconf 79' lang='lat' dir='ltr'><strong>subiecta</strong></span> <span class='ocrx_word' id='word_1_281' title='bbox 608 3430 708 3479; x_wconf 88' lang='lat' dir='ltr'><strong>autem</strong></span> <span class='ocrx_word' id='word_1_282' title='bbox 737 3430 783 3478; x_wconf 88' lang='lat' dir='ltr'><strong>ost</strong></span> <span class='ocrx_word' id='word_1_283' title='bbox 804 3421 938 3485; x_wconf 85' lang='lat' dir='ltr'><strong>narratio</strong></span> <span class='ocrx_word' id='word_1_284' title='bbox 960 3419 998 3478; x_wconf 90' lang='lat' dir='ltr'><strong>de</strong></span> <span class='ocrx_word' id='word_1_285' title='bbox 1016 3420 1084 3477; x_wconf 89' lang='lat' dir='ltr'><strong>aliis</strong></span> <span class='ocrx_word' id='word_1_286' title='bbox 1103 3421 1223 3479; x_wconf 90' lang='lat' dir='ltr'><strong>Numae</strong></span> <span class='ocrx_word' id='word_1_287' title='bbox 1240 3422 1346 3481; x_wconf 88' lang='lat' dir='ltr'><strong>inven-</strong></span> <span class='ocrx_word' id='word_1_288' title='bbox 1422 3464 1431 3477; x_wconf 82' lang='lat'>.</span> 
     </span>
    </p>
   </div>
   <div class='ocr_carea' id='block_1_10' title="bbox 203 3520 1346 4010">
    <p class='ocr_par' dir='ltr' id='par_1_11' title="bbox 203 3520 1346 4010">
     <span class='ocr_line' id='line_1_31' title="bbox 204 3520 1346 3601; baseline 0.004 -23"><span class='ocrx_word' id='word_1_289' title='bbox 204 3523 258 3593; x_wconf 83' lang='lat' dir='ltr'><strong>tis,</strong></span> <span class='ocrx_word' id='word_1_290' title='bbox 275 3542 355 3601; x_wconf 90' lang='lat' dir='ltr'><strong>quae</strong></span> <span class='ocrx_word' id='word_1_291' title='bbox 371 3542 459 3581; x_wconf 89' lang='lat' dir='ltr'><strong>nemo</strong></span> <span class='ocrx_word' id='word_1_292' title='bbox 476 3520 627 3580; x_wconf 86' lang='lat' dir='ltr'><strong>dubitabit</strong></span> <span class='ocrx_word' id='word_1_293' title='bbox 643 3524 715 3600; x_wconf 90' lang='lat' dir='ltr'><strong>quin</strong></span> <span class='ocrx_word' id='word_1_294' title='bbox 729 3542 797 3580; x_wconf 88' lang='lat' dir='ltr'><strong>eum</strong></span> <span class='ocrx_word' id='word_1_295' title='bbox 809 3520 908 3579; x_wconf 88' lang='lat' dir='ltr'><strong>eidem</strong></span> <span class='ocrx_word' id='word_1_296' title='bbox 921 3523 1036 3580; x_wconf 83' lang='lat' dir='ltr'><strong>auctori</strong></span> <span class='ocrx_word' id='word_1_297' title='bbox 1049 3531 1110 3580; x_wconf 91' lang='lat' dir='ltr'><strong>tum</strong></span> <span class='ocrx_word' id='word_1_298' title='bbox 1122 3522 1193 3581; x_wconf 89' lang='lat' dir='ltr'><strong>huie</strong></span> <span class='ocrx_word' id='word_1_299' title='bbox 1209 3522 1285 3581; x_wconf 90' lang='lat' dir='ltr'><strong>libro</strong></span> <span class='ocrx_word' id='word_1_300' title='bbox 1307 3524 1346 3583; x_wconf 94' lang='lat' dir='ltr'><strong>de</strong></span> 
     </span>
     <span class='ocr_line' id='line_1_32' title="bbox 205 3622 1345 3703; baseline 0.004 -23"><span class='ocrx_word' id='word_1_301' title='bbox 205 3623 327 3699; x_wconf 87' lang='lat' dir='ltr'><strong>regibus</strong></span> <span class='ocrx_word' id='word_1_302' title='bbox 343 3623 501 3681; x_wconf 83' lang='lat' dir='ltr'><strong>debeatur.</strong></span> <span class='ocrx_word' id='word_1_303' title='bbox 536 3622 616 3682; x_wconf 88' lang='lat' dir='ltr'><strong>idem</strong></span> <span class='ocrx_word' id='word_1_304' title='bbox 638 3625 792 3700; x_wconf 84' lang='lat' dir='ltr'><strong>ingenium</strong></span> <span class='ocrx_word' id='word_1_305' title='bbox 808 3624 940 3700; x_wconf 84' lang='lat' dir='ltr'><strong>spirant,</strong></span> <span class='ocrx_word' id='word_1_306' title='bbox 963 3644 1042 3702; x_wconf 87' lang='lat' dir='ltr'><strong>quae</strong></span> <span class='ocrx_word' id='word_1_307' title='bbox 1068 3624 1105 3682; x_wconf 87' lang='lat' dir='ltr'><strong>de</strong></span> <span class='ocrx_word' id='word_1_308' title='bbox 1124 3624 1273 3703; x_wconf 86' lang='lat' dir='ltr'><strong>Tarquini</strong></span> <span class='ocrx_word' id='word_1_309' title='bbox 1289 3625 1345 3685; x_wconf 81' lang='lat' dir='ltr'><strong>Su-</strong></span> 
     </span>
     <span class='ocr_line' id='line_1_33' title="bbox 203 3718 1346 3805; baseline 0.004 -24"><span class='ocrx_word' id='word_1_310' title='bbox 203 3726 291 3803; x_wconf 87' lang='lat' dir='ltr'><strong>perbi</strong></span> <span class='ocrx_word' id='word_1_311' title='bbox 313 3726 446 3784; x_wconf 89' lang='lat' dir='ltr'><strong>inventis</strong></span> <span class='ocrx_word' id='word_1_312' title='bbox 468 3725 506 3783; x_wconf 88' lang='lat' dir='ltr'><strong>ab</strong></span> <span class='ocrx_word' id='word_1_313' title='bbox 528 3724 643 3783; x_wconf 86' lang='lat' dir='ltr'><strong>loanne</strong></span> <span class='ocrx_word' id='word_1_314' title='bbox 659 3726 680 3784; x_wconf 91' lang='lat' dir='ltr'><strong>l.</strong></span> <span class='ocrx_word' id='word_1_315' title='bbox 700 3747 724 3783; x_wconf 88' lang='grc' dir='ltr'><strong>ο.</strong></span> <span class='ocrx_word' id='word_1_316' title='bbox 742 3726 929 3783; x_wconf 86' lang='lat' dir='ltr'><strong>referuntur:</strong></span> <span class='ocrx_word' id='word_1_317' title='bbox 957 3718 1049 3801; x_wconf 79' lang='lat' dir='ltr'><strong>despui</strong></span> <span class='ocrx_word' id='word_1_318' title='bbox 1075 3745 1104 3782; x_wconf 83' lang='grc' dir='ltr'><strong>τε</strong></span> <span class='ocrx_word' id='word_1_319' title='bbox 1132 3723 1184 3784; x_wconf 80' lang='lat' dir='ltr'><strong>aul</strong></span> <span class='ocrx_word' id='word_1_320' title='bbox 1204 3720 1346 3805; x_wconf 73' lang='grc' dir='ltr'><strong><em>μάστιγος</em></strong></span> 
     </span>
     <span class='ocr_line' id='line_1_34' title="bbox 204 3815 1345 3905; baseline 0.004 -23"><span class='ocrx_word' id='word_1_321' title='bbox 204 3828 322 3898; x_wconf 82' lang='grc' dir='ltr'><strong><em>κλοίους</em></strong></span> <span class='ocrx_word' id='word_1_322' title='bbox 338 3827 474 3900; x_wconf 80' lang='grc' dir='ltr'><strong><em>ξυλίνους</em></strong></span> <span class='ocrx_word' id='word_1_323' title='bbox 486 3822 537 3884; x_wconf 79' lang='grc' dir='ltr'><strong>καὶ</strong></span> <span class='ocrx_word' id='word_1_324' title='bbox 549 3824 689 3903; x_wconf 71' lang='grc' dir='ltr'><strong><em>σιδηροῦς</em></strong></span> <span class='ocrx_word' id='word_1_325' title='bbox 700 3823 790 3897; x_wconf 75' lang='grc' dir='ltr'><strong><em>πέδας</em></strong></span> <span class='ocrx_word' id='word_1_326' title='bbox 802 3815 922 3898; x_wconf 70' lang='grc' dir='ltr'><strong><em>ἁλύσεις</em></strong></span> <span class='ocrx_word' id='word_1_327' title='bbox 936 3823 1062 3903; x_wconf 77' lang='grc' dir='ltr'><strong><em>μέταλλα</em></strong></span> <span class='ocrx_word' id='word_1_328' title='bbox 1073 3822 1123 3883; x_wconf 80' lang='grc' dir='ltr'><strong>καί</strong></span> <span class='ocrx_word' id='word_1_329' title='bbox 1136 3823 1249 3905; x_wconf 79' lang='grc' dir='ltr'><strong><em>ἕξορίυν</em></strong></span> <span class='ocrx_word' id='word_1_330' title='bbox 1260 3826 1345 3905; x_wconf 73' lang='grc' dir='ltr'><strong><em>ἐφευ-</em></strong></span> 
     </span>
     <span class='ocr_line' id='line_1_35' title="bbox 204 3920 1344 4010; baseline 0.005 -25"><span class='ocrx_word' id='word_1_331' title='bbox 204 3920 275 4003; x_wconf 73' lang='grc' dir='ltr'><strong><em>οοίν.</em></strong></span> <span class='ocrx_word' id='word_1_332' title='bbox 304 3930 363 3987; x_wconf 87' lang='lat' dir='ltr'><strong>iam</strong></span> <span class='ocrx_word' id='word_1_333' title='bbox 382 3949 454 3987; x_wconf 90' lang='lat' dir='ltr'><strong>vero</strong></span> <span class='ocrx_word' id='word_1_334' title='bbox 469 3930 547 3988; x_wconf 88' lang='lat' dir='ltr'><strong>haee</strong></span> <span class='ocrx_word' id='word_1_335' title='bbox 562 3930 680 3986; x_wconf 85' lang='lat' dir='ltr'><strong>intexta</strong></span> <span class='ocrx_word' id='word_1_336' title='bbox 700 3939 771 3988; x_wconf 84' lang='lat' dir='ltr'><strong>suut</strong></span> <span class='ocrx_word' id='word_1_337' title='bbox 792 3930 990 4006; x_wconf 84' lang='lat' dir='ltr'><strong>plenissimae</strong></span> <span class='ocrx_word' id='word_1_338' title='bbox 1005 3931 1167 3989; x_wconf 84' lang='lat' dir='ltr'><strong>memoriae</strong></span> <span class='ocrx_word' id='word_1_339' title='bbox 1185 3950 1275 4010; x_wconf 89' lang='lat' dir='ltr'><strong>quam</strong></span> <span class='ocrx_word' id='word_1_340' title='bbox 1295 3952 1344 3991; x_wconf 90' lang='lat' dir='ltr'><strong>su-</strong></span> 
     </span>
    </p>
   </div>
   <div class='ocr_carea' id='block_1_11' title="bbox 203 4022 1422 4110">
    <p class='ocr_par' dir='ltr' id='par_1_12' title="bbox 203 4022 1422 4110">
     <span class='ocr_line' id='line_1_36' title="bbox 203 4022 1422 4110; baseline 0.007 -24"><span class='ocrx_word' id='word_1_341' title='bbox 203 4049 259 4106; x_wconf 88' lang='lat' dir='ltr'><strong>pra</strong></span> <span class='ocrx_word' id='word_1_342' title='bbox 274 4030 446 4106; x_wconf 84' lang='lat' dir='ltr'><strong>significavi</strong></span> <span class='ocrx_word' id='word_1_343' title='bbox 462 4031 500 4089; x_wconf 89' lang='lat' dir='ltr'><strong>de</strong></span> <span class='ocrx_word' id='word_1_344' title='bbox 517 4031 733 4110; x_wconf 87' lang='lat' dir='ltr'><strong>antiquissimis</strong></span> <span class='ocrx_word' id='word_1_345' title='bbox 746 4031 855 4091; x_wconf 84' lang='lat' dir='ltr'><strong>ltaliae</strong></span> <span class='ocrx_word' id='word_1_346' title='bbox 870 4032 970 4090; x_wconf 83' lang='lat' dir='ltr'><strong>Albae</strong></span> <span class='ocrx_word' id='word_1_347' title='bbox 985 4033 1112 4109; x_wconf 89' lang='lat' dir='ltr'><strong>Longae</strong></span> <span class='ocrx_word' id='word_1_348' title='bbox 1128 4033 1345 4094; x_wconf 85' lang='lat' dir='ltr'><strong>Romanorum·</strong></span> <span class='ocrx_word' id='word_1_349' title='bbox 1417 4022 1422 4041; x_wconf 65' lang='lat'>¹</span> 
     </span>
    </p>
   </div>
   <div class='ocr_carea' id='block_1_12' title="bbox 204 4130 1347 4315">
    <p class='ocr_par' dir='ltr' id='par_1_13' title="bbox 204 4130 1347 4315">
     <span class='ocr_line' id='line_1_37' title="bbox 204 4130 1344 4213; baseline 0.004 -24"><span class='ocrx_word' id='word_1_350' title='bbox 204 4151 265 4209; x_wconf 88' lang='lat' dir='ltr'><strong>que</strong></span> <span class='ocrx_word' id='word_1_351' title='bbox 281 4130 402 4208; x_wconf 86' lang='lat' dir='ltr'><strong>regibus</strong></span> <span class='ocrx_word' id='word_1_352' title='bbox 419 4134 449 4191; x_wconf 88' lang='lat' dir='ltr'><strong>iu</strong></span> <span class='ocrx_word' id='word_1_353' title='bbox 466 4134 605 4193; x_wconf 86' lang='lat' dir='ltr'><strong>elrrouieo</strong></span> <span class='ocrx_word' id='word_1_354' title='bbox 625 4133 707 4191; x_wconf 89' lang='lat' dir='ltr'><strong>urbis</strong></span> <span class='ocrx_word' id='word_1_355' title='bbox 723 4132 805 4213; x_wconf 89' lang='lat' dir='ltr'><strong>quod</strong></span> <span class='ocrx_word' id='word_1_356' title='bbox 820 4143 914 4192; x_wconf 87' lang='lat' dir='ltr'><strong>totum</strong></span> <span class='ocrx_word' id='word_1_357' title='bbox 931 4135 1044 4210; x_wconf 88' lang='lat' dir='ltr'><strong>primus</strong></span> <span class='ocrx_word' id='word_1_358' title='bbox 1063 4134 1267 4193; x_wconf 79' lang='lat' dir='ltr'><strong>blommsenus</strong></span> <span class='ocrx_word' id='word_1_359' title='bbox 1281 4135 1344 4195; x_wconf 87' lang='lat' dir='ltr'><strong>edi-</strong></span> 
     </span>
     <span class='ocr_line' id='line_1_38' title="bbox 204 4231 1347 4315; baseline 0.007 -26"><span class='ocrx_word' id='word_1_360' title='bbox 204 4231 248 4290; x_wconf 87' lang='lat' dir='ltr'><strong>dit</strong></span> <span class='ocrx_word' id='word_1_361' title='bbox 262 4242 292 4291; x_wconf 81' lang='grc' dir='ltr'><strong>ολ</strong></span> <span class='ocrx_word' id='word_1_362' title='bbox 307 4244 525 4295; x_wconf 82' lang='lat' dir='ltr'><strong>commentatus</strong></span> <span class='ocrx_word' id='word_1_363' title='bbox 542 4235 632 4295; x_wconf 88' lang='lat' dir='ltr'><strong>estin</strong></span> <span class='ocrx_word' id='word_1_364' title='bbox 650 4255 754 4293; x_wconf 84' lang='lat' dir='ltr'><strong>comm.</strong></span> <span class='ocrx_word' id='word_1_365' title='bbox 771 4255 833 4294; x_wconf 84' lang='lat' dir='ltr'><strong>soe.</strong></span> <span class='ocrx_word' id='word_1_366' title='bbox 850 4234 923 4293; x_wconf 76' lang='lat' dir='ltr'><strong>Sex.</strong></span> <span class='ocrx_word' id='word_1_367' title='bbox 936 4235 1006 4293; x_wconf 87' lang='lat' dir='ltr'><strong>hist.</strong></span> <span class='ocrx_word' id='word_1_368' title='bbox 1019 4235 1124 4313; x_wconf 90' lang='lat' dir='ltr'><strong>philol.</strong></span> <span class='ocrx_word' id='word_1_369' title='bbox 1141 4236 1196 4315; x_wconf 93' lang='lat' dir='ltr'><strong>Ip.</strong></span> <span class='ocrx_word' id='word_1_370' title='bbox 1211 4247 1276 4301; x_wconf 71' lang='lat'><strong>347:</strong></span> <span class='ocrx_word' id='word_1_371' title='bbox 1300 4241 1347 4297; x_wconf 79' lang='lat' dir='ltr'><strong>bie</strong></span> 
     </span>
    </p>
   </div>
   <div class='ocr_carea' id='block_1_13' title="bbox 198 4330 1430 4421">
    <p class='ocr_par' dir='ltr' id='par_1_14' title="bbox 198 4330 1430 4421">
     <span class='ocr_line' id='line_1_39' title="bbox 198 4330 1430 4421; baseline 0.007 -32"><span class='ocrx_word' id='word_1_372' title='bbox 198 4338 282 4408; x_wconf 84' lang='lat' dir='ltr'><strong>prior</strong></span> <span class='ocrx_word' id='word_1_373' title='bbox 306 4337 460 4394; x_wconf 80' lang='lat' dir='ltr'><strong>korrrinibus</strong></span> <span class='ocrx_word' id='word_1_374' title='bbox 486 4330 627 4396; x_wconf 78' lang='lat' dir='ltr'><strong>adiuueuit</strong></span> <span class='ocrx_word' id='word_1_375' title='bbox 650 4342 797 4395; x_wconf 81' lang='lat' dir='ltr'><strong>lautumias</strong></span> <span class='ocrx_word' id='word_1_376' title='bbox 822 4347 956 4395; x_wconf 84' lang='lat' dir='ltr'><strong>tormenta</strong></span> <span class='ocrx_word' id='word_1_377' title='bbox 980 4340 1068 4411; x_wconf 77' lang='lat' dir='ltr'><strong>fustes</strong></span> <span class='ocrx_word' id='word_1_378' title='bbox 1093 4342 1203 4396; x_wconf 85' lang='lat' dir='ltr'><strong>metullo</strong></span> <span class='ocrx_word' id='word_1_379' title='bbox 1233 4344 1345 4421; x_wconf 71' lang='lat' dir='ltr'><strong>(lupello</strong></span> <span class='ocrx_word' id='word_1_380' title='bbox 1426 4344 1430 4355; x_wconf 94' lang='lat'>&#39;</span> 
     </span>
    </p>
   </div>
   <div class='ocr_carea' id='block_1_14' title="bbox 202 4432 1343 4524">
    <p class='ocr_par' dir='ltr' id='par_1_15' title="bbox 202 4432 1343 4524">
     <span class='ocr_line' id='line_1_40' title="bbox 202 4432 1343 4524; baseline 0.007 -33"><span class='ocrx_word' id='word_1_381' title='bbox 202 4452 334 4493; x_wconf 84' lang='lat' dir='ltr'><strong>carceres</strong></span> <span class='ocrx_word' id='word_1_382' title='bbox 350 4441 443 4494; x_wconf 74' lang='lat' dir='ltr'><strong>exilio.</strong></span> <span class='ocrx_word' id='word_1_383' title='bbox 478 4438 572 4515; x_wconf 88' lang='lat' dir='ltr'><strong>plane</strong></span> <span class='ocrx_word' id='word_1_384' title='bbox 594 4438 700 4498; x_wconf 84' lang='lat' dir='ltr'><strong>eadem</strong></span> <span class='ocrx_word' id='word_1_385' title='bbox 717 4438 870 4498; x_wconf 87' lang='lat' dir='ltr'><strong>Eusebius</strong></span> <span class='ocrx_word' id='word_1_386' title='bbox 888 4441 1015 4521; x_wconf 90' lang='lat' dir='ltr'><strong>eiusque</strong></span> <span class='ocrx_word' id='word_1_387' title='bbox 1031 4432 1180 4520; x_wconf 83' lang='lat' dir='ltr'><strong>interpres</strong></span> <span class='ocrx_word' id='word_1_388' title='bbox 1199 4442 1343 4524; x_wconf 86' lang='lat' dir='ltr'><strong>llierony·</strong></span> 
     </span>
    </p>
   </div>
   <div class='ocr_carea' id='block_1_15' title="bbox 0 0 1606 4998">
    <p class='ocr_par' dir='ltr' id='par_1_16' title="bbox 0 0 1606 4998">
     <span class='ocr_line' id='line_1_41' title="bbox 0 0 1606 4998; baseline 0 1"><span class='ocrx_word' id='word_1_389' title='bbox 0 0 1606 4998; x_wconf 95' lang='lat' dir='ltr'><strong> </strong></span> 
     </span>
    </p>
   </div>
  </div>
 </body>
</html>
