3218 5000
626 422 670 467 ns
691 422 832 469 areanis
855 424 965 468 aaavu
1305 408 1367 474 255

222 580 290 637 rat:
312 569 441 637 iaccbat
465 569 670 637 inhumatum
691 573 851 656 cadauer,
880 573 1036 659 frequens
1059 576 1274 661 spectantium
1297 572 1369 637 uul-

222 694 284 758 gus
300 673 468 756 adstabat,
491 675 582 737 canis
601 682 718 760 questu
735 673 930 738 lacrimabili
945 675 1068 739 domini
1084 674 1226 739 deflebat
1241 696 1367 739 acrum·

224 796 311 838 nam.
356 774 442 838 forte
464 776 493 839 is
516 776 571 863 qui
594 771 707 839 necem
730 774 894 853 intulerat,
917 784 954 838 ut
976 797 1011 839 se
1030 774 1130 839 habet
1151 777 1296 840 uersutia
1310 775 1368 839 hu-

222 878 311 939 mani
333 877 470 961 ingenii,
494 899 558 963 quo
579 876 736 940 uersandi
755 877 789 939 in
811 877 919 940 medio
943 877 1138 941 auctoritate
1159 887 1368 963 praesumpta

202 976 322 1040 sfidem
343 978 543 1042 adscisceret
567 979 791 1058 innocentiae,
818 977 861 1040 ad
881 977 971 1041 iliam
988 978 1289 1063 circumspectantis
1309 999 1366 1063 po·

221 1076 291 1163 puli
313 1079 454 1142 accessit
482 1099 635 1143 coronant
664 1086 699 1143 et
730 1078 823 1143 uelut
843 1080 1003 1143 miserans
1028 1079 1304 1165 appropinquauit
1323 1077 1366 1142 ad

879 1239 890 1259 ⁸

223 1289 285 1323 uam
300 1275 420 1325 accessit
433 1271 440 1339 Ι
454 1274 531 1324 luctu
543 1274 646 1325 doloris
660 1274 665 1340 Ι
681 1289 792 1325 carmen
805 1275 1013 1325 immurmurans
1028 1272 1032 1339 1
1048 1274 1238 1341 probationem
1251 1272 1364 1338 demiitl

223 1342 348 1403 demisit,
365 1344 529 1407 praesertim
543 1358 604 1392 eum
621 1359 673 1393 uec
686 1343 741 1392 odii
754 1359 842 1407 nequa
860 1343 983 1392 inuidiae
997 1348 1045 1392 aut
1057 1344 1175 1392 iniuriae
1189 1341 1307 1391 alicuius
1319 1358 1366 1407 po·
1403 1396 1409 1407 ¹

222 1414 296 1458 terat
314 1408 469 1459 obiectione
483 1411 585 1460 crimen
602 1409 709 1460 illatum
722 1415 861 1460 erracnari.
881 1412 915 1460 ob
928 1415 1034 1459 tantam
1047 1411 1131 1475 igitur
1144 1416 1200 1459 tam
1220 1410 1366 1459 uehemen-

223 1483 278 1526 tem
290 1477 434 1527 homicidii
446 1479 705 1544 praesumptionem,
719 1478 806 1527 milite
821 1482 980 1527 constanter
990 1478 1146 1537 inficiante,
1161 1477 1312 1527 iudicatum
1325 1483 1368 1527 est

224 1543 314 1593 duello
337 1546 378 1594 rei
402 1547 594 1595 certitudinem
617 1546 745 1610 experiri.
784 1547 812 1595 in
835 1562 933 1611 cumpo
956 1547 1050 1610 itaque
1070 1546 1225 1595 constitutis
1244 1551 1272 1594 ot
1290 1545 1366 1610 uulgi

224 1613 418 1662 circumstante
438 1629 540 1662 corona
557 1614 623 1663 hinc
647 1628 717 1663 cane
736 1613 863 1663 dentibus
881 1619 1000 1675 armato,
1029 1613 1106 1663 illine
1132 1612 1231 1661 bacuio
1250 1613 1367 1662 cubitali

223 1678 309 1728 milito
339 1681 461 1741 munito,
498 1680 610 1731 tandem
638 1697 707 1730 carre
735 1682 841 1731 uictore
870 1683 961 1730 uictus
993 1681 1133 1730 homicida
1164 1681 1309 1729 sirccubuit
1339 1686 1367 1729 ct

223 1747 433 1813 ignominiosam
457 1748 566 1814 publico
588 1749 713 1814 patibulo
740 1765 857 1814 poenam
885 1749 968 1798 dedit.
993 1774 1025 1783 —
1049 1749 1144 1797 ultima
1173 1748 1253 1797 Culta
1280 1747 1325 1796 iiie
1351 1762 1366 1797 e

223 1830 296 1865 more
330 1816 422 1881 gentis
455 1822 483 1865 et
515 1821 666 1881 temporum
693 1830 800 1865 suorum
827 1815 949 1865 adfinxit.
977 1842 1010 1850 -
1038 1816 1196 1869 Ambrosius
1216 1815 1243 1865 ,1.
1275 1832 1298 1868 c.
1329 1815 1367 1864 VI

222 1880 256 1932 23
280 1897 336 1947 τρε
372 1884 524 1933 ‘Exsortem
547 1884 664 1933 rationis
688 1899 786 1933 canem
810 1899 870 1933 esse
893 1900 972 1932 nemo
996 1884 1181 1945 dubitauerit3
1222 1889 1314 1931 tamen
1342 1885 1367 1930 si

223 1964 319 2000 sensus
343 1952 402 1999 eius
426 1952 548 2016 uigorem
572 1951 741 2013 consideran,
767 1966 865 2000 censes
889 1967 950 2001 eum
973 1952 1110 2001 sentiendi
1133 1951 1292 2014 sagacitate
1310 1950 1366 1998 uim

223 2018 277 2066 sibi
299 2018 415 2067 rationis
443 2019 608 2068 adsciscere.
645 2019 763 2082 denique
792 2018 862 2082 quod
886 2019 969 2084 parret
987 2019 1015 2066 in
1038 2019 1189 2084 &sonneiis
1213 2017 1366 2079 constituti,

224 2085 269 2149 qui
297 2090 385 2135 totam
409 2086 437 2134 in
462 2086 594 2136 discendo
621 2086 698 2136 uitae
727 2086 943 2151 longaeuitnteru
972 2087 1168 2145 contriuerint,
1195 2087 1242 2133 trix
1270 2092 1365 2149 potue·

224 2158 287 2201 runt
310 2168 494 2217 cognoscere,
517 2154 789 2218 ut-syllogismorum
808 2153 1000 2201 coniuntioncs
1024 2158 1217 2215 contexerent,
1243 2153 1294 2201 hoc
1317 2167 1365 2201 na·

224 2221 308 2270 turali
332 2223 411 2271 cunis
434 2223 588 2270 eruditione
618 2221 704 2270 facilc
728 2223 829 2285 poterit
858 2221 1009 2268 aestimari.
1050 2235 1113 2269 natu
1142 2221 1187 2268 ilbi
1216 2221 1365 2281 uestigium

224 2287 326 2353 leporis
354 2289 466 2339 ceruina
496 2291 631 2353 repererit
660 2294 743 2352 atque
774 2287 808 2336 ad
837 2287 1031 2336 diuerticuium
1055 2289 1171 2337 semitae
1200 2290 1309 2336 uenerit
1337 2293 1366 2336 et

224 2356 358 2420 quoddam
376 2358 483 2405 uiarum
502 2359 665 2421 compitum,
696 2356 766 2421 quod
784 2362 879 2419 partes
898 2356 926 2405 in
943 2355 1075 2419 plurimes
1093 2356 1239 2416 scinditur,
1268 2355 1366 2404 obiens

223 2423 392 2487 singularum
411 2424 570 2474 semitarum
595 2423 707 2473 exordia
725 2423 829 2473 tacitns
846 2439 938 2472 secum
957 2424 1016 2487 ipse
1035 2429 1189 2488 pertractat
1216 2423 1294 2471 neiat
1311 2422 1365 2485 syl·

223 2490 381 2555 logisticam
404 2507 502 2541 uocem
525 2493 684 2557 sagacitate
708 2491 860 2556 colligendi
882 2491 974 2539 odoris
997 2494 1138 2541 emittens:
1175 2496 1224 2540 ent
1246 2491 1275 2539 in
1293 2490 1365 2539 hanc
1458 2492 1460 2496 ’

223 2565 342 2624 partem,
367 2560 472 2625 inquit,
496 2560 608 2609 deflerit
631 2565 679 2608 aut
702 2560 730 2608 iu
753 2559 830 2607 illum
849 2564 897 2608 ant
919 2564 995 2607 certe
1019 2559 1048 2608 in
1070 2558 1141 2607 hunc
1160 2575 1189 2607 se
1209 2559 1365 2607 anfractum

223 2626 354 2676 contulite
391 2628 439 2675 sed
462 2642 514 2677 nec
538 2628 619 2676 istaut
642 2643 695 2675 nee
717 2626 794 2676 iiiam
816 2628 956 2691 ingressus
980 2632 1023 2674 est
1044 2628 1132 2676 uiam:
1169 2632 1295 2692 superest
1313 2626 1364 2690 igi-

222 2698 268 2743 tur
292 2700 324 2743 ut
352 2696 381 2743 in
399 2695 480 2744 istam
509 2710 539 2743 se
568 2701 675 2759 partem
703 2695 763 2743 sine
786 2694 960 2744 dubitatione
989 2694 1145 2743 contulerit.
1187 2694 1256 2758 quod
1278 2692 1364 2741 homi-

222 2776 271 2811 ues
294 2762 342 2810 uix
369 2762 477 2826 prolixa
505 2763 675 2826 compositae
702 2763 771 2812 artis
798 2762 979 2811 meditatione
1003 2766 1181 2826 eornponnnt,
1213 2761 1263 2809 hoc
1288 2762 1364 2809 cani·

222 2828 274 2878 bus
299 2845 332 2878 er
354 2835 455 2879 natura
478 2832 614 2893 suppetit,
647 2834 677 2878 nt
701 2835 765 2879 ante
790 2831 961 2879 mendacium
985 2829 1193 2893 deprehendant
1216 2834 1245 2877 et
1267 2835 1364 2893 postca

223 2896 351 2946 falsitate
373 2896 520 2963 repudiata
548 2897 694 2946 inueniant
721 2899 876 2946 acritatem.
918 2911 1007 2945 nonne
1039 2903 1111 2947 totos
1135 2898 1195 2946 dies
1219 2899 1366 2945 conterunt

222 2964 379 3029 philosophi
392 2965 595 3030 propositiones
607 2962 661 3014 sibi
679 2967 707 3013 in
725 2964 839 3029 puluere
858 2965 1024 3027 diuideutctt,
1044 2966 1090 3029 qui
1103 2966 1180 3014 radio
1194 2964 1248 3014 sibi
1262 2964 1364 3013 descri-

224 3032 292 3080 bunt
310 3032 435 3098 singulas
459 3038 486 3081 ct
512 3048 545 3081 cx
568 3032 657 3081 tribus
680 3048 740 3081 eum
764 3047 846 3081 unam
872 3047 965 3080 ramim
988 3048 1080 3081 rueram
1105 3048 1166 3082 esse
1186 3031 1363 3093 accessesit,

224 3099 293 3148 diras
311 3100 398 3165 primo
422 3100 592 3149 interficiunt
614 3104 755 3163 tamquam
778 3100 924 3149 mendacio
947 3106 1145 3165 congruentes,
1173 3107 1201 3147 et
1223 3101 1264 3147 sic
1284 3101 1312 3148 iu
1331 3114 1365 3147 ea

224 3182 295 3230 quae
313 3167 414 3217 relicta
433 3172 476 3215 cst
493 3170 548 3216 uim
566 3169 696 3216 ueritatis
715 3168 859 3217 inhaerere
878 3167 1029 3215 definiunt?
1057 3169 1117 3233 quis
1141 3174 1196 3216 tam
1215 3174 1300 3215 tettan
1317 3182 1363 3231 po-

223 3240 279 3284 test
297 3250 358 3284 esse
376 3234 507 3284 benetie-ii
527 3240 554 3282 et
572 3250 675 3283 memor
693 3237 820 3299 gratiae?
848 3234 1067 3298 qnandoquidem
1086 3250 1134 3299 pro
1153 3236 1262 3284 domino
1281 3236 1364 3282 etiam

223 3303 251 3349 in
270 3302 393 3351 latrones
411 3302 517 3351 insilire
536 3308 672 3351 nouerunt
691 3308 719 3351 ct
737 3309 927 3352 extraneorum
946 3316 1075 3352 accessus
1093 3303 1238 3369 prohibere
1257 3307 1364 3350 noctur-

223 3385 282 3432 nos,
303 3375 331 3419 et
349 3371 417 3418 mori
435 3386 483 3434 pro
502 3369 619 3418 dominis
638 3376 667 3418 et
684 3371 812 3419 commori
841 3385 900 3419 cum
924 3370 1042 3418 dominis
1065 3372 1121 3419 sint
1143 3370 1253 3435 parati?
1279 3384 1364 3434 saepe

224 3438 309 3486 etiam
327 3438 405 3487 necis
428 3437 525 3486 illatae
549 3438 691 3486 euidentia
716 3454 801 3488 canes
820 3439 855 3487 ad
878 3436 1083 3502 redarguendos
1101 3454 1162 3487 rens
1182 3437 1285 3487 indicia
1303 3453 1364 3500 pro·

223 3505 365 3554 diderunt:
389 3510 420 3554 ut
444 3509 518 3554 mrito
537 3520 629 3553 eorum
649 3506 807 3555 testimonio
830 3505 989 3570 plerumque
1008 3507 1045 3554 sit
1064 3507 1207 3555 creditum.
1242 3506 1364 3553 Antio·

224 3572 324 3622 chiac
344 3571 476 3621 ferunt’
497 3589 520 3620 c.
541 3589 566 3637 q.
587 3587 608 3621 s.
643 3573 767 3623 Basilius
785 3575 846 3622 hex.
872 3573 952 3622 VIIII
970 3574 986 3621 t
1006 3572 1017 3621 Ι
1036 3590 1061 3638 p.
1086 3573 1119 3621 st
1143 3591 1167 3622 c.
1192 3573 1216 3621 d.
1243 3590 1280 3622 e:
1310 3564 1363 3623 Λό-

222 3654 274 3705 χον
314 3633 345 3689 ἓν
367 3631 487 3714 ἄμοιρος
510 3630 525 3688 ὁ
547 3634 625 3689 κύων
648 3634 880 3707 ίσοδυναμούσαν
898 3634 930 3690 δὲ
950 3630 1024 3706 ὅμως
1042 3638 1080 3706 τῷ
1097 3634 1169 3707 λόγῳ
1186 3633 1240 3705 τὴν
1258 3636 1364 3707 αἴσθη-

223 3722 269 3757 σιν
291 3657 359 3773 ixa.
396 3698 416 3757 oi
439 3700 493 3773 γὰρ
517 3701 547 3756 οἷ
568 3700 641 3757 κατὰ
665 3702 773 3773 πολλὴν
791 3702 895 3787 σχολὴν
912 3706 963 3757 του
986 3707 1052 3774 βίου
1070 3701 1260 3773 καθεζόμενοι
1283 3703 1364 3773 μόλις

224 3767 341 3839 ἐξεῦρον
358 3769 389 3825 os
404 3775 456 3825 τοῦ
474 3768 582 3840 κόσμου
600 3774 696 3840 σοφοί,
715 3771 766 3835 τὰς
779 3792 835 3825 των
848 3775 1042 3841 συλλογισμῶν
1055 3772 1125 3840 λέγω
1137 3768 1254 3838 πλωτός,
1273 3774 1364 3825 ταῦτα

224 3841 371 3893 δείκνυται
390 3836 469 3907 παρὰ
488 3842 537 3908 τῆς
556 3835 668 3909 φύσεως
685 3836 701 3893 ὁ
719 3837 796 3894 κόων
813 3838 1051 3908 πεπαιδευμένος.
1082 3837 1113 3893 τό
1132 3836 1186 3908 γαρ
1211 3842 1290 3910 ἴχνος
1312 3843 1365 3894 τοῦ

223 3909 333 3974 θηρίου
352 3904 583 3977 διερευνώμενος,
603 3903 723 3961 ἐπειδὰν
741 3902 811 3978 εὕρῃ
829 3902 900 3962 orriri>
918 3905 1102 3975 πολυτρόπως
1120 3904 1294 3978 σχιζόμενον,
1313 3906 1364 3971 τός

224 3968 383 4056 ἕκασχαχοχῖ
410 3974 562 4057 φερούσαςτ
576 3971 716 4057 ἐκτροπὰς
740 3971 871 4058 ἐπελθών
892 3975 1047 4045 μονονουχὶ
1075 3973 1128 4057 τόν
1150 3975 1365 4059 surrupuisse,

223 4061 326 4125 φρτνην
348 4045 451 4164 aptum
476 4041 518 4097 δι’
540 4062 582 4096 ων
603 4059 772 4125 apusorum
795 4040 897 4125 χήνδε,
917 4046 1020 4125 φησίν,
1041 4039 1149 4126 ἐτραπη
1168 4042 1199 4127 τό
1218 4049 1327 4114 θηρίον
1345 4065 1362 4113 η

223 4102 350 4179 τηνδεῆ
380 4110 413 4164 ui
430 4107 496 4165 τόδε
514 4108 546 4164 τὸ
564 4109 658 4180 μέρος
677 4107 749 4164 sitta
767 4130 825 4180 μην
843 4130 909 4164 οοτε
926 4113 1023 4180 τηνδε,
1042 4115 1213 4181 λειπομενον
1226 4109 1282 4167 ἔστι
1295 4114 1364 4181 τῇδε

222 4173 376 4247 ὡρμῆσθαι
394 4173 472 4231 αότό.
508 4177 558 4232 καὶ
576 4175 664 4240 οὕτως
682 4180 718 4248 τῇ
734 4172 802 4231 οἷναι
823 4178 881 4232 έσει
898 4181 955 4232 τῶν
972 4180 1091 4245 ψευδῶν
1109 4177 1233 4247 εὑρίσκει
1251 4178 1282 4234 τό
1294 4175 1363 4248 α’λη-

223 4244 261 4299 δέ
280 4287 293 4325 ¹.
327 4248 358 4298 τί
378 4242 579 4327 περισσότερον
595 4249 729 4300 ποιοῦσιν
752 4243 782 4325 οξ
800 4198 847 4298 int
864 4248 920 4299 σοῖν
939 4244 1165 4316 διαγραμμάτων
1188 4251 1295 4327 σεμνῶς
1312 4266 1364 4301 κα-

223 4265 377 4381 θεζόμενοι
394 4314 443 4367 καὶ
462 4318 514 4384 τήν
532 4332 615 4367 κονιν
632 4332 705 4367 κατα
725 4330 897 4379 αρασσοντες
926 4334 940 4366 τ
960 4317 1012 4366 τῶν
1029 4312 1194 4382 προτάσεων
1208 4318 1363 4381 αναιρουν-

222 4398 269 4441 τες
286 4377 337 4459 τὰς
356 4376 409 4434 dria
424 4381 476 4461 uui
493 4376 524 4434 ἐν
541 4384 576 4450 τῇ
594 4386 693 4461 λειπομ
712 4398 747 4448 νῃ
764 4377 796 4432 τό
814 4354 911 4461 danai,
943 4334 1167 4448 igsvploaovram
1186 4379 1223 4460 ⁴rei
1242 4380 1274 4435 δὲ
1292 4402 1363 4452 μυη-

222 4466 344 4517 μονικον
366 4451 417 4517 τῆς
439 4468 554 4517 χαριτος
576 4452 628 4502 τοῦ
646 4453 718 4514 ζωου
734 4451 801 4502 τίνα
818 4450 875 4502 τῶν
892 4451 1054 4517 αχαρίστων
1071 4446 1143 4517 πρὸς
1161 4448 1311 4519 εοερχέτας
1328 4445 1364 4504 oti

1271 4670 1294 4699 ¹0
