3202 4998
253 384 314 442 tit
592 406 813 451 ovaus'rronus
835 406 1061 446 sverourssns

253 555 353 611 omnia
368 556 479 631 repetit
489 563 522 612 ut
538 554 686 633 adpareat
702 577 767 614 eum
778 566 829 615 aut
845 559 898 616 illa
910 558 1092 617 scholiorum
1108 562 1285 619 recensione
1301 584 1392 642 quam

252 656 362 713 Italam
377 678 468 734 supra
487 658 706 716 nominavimus
722 679 809 716 usum
827 681 911 731 csse,
936 669 988 718 aut
1005 661 1085 738 qood
1105 672 1138 719 ut
1153 663 1276 722 credam
1294 666 1393 741 magis

253 760 369 817 animus
385 758 524 829 inclinat,
542 761 703 838 epitomem
719 761 747 817 ei
759 761 853 817 fuisse
869 760 995 819 Stratoni
1011 772 1178 839 pratorum,
1196 786 1286 843 quam
1302 768 1394 824 etiam

252 860 305 918 ille
323 861 374 939 qui
390 860 507 917 scholia
523 861 698 920 (ierrnaniei
715 864 745 919 in
762 862 845 920 illam
861 862 986 921 formam
1001 864 1121 941 redegit
1135 867 1301 945 usurpavit.
1324 889 1393 926 nam

252 982 317 1020 nonv
329 960 525 1021 scholiastam
541 962 650 1020 Isidori
665 965 797 1039 origines
814 966 1012 1044 exscripsisse
1029 987 1064 1025 eo
1080 968 1160 1047 quod
1181 968 1268 1045 plura
1281 968 1394 1028 habeat

253 1064 435 1123 declaratur.
1013 1140 1016 1149 ‚
1341 1132 1350 1137 „

338 1169 413 1225 Post
438 1166 561 1244 longum
590 1166 812 1226 deverticulum
839 1167 878 1225 ail
900 1170 1073 1247 primarium
1097 1170 1211 1229 fontem
1233 1172 1393 1231 Suetonia·

252 1291 358 1329 narum
374 1270 412 1328 de
428 1270 543 1327 naturis
555 1288 654 1326 rerum
664 1269 859 1347 reliquiarum
876 1270 1062 1329 redeundum
1080 1282 1134 1330 est.
1155 1274 1290 1332 Isidorus
1301 1277 1394 1351 igitur

253 1372 376 1431 easdem
401 1372 466 1429 fere
487 1371 682 1448 quaestiones
703 1371 858 1429 naturales
879 1380 991 1430 tractat
1010 1393 1086 1451 qrtas
1112 1377 1240 1453 scriptor
1255 1375 1394 1437 Graecus

252 1494 341 1553 quem
357 1472 554 1533 Plutarchum
566 1492 634 1529 esse
649 1471 752 1530 dicunt
763 1476 794 1532 in
806 1473 929 1551 placitis
940 1474 1188 1551 philosophorum
1200 1477 1284 1536 libris
1296 1480 1393 1557 primo

254 1575 388 1645 secundo
411 1576 499 1633 tertio
524 1573 675 1651 proponit.
705 1574 759 1631 sed
782 1574 944 1632 intercedit
966 1576 1045 1633 inter
1063 1595 1114 1633 ecs
1129 1577 1207 1635 haec
1224 1578 1394 1639 differentia

254 1676 335 1754 quod
347 1677 398 1734 illc
411 1696 530 1755 semper
542 1687 680 1735 auctores
693 1676 910 1736 sententiarum
920 1677 1064 1748 nominat,
1077 1676 1212 1736 Isidorus
1224 1682 1393 1742 nominibus

255 1798 358 1836 eorum
370 1781 543 1856 suppressis
555 1779 741 1854 generaliter
754 1798 806 1837 eos
818 1775 939 1837 sic'fere
953 1780 1118 1854 signifieat:
1130 1786 1258 1854 gentiles,
1271 1793 1393 1855 ueteres,

253 1885 372 1954 antiqui,
384 1887 535 1954 sapientes,
545 1884 723 1955 philosophi,
735 1885 858 1955 physici,
872 1885 929 1949 alii,
941 1884 1066 1953 qrridom.
1085 1900 1145 1960 quo
1159 1882 1318 1942 breviandi
1331 1894 1394 1943 stu-

254 1984 303 2042 dio
315 1986 480 2063 praecipue
491 1984 675 2042 Graecomm
688 1983 938 2061 philosophorum
948 1983 1092 2040 memoria
1108 1983 1211 2043 deleta
1225 1994 1281 2045 est.
1304 1988 1393 2047 unius

252 2086 389 2145 Platonis
406 2107 514 2145 nomen
527 2086 634 2161 fragm.
653 2083 727 2147 127*
741 2106 771 2163 p.
787 2094 852 2153 203,
864 2094 882 2145 8
893 2084 1038 2141 intactum
1048 2084 1179 2164 reliquit.
1198 2086 1309 2146 deinde
1321 2090 1393 2147 stoi-

254 2209 355 2247 corum
373 2190 485 2248 mentio
503 2188 609 2264 fragm.
630 2185 704 2249 137*
723 2206 752 2263 p.
775 2194 839 2254 213,
856 2190 873 2245 7
892 2183 994 2242 odium
1012 2185 1076 2243 eius
1092 2196 1230 2246 veterum
1241 2190 1394 2249 nominum

253 2291 397 2367 subfugit.
419 2290 571 2349 interdum
583 2310 656 2348 vero
671 2288 757 2347 nobis
775 2287 922 2363 contingit
933 2295 966 2344 ut
977 2297 1099 2345 veteres
1112 2299 1251 2347 auctores
1267 2310 1394 2369 qnorum

252 2395 374 2451 nomina
395 2394 461 2451 sine
482 2391 572 2451 dubio
593 2390 756 2450 Suetonius
773 2388 959 2467 adposuerat
981 2407 1131 2451 eruamus.
1173 2391 1394 2452 Anaximandri

253 2495 332 2551 euim
354 2486 533 2552 sententiolis
555 2493 692 2551 Isidorus
714 2492 819 2567 fragm.
842 2488 916 2551 136*
937 2491 982 2548 sic
1004 2493 1133 2569 profert:
1169 2497 1221 2551 ulii
1239 2504 1333 2552 aretem
1352 2500 1393 2553 di-

251 2603 320 2653 cunt
333 2597 476 2668 desectum
492 2600 559 2653 rotis
572 2600 640 2669 fieri
652 2599 679 2652 si
693 2597 829 2667 foramen
844 2597 922 2649 aeris
940 2613 996 2666 quo
1011 2598 1054 2651 sol
1071 2599 1170 2653 radios
1181 2596 1279 2667 frendit
1299 2601 1394 2670 aliquo

251 2700 356 2769 spiritu
370 2700 562 2755 contrairetur
577 2702 637 2755 siue
653 2701 816 2755 obturetarr
850 2697 923 2751 baec
938 2698 1056 2769 physici
1076 2705 1104 2753 et
1124 2703 1269 2770 rapientes
1286 2702 1393 2757 dicuat.

186 2779 192 2790 ⁸
253 2798 292 2855 cf.
309 2797 492 2856 Plutarchus
511 2797 830 2878 plac.philos.1124:
864 2783 1109 2872 Ἀναξίμανδρος,
1130 2797 1183 2855 rori
1204 2797 1325 2875 στομίου
1341 2800 1394 2874 τῆς

252 2898 305 2956 τοῦ
319 2887 414 2973 πυρὸς
431 2897 590 2975 διεκπνοῆς
604 2887 845 2973 ἀποκλειομένου.
878 2898 996 2957 Latinis
1012 2900 1182 2959 nominibus
1195 2900 1316 2959 videtur
1331 2923 1393 2960 ma·

252 3002 299 3077 gis
323 3001 514 3079 pepercisse:
546 3003 590 3060 sic
611 3001 757 3061 Varronis
779 3019 887 3059 versus
908 3020 925 3057 e
948 2988 1080 3059 carmine
1102 3001 1140 3060 de
1162 3012 1272 3060 natura
1294 3024 1395 3063 rerum

252 3124 330 3181 quae
350 3099 474 3182 quidem
499 3114 546 3163 est
569 3124 637 3163 mea
652 3102 804 3162 sententia
822 3102 929 3179 fragm.
954 3101 1027 3163 125*
1049 3124 1080 3182 p.
1104 3112 1154 3166 197
1175 3105 1292 3182 profert
1316 3106 1395 3163 eius·

253 3205 383 3285 demque
409 3207 582 3264 testimonia
610 3205 649 3264 de
677 3206 845 3283 praesagiis
873 3204 946 3262 solis
971 3214 1001 3262 et.
1030 3205 1121 3264 lunae
1147 3225 1227 3286 quae
1252 3208 1284 3265 in
1309 3207 1394 3266 libris

251 3310 413 3369 navalibus
430 3317 575 3388 posuerat
589 3326 727 3387 premere
743 3306 849 3365 noluit.
886 3306 998 3364 ibidem
1020 3305 1124 3382 Nigidi
1146 3328 1268 3388 qnoque
1290 3318 1398 3391 aucto-A

251 3413 371 3470 ritatem
388 3416 525 3489 usurpat.
547 3418 608 3468 tum
628 3408 784 3468 Ciceronis
806 3410 1008 3467 testimonium
1026 3407 1064 3467 de
1086 3408 1158 3487 polo
1180 3412 1263 3472 notio
1287 3412 1393 3488 fragm.

167 3508 170 3517 “
253 3516 327 3576 127*
359 3535 389 3593 p.
422 3523 473 3577 205
500 3513 646 3571 servavit.
682 3511 797 3570 multus
830 3532 903 3570 vero
936 3520 982 3570 est
1009 3512 1039 3569 in
1073 3521 1231 3590 poetarum
1255 3512 1395 3573 versibus

252 3617 457 3695 adponendis,
486 3635 609 3695 quorum
631 3614 764 3674 Ennium
791 3613 964 3672 Lucretium
985 3613 1152 3689 Vergilium
1174 3613 1319 3672 Suetonio
1342 3614 1394 3673 de·

251 3718 325 3777 bero
344 3718 481 3793 videtur,
501 3717 559 3777 nisi
582 3716 665 3797 quod
679 3736 739 3773 nno
756 3716 823 3773 loco
849 3715 957 3791 fragm.
983 3709 1056 3777 124*
1072 3737 1102 3794 p.
1122 3724 1186 3788 194,
1211 3724 1302 3794 ssqq.
1318 3716 1395 3776 Ver·

251 3822 305 3897 gili
320 3838 426 3881 versus
443 3820 481 3879 de
497 3840 550 3879 suo
566 3817 722 3877 addidisse
739 3817 991 3896 deprehenditur,
1011 3818 1154 3896 quoniam
1174 3818 1278 3898 inepte
1296 3838 1348 3878 eos
1363 3820 1394 3876 in

252 3923 361 4001 quibus
375 3922 412 3981 de
425 3923 508 3980 zonis
520 3941 617 3979 sermo
636 3929 682 3979 est
692 3919 732 3978 nd
750 3920 893 3995 regiones
904 3919 1007 3978 mundi
1021 3918 1229 3978 inlustrandae
1247 3919 1394 3978 adhibuit.

251 4024 333 4083 idem
344 4023 475 4082 studium
487 4031 645 4101 poetarum
660 4020 913 4081 movitIsidorum
925 4031 957 4079 at
969 4022 1085 4080 Lucani
1095 4041 1202 4080 versus
1215 4041 1306 4100 quem
1318 4022 1394 4082 Sue-

251 4125 352 4183 tonius
366 4132 449 4181 certe
460 4144 521 4181 non
539 4121 721 4183 laudaverat
737 4123 776 4182 ad
792 4123 1010 4184 Suetonianam
1025 4123 1258 4202 disputationem
1274 4124 1395 4183 firman-

253 4225 321 4283 dam
336 4226 494 4283 insereret.
519 4245 578 4284 uno
591 4246 664 4285 vero
676 4227 742 4284 loco
755 4234 866 4305 poetae
881 4226 997 4305 antiqui
1014 4227 1099 4284 cuius
1110 4245 1220 4284 nomen
1231 4225 1395 4285 Suetonius

254 4327 374 4386 dixerat
387 4326 518 4386 fortasse
529 4329 674 4387 Varronis
687 4328 726 4386 de
741 4335 850 4385 natura
870 4347 969 4385 rerum
986 4328 1106 4387 nonnisi
1125 4326 1306 4386 senteutiam
1325 4346 1395 4404 pro-

252 4427 312 4487 fert
323 4431 520 4487 cumnomine
537 4430 629 4488 etiam
646 4430 803 4487 metricam
814 4428 940 4486 formam
957 4427 1152 4507 abstergens:
1168 4434 1197 4487 in
1216 4432 1396 4487 mor-emeri—
1440 4481 1442 4485 .
