3200 4992
612 408 654 450 nn
677 409 765 451 vrsrs
787 408 1002 451 innueramus
1101 352 1142 433 0
1317 391 1376 454 139

322 574 349 629 >34
370 555 562 619 asteriscum
582 555 820 643 Aristophanes
850 555 1037 642 apponebat
1058 555 1124 620 illis
1152 555 1233 621 locis
1258 555 1376 642 quihus

238 678 355 721 sensus
368 655 506 738 deesset,
519 655 728 721 Aristarchus
742 667 851 721 autem
864 656 906 721 ad
920 678 974 721 eos
988 658 1144 742 (uersus),
1157 658 1213 742 qui
1225 657 1286 722 hoc
1298 666 1378 743 puta

239 758 310 823 loeo
332 758 450 843 (recte)
470 757 568 844 positi
585 767 693 839 erant,
713 780 786 824 cum
808 758 881 822 aliis
894 757 1020 823 scilieet
1034 780 1099 823 non
1121 766 1376 845 rectepeneren-

238 868 300 924 tur.
329 861 407 924 item
427 860 556 924 Probus
579 871 611 924 et
633 859 760 946 antiqui
780 861 894 924 nostri.

218 981 230 1020 s
322 974 392 1029 ·>'.<·-
414 962 590 1025 asteriscus
618 978 690 1023 cum
719 959 813 1025 obelo
843 960 975 1046 propria
1001 968 1078 1024 nota
1106 970 1156 1024 est
1179 959 1376 1023 Aristarchi.

237 1061 390 1127 utebatur
415 1070 524 1126 autern
554 1083 593 1125 ea
620 1061 655 1125 in
677 1062 728 1126 his
751 1061 919 1139 uersibus,
946 1060 1003 1147 qui
1025 1082 1091 1125 non
1110 1083 1168 1126 suo
1185 1061 1257 1127 loco
1279 1062 1378 1148 positi

239 1171 342 1227 erant.
386 1165 464 1227 item
479 1152 613 1249 ¹{antiqui
635 1164 739 1227 aestu
760 1151 800 1228 et
811 1163 949 1228 Probus.

327 1276 361 1329 >
387 1263 525 1350 simplex
547 1264 664 1328 ductus
690 1264 776 1328 inter
805 1285 920 1329 uersus
944 1262 1127 1349 ponebatur
1156 1264 1198 1328 sd
1226 1287 1377 1351 saparan-

162 1414 171 1425 .
240 1363 298 1428 das
320 1385 372 1428 res
392 1384 413 1428 a
433 1364 532 1430 rebus
544 1387 629 1451 quse
650 1366 826 1437 inconexa
847 1373 1086 1448 concurrerent,
1106 1366 1379 1452 quemadmodum

205 1488 230 1527 ro
241 1464 303 1550 (in)
328 1466 491 1551 catalogo,
520 1488 593 1533 eum
616 1465 690 1530 loca
708 1488 729 1529 a
748 1466 828 1531 loeis
853 1474 911 1529 aut
932 1467 1097 1551 (regiones
1119 1467 1153 1552 a)
1177 1468 1377 1552 regionibus,

241 1573 273 1628 et
295 1566 330 1629 in
350 1587 464 1651 ugone,
486 1568 591 1649 (cum)
614 1568 759 1652 praemia
780 1588 801 1629 a
821 1568 992 1653 praemiis,
1020 1568 1199 1657 certamipa
1224 1590 1245 1631 a
1271 1562 1380 1633 diuerss

221 1668 286 1754 ¹sis
307 1667 538 1731 certaminibus
560 1674 762 1753 separantur.

327 1796 362 1860 >
388 1782 499 1869 diplen
520 1784 728 1871 speristicton
752 1785 874 1870 primus
897 1784 1064 1871 Leegeras
1082 1784 1309 1873 Syracusanus
1324 1810 1379 1874 ap·

240 1886 349 1971 posuit
370 1885 553 1951 Homericis
574 1884 726 1949 uersibus
746 1886 788 1950 ad
811 1886 1048 1972 separationem
1072 1887 1205 1974 Olympi
1233 1910 1253 1952 a
1278 1888 1379 1972 caelo,
1402 1873 1405 1878 ¹

206 2003 231 2043 ¹⁵
239 1986 370 2072 proprie
391 1981 568 2073 Olympum
597 1986 639 2051 ab
668 2008 706 2051 eo
728 2009 787 2074 pro
809 1995 918 2051 monte
938 1989 1080 2073 positum
1102 1988 1260 2053 adnotans
1267 2039 1276 2072 ,
1305 2010 1379 2052 nus-

240 2108 337 2173 quam
358 2107 417 2172 pro
435 2088 534 2166 eaelo,
555 2087 643 2174 quod
666 2110 763 2174 saepe
787 2080 936 2171 οὐρανὸν
957 2079 1060 2169 εὐρὺν
1088 2089 1176 2153 dicat
1198 2099 1231 2153 et
1248 2081 1381 2172 μακρὸν

229 2179 415 2270 Ὄλυμπον,
437 2210 543 2274 neque
564 2210 581 2252 e
603 2192 766 2254 contrario
788 2189 931 2275 epitheta
953 2198 1125 2275 permutet.
1162 2191 1304 2277 ponebat
1325 2212 1380 2253 au-

137 2364 141 2371 ,
240 2291 309 2351 tem‘
325 2296 392 2353 tam
411 2287 453 2352 ad
475 2290 595 2354 montis
619 2290 876 2374 significationes
903 2311 1000 2375 quam
1022 2290 1065 2354 ad
1086 2289 1185 2355 caeli:
1216 2292 1380 2376 utrimque

147 2470 159 2485 l
240 2389 468 2454 manifestatur
483 2391 635 2456 uoluntas
652 2392 732 2455 eius.
771 2412 849 2454 usus
865 2400 915 2478 est
930 2412 968 2454 ea
985 2392 1019 2453 in
1036 2390 1147 2454 multis
1160 2389 1381 2471 Aristarchus,

206 2508 327 2585 renunc
348 2511 388 2554 ea
402 2512 485 2578 quae
503 2501 633 2578 praeter
646 2492 916 2557 consuetudinem
936 2500 1002 2556 tam
1025 2493 1114 2563 uitse
1135 2500 1266 2557 nostrae
1283 2513 1381 2579 quarn

242 2751 362 2808 currunt,
382 2746 607 2811 quemadmodum
624 2750 654 2799 in
673 2748 802 2813 catalogo
820 2749 884 2799 loca
908 2766 925 2800 s
941 2748 1013 2800 locis
1032 2754 1060 2800 et
1078 2751 1207 2815 regiones
1226 2765 1243 2798 a
1261 2750 1380 2815 regioni-

241 2812 300 2874 bus,
321 2814 348 2863 in
368 2817 600 2932 agone-,praemia
619 2832 636 2865 a
653 2818 799 2880 praemiis,
825 2818 979 2867 certamina
1003 2833 1019 2866 s
1042 2817 1160 2867 diuersis
1184 2818 1381 2867 certaminibus

242 2886 414 2945 separantur.
494 2884 640 2935 Positurae
659 2884 747 2947 figura
767 2885 942 2949 paragrapho
960 2885 1102 2935 contraria
1125 2890 1153 2934 et
1176 2885 1238 2935 ideo
1261 2885 1303 2934 sic
1328 2886 1381 2934 for-

242 2953 317 2997 mata
335 2950 400 3012 quis
418 2952 491 3000 sicut
509 2949 557 2999 ille
575 2952 714 3016 principia
732 2957 825 3014 notat,
844 2952 885 3000 its
903 2953 957 3002 ists
975 2952 1043 3019 fines
1062 2968 1078 3001 a
1096 2953 1241 3018 principiis
1259 2958 1381 3017 separat.

243 3034 266 3069 m
285 3015 406 3081 Gryphia
429 3017 528 3068 circuli
551 3033 615 3082 pars
639 3020 755 3068 inferior
778 3024 964 3083 cumpuncta
990 3021 1101 3084 ponitur
1124 3020 1152 3069 iu
1174 3020 1218 3068 his
1241 3018 1311 3069 locis
1334 3018 1382 3069 ubi

242 3085 367 3147 quaestio
385 3084 453 3134 dur's
473 3089 501 3135 et
519 3085 636 3135 obscura
655 3087 758 3151 aperiri
776 3086 821 3136 uel
840 3086 910 3135 solui
928 3102 984 3137 non
1001 3088 1099 3152 potuit.
1134 3084 1291 3151 Antisigrns
1303 3087 1380 3151 poui-

241 3156 285 3201 tur
309 3150 343 3200 sd
368 3168 415 3200 cos
433 3167 543 3214 uersus,
568 3169 680 3217 quorum
703 3154 768 3204 ordo
790 3154 985 3219 permutandus
1010 3160 1061 3207 est.
1101 3157 1142 3203 sie
1164 3161 1194 3203 'et
1213 3156 1241 3203 in
1260 3155 1381 3218 antiquis

242 3218 401 3268 auctoribus
425 3220 543 3285 positum
567 3221 731 3270 iuueninrus.
772 3221 928 3285 Antisigma
952 3237 1013 3270 cnm
1037 3228 1139 3287 puncto
1163 3222 1275 3285 ponitur
1291 3221 1319 3269 in
1339 3221 1382 3269 his

242 3285 311 3335 loeis
329 3285 376 3334 ubi
395 3287 423 3335 in
443 3288 537 3337 eodem
556 3303 639 3338 sensu
657 3289 782 3354 duplices
800 3303 896 3337 uersus
914 3294 991 3351 sunt,
1017 3295 1045 3339 et
1068 3289 1210 3338 dubitatur
1227 3290 1273 3353 qui
1291 3289 1382 3353 potius

243 3352 386 3417 eligendus
404 3355 451 3404 sit.
486 3354 578 3420 Diple.
606 3356 677 3405 hanc
701 3358 848 3421 scriptores
872 3357 959 3405 nostri
983 3355 1123 3421 adponant
1146 3355 1272 3405 inlibris
1292 3354 1381 3405 eccle—

242 3421 417 3470 siasticdrum
436 3424 555 3472 uirorum
574 3424 608 3472 sd
627 3424 782 3488 separanda
794 3423 886 3473 uelud
900 3423 1113 3473 demonstranda
1125 3423 1285 3473 testimonis
1295 3422 1382 3487 scrip-

242 3492 364 3537 turarum
390 3505 541 3539 sacrarum.
585 3501 603 3547 p
635 3492 718 3555 Diplc
745 3493 805 3556 peri
833 3492 961 3555 stigmam
1005 3491 1078 3540 harre
1106 3491 1208 3556 primus
1239 3491 1382 3554 Leogoras

243 3554 433 3618 Syracusanus
452 3559 544 3622 posuit
561 3559 717 3608 Homericis
735 3558 861 3608 uersibus
875 3558 910 3607 ad
922 3560 1126 3623 separationem
1139 3557 1249 3621 Olympi
1262 3572 1279 3606 a
1293 3556 1382 3606 caelo.
1444 3550 1453 3569 ⁸

243 3622 325 3687 Diple
343 3624 559 3689 periestigmene
578 3625 606 3674 id
625 3630 667 3675 est
686 3640 747 3675 cum
765 3626 883 3689 geminis
900 3627 1020 3691 punctis.
1061 3626 1134 3675 hsn'c
1158 3624 1265 3689 antiqui
1289 3626 1317 3673 in
1338 3623 1382 3673 his

243 3690 427 3754 adpeucbant,
446 3707 516 3756 quac
529 3693 685 3742 chcdstus
697 3688 835 3758 Ephesius
848 3709 901 3742 uon
980 3710 995 3742 e
1009 3692 1152 3743 adiecerat
1164 3697 1212 3741 aut
1224 3692 1384 3741 detraxerat

244 3762 292 3807 aut
309 3764 527 3823 permutauerat.
562 3761 591 3809 iu
608 3761 653 3810 his
673 3766 701 3811 et
718 3762 805 3811 nostri
829 3777 863 3811 ea
996 3766 1015 3809 t.
1051 3760 1135 3826 Diplc
1153 3759 1323 3810 obelismcne
1342 3759 1382 3808 iu·

329 3988 341 4040 l
363 3979 545 4039 aristufaues
561 3984 588 4038 P
601 3975 614 4062 ΙΙ
629 3990 645 4040 2
660 3981 691 4040 in
702 3980 760 4038 hoc
775 3984 802 4039 P
819 3972 834 4060 ss
855 3999 962 4040 uersus
974 3983 1073 4039 addidi
1087 3975 1099 4063 ΙΙ
1114 3988 1131 4043 A
1146 3990 1229 4039 recte
1245 3984 1343 4040 addidi
1355 3975 1369 4061 Η

243 4062 438 4126 §utebantur
458 4068 485 4123 P
504 4059 517 4146 ΙΙ
539 4075 556 4129 9
582 4054 797 4125 concurrerent
819 4070 941 4139 scripsi:
971 4059 1126 4124 currerent
1146 4068 1174 4123 P
1193 4059 1207 4147 ΙΙ
1227 4085 1383 4145 quemam-

242 4147 363 4206 modum
383 4145 437 4226 ΡΗ
454 4161 486 4212 10
514 4151 546 4208 in
568 4152 668 4208 addidi
680 4145 694 4231 ΙΙ
708 4150 849 4225 regiones
874 4171 893 4207 a
918 4150 1017 4208 addidi
1044 4144 1049 4229 Ι
1071 4160 1102 4211 11
1128 4169 1195 4208 cum
1217 4152 1317 4207 addidi
1335 4145 1349 4227 Η
1366 4170 1385 4207 a

244 4230 372 4290 diuersis
394 4238 514 4306 scripsi:
537 4234 676 4293 aduersis
696 4229 749 4314 ΡΙΙ
766 4240 798 4294 12
819 4251 851 4289 se
875 4242 963 4291 arant
984 4236 1011 4290 P
1029 4229 1034 4313 Ι
1060 4243 1092 4295 13
1113 4234 1268 4310 Lesgorus
1283 4226 1336 4312 PH
1353 4241 1385 4295 14

243 4317 329 4374 coelo
346 4320 375 4374 P
391 4311 404 4397 ΙΙ
422 4327 454 4379 16
469 4338 543 4397 prae
566 4317 631 4376 celo
650 4321 676 4375 P
687 4313 701 4398 ΙΙ
717 4336 800 4391 supro
816 4253 873 4395 Pll
887 4324 917 4380 17
933 4326 1084 4395 permutet
1096 4322 1204 4390 scripsi
1210 4342 1218 4374 :
1235 4318 1385 4394 permutat

243 4403 271 4458 P
282 4394 297 4481 ΙΙ
314 4409 346 4464 18
356 4402 507 4482 utrimque
529 4407 649 4476 scripsi.-
671 4403 874 4479 utrumqueP
887 4396 901 4482 ΙΙ
916 4409 949 4464 19
965 4409 1012 4459 est
1026 4421 1064 4460 ea
1078 4406 1185 4475 scripsi
1189 4423 1198 4458 .-
1211 4408 1243 4459 et
1255 4403 1283 4457 P
