3218 5000
620 446 663 487 nu
685 444 824 489 sarvam
848 446 956 488 aarum
1291 431 1353 493 207

302 591 409 658 Solem
431 592 621 680 ampliorem
644 593 776 680 aliquod
797 594 945 681 partibus
969 615 1067 680 quam
1087 602 1206 658 terram
1230 578 1465 681 sapien-129*

217 702 266 757 tes
289 694 489 761 describunt

302 845 408 911 Solem
444 870 503 933 per
531 870 567 911 se
600 849 705 935 ipsum
734 856 862 912 constat
891 849 1015 912 moueri
1044 869 1108 911 non
1137 869 1210 910 eum
1235 839 1466 915 mund0130*

217 949 300 1011 uerti
330 949 426 1012 sed
417 973 452 1013 m
479 950 605 1015 zodiaci
638 948 751 1013 eireuli
788 948 978 1065 obliquitate
1012 970 1138 1012 eursum
1171 969 1356 1035 peragrare

191 1050 273 1137 aqui
295 1073 368 1114 eum
386 1073 444 1138 per
466 1060 628 1116 trecentos
645 1050 819 1135 sexaginta
836 1051 978 1138 quinque
999 1049 1069 1114 dies
1090 1060 1121 1114 et
1143 1050 1355 1137 quadrantem

216 1218 325 1304 περὶ
295 1236 347 1286 την
359 1221 416 1302 γῆν
427 1216 528 1302 παρος
528 1215 578 1272 τὸν
589 1212 680 1288 ἥλιον.
710 1220 882 1303 Eulaeusque,
900 1216 1002 1287 γήινον
1014 1214 1151 1288 πύκνωμα
1164 1215 1357 1288 ιιισσηροειιλὲι

217 1293 281 1348 ταῖς
292 1284 496 1357 κατατρήσεσιν
512 1282 569 1341 ὑπὸ
581 1290 632 1341 τοῦ
650 1284 740 1354 πυρὸς
757 1280 931 1356 ἐνημμένον.

305 1356 353 1411 tta
365 1357 380 1389 '¹‘
390 1360 511 1409 Isidorus
529 1360 563 1408 ‹le
580 1366 680 1408 natura
697 1375 786 1408 rerum
799 1360 875 1408 xvi·
900 1359 950 1407 ‘De
964 1361 1119 1424 quantitate
1138 1358 1205 1410 solis
1218 1363 1246 1408 et
1263 1358 1356 1408 lunae.

218 1426 341 1477 Rursus'
335 1442 363 1475 ru
377 1428 473 1476 eodem
485 1443 567 1493 opere
581 1428 675 1477 doctor
689 1427 759 1476 idem
772 1429 813 1476 ita
826 1432 956 1476 testatur·
977 1427 1048 1477 Solis
1060 1428 1153 1478 radius
1166 1427 1234 1477 nulli
1247 1428 1358 1507 propior

218 1494 286 1543 nulli
298 1496 473 1560 longinquior
486 1502 535 1545 est
553 1495 680 1545 similiter
693 1500 720 1545 ot
733 1495 814 1544 lunae
827 1494 924 1559 globus
937 1495 1063 1559 aequalis
1076 1501 1118 1546 est
1130 1496 1263 1548 omnibus.
1282 1497 1356 1544 simi·

219 1561 254 1611 lis
264 1563 305 1612 sel
319 1568 346 1612 et
358 1563 433 1613 ludis
447 1570 475 1612 et
486 1564 621 1612 Brittanis
634 1564 728 1612 eedem
742 1568 860 1614 moment
861 1581 876 1614 ο
850 1563 996 1612 tuidetur
1006 1579 1066 1612 eum
1079 1565 1165 1613 oritur
1176 1580 1227 1612 nee
1239 1578 1357 1626 uergens

219 1630 247 1678 iu
259 1646 388 1681 oceasum
398 1632 487 1680 minor
497 1639 613 1697 apparet
626 1630 806 1681 orientalibus
821 1646 873 1680 nee
884 1631 1103 1700 occidentalibus
1115 1647 1176 1681 eum
1188 1632 1272 1681 oritur
1287 1632 1343 1679 inte
1329 1649 1356 1679 e·

219 1699 276 1747 rior
288 1715 368 1785 quam
381 1699 564 1748 orientalibus
578 1700 759 1749 existimatur.
784 1699 922 1760 Quarttum
935 1688 1029 1759 distat,
1043 1699 1139 1763 inquit,
1159 1700 1250 1749 oriens
1264 1699 1298 1748 ab
1312 1716 1357 1748 oe-

219 1774 303 1815 casu?
294 1771 419 1817 itautum
429 1766 499 1816 haee
509 1768 579 1817 sibi'
572 1769 690 1817 muioem
700 1767 813 1827 distant,
823 1767 871 1815 sed
881 1766 922 1816 sel
933 1783 950 1817 a
959 1737 1035 1816 nulli)
1045 1767 1138 1829 distat,
1148 1768 1218 1816 nulli
1226 1783 1356 1832 praesen·

219 1835 273 1883 tior
285 1834 407 1899 nullique
421 1837 551 1885 remotior
563 1840 612 1885 est.
638 1849 726 1899 neque
740 1840 848 1884 moereat
862 1850 1031 1899 quemquam,
1046 1836 1116 1899 quod
1129 1805 1266 1900 iamquanr
1281 1835 1357 1883 eubi-

218 1901 283 1951 talis
293 1903 322 1951 in
331 1904 396 1952 erbe
407 1918 457 1953 suo
467 1903 595 1953 uideatur
606 1919 666 1952 eum
677 1904 769 1965 oritur,
779 1902 828 1951 sed
839 1902 1007 1952 considerari
1017 1908 1123 1967 oportet
1133 1912 1262 1967 quantum
1272 1903 1356 1951 iuter-

219 1970 254 2018 sit
263 1971 349 2035 spatii
358 1972 430 2020 inter
439 1970 524 2021 selem
535 1975 563 2021 et
573 1976 682 2032 terram,
694 1972 765 2034 quod
775 1970 920 2034 adspectus
932 1971 1018 2020 nostri
1031 1972 1174 2020 infirmitas
1185 1977 1213 2020 et
1223 1970 1357 2035 quaedam

219 2038 363 2103 aegritudo
376 2040 423 2088 uix
435 2040 511 2089 ualet
521 2039 672 2089 intendere.
685 2039 766 2088 Hune
777 2044 867 2087 autom
881 2038 1081 2103 ampliorem
1143 2039 1356 2089 describunt.

220 2107 328 2155 Lunam
347 2114 438 2157 autem
457 2108 590 2156 minorem
613 2122 675 2157 esse
694 2106 790 2155 dieunt
812 2107 919 2170 antiqui
943 2122 1024 2170 quam
1046 2107 1144 2168 solem3
1169 2108 1261 2155 emnia
1284 2106 1356 2155 enim

221 2190 292 2239 quae
311 2176 433 2240 proxima
451 2182 515 2225 sunt
533 2176 612 2225 nobis
631 2175 735 2224 maiora
753 2173 890 2235 uidentur,
911 2173 1112 2239 longinquitate
1132 2180 1224 2224 autem
1237 2174 1356 2224 locorum

218 2243 294 2291 uisus
313 2243 476 2309 languescit.
508 2244 599 2293 lunam
619 2247 711 2293 auteur
729 2242 852 2291 uidemus
870 2257 954 2306 prope
974 2258 1023 2292 nos
1042 2258 1102 2291 esse
1121 2258 1173 2291 nee
1192 2257 1252 2291 earn
1270 2243 1356 2291 maio-

218 2327 275 2359 rem
288 2312 414 2376 aspeetui
433 2318 526 2361 nostro
546 2327 627 2375 quarn
644 2310 743 2371 solem3
768 2310 884 2374 ideoque
904 2325 965 2359 eum
982 2310 1023 2359 sel
1042 2310 1123 2374 louge
1142 2312 1267 2374 superior
1284 2312 1322 2359 sit
1340 2326 1357 2358 a

219 2377 284 2428 luna
308 2387 336 2429 et
358 2385 451 2429 tamen
475 2396 492 2429 a
516 2378 595 2430 nobis
619 2379 704 2427 maior
726 2378 850 2441 uidetur,
879 2378 934 2426 iarn
963 2379 987 2427 si
1010 2394 1094 2443 prope
1121 2394 1170 2427 ιιοιι
1194 2378 1355 2441 accesserit,

220 2445 304 2496 multo
317 2448 448 2496 maiorem
461 2444 600 2497 futurum)
614 2446 736 2495 Isidorus
749 2447 836 2510 origg.
851 2446 893 2494 llI
903 2446 983 2510 llisq.
996 2447 1154 2495 Ambrosius
1164 2446 1199 2495 H.
1213 2446 1271 2495 Illl
1282 2445 1299 2494 b
1311 2445 1356 2495 ’λῦε

222 2513 302 2563 ‘Solis
315 2515 407 2564 radius
421 2515 490 2564 nulli
502 2515 612 2580 propior
624 2514 692 2563 nulli
707 2513 881 2577 longinquior
894 2518 949 2575 est,
968 2514 1096 2562 similiter
1115 2521 1143 2563 et
1159 2514 1242 2564 lunae
1259 2513 1357 2579 globus

220 2582 345 2646 aequalis
359 2589 402 2632 est
413 2583 546 2634 omuibus.
566 2582 663 2632 similis
675 2581 715 2631 sel
729 2587 757 2630 et
770 2582 845 2630 ludis
859 2592 883 2630 et
897 2582 1037 2631 Britannis
1056 2582 1150 2631 eedem
1164 2590 1299 2631 momento
1317 2583 1356 2631 ui-

219 2649 299 2699 detur
311 2665 371 2700 cunr
385 2651 484 2712 oritur,
503 2667 555 2701 nee
574 2666 633 2700 eunr
650 2649 740 2713 uergit
752 2651 781 2698 in
794 2664 921 2699 oceasum
939 2650 1026 2700 minor
1043 2659 1159 2715 apparet
1176 2648 1357 2700 orientalibus

221 2734 301 2781 quam
314 2719 535 2769 occidentalibus
548 2735 599 2767 nee
612 2717 832 2768 occidentalibus
846 2734 906 2766 eum
919 2718 1006 2767 oritur
1018 2719 1131 2768 inferior
1143 2734 1223 2783 quarn
1236 2719 1357 2768 orienta-

219 2784 293 2834 libus
306 2787 476 2836 aestimatur.
495 2785 741 2849 Quautumdistat,
755 2785 857 2849 inquit,
871 2786 962 2835 oriens
976 2786 1010 2835 ab
1024 2786 1190 2836 occidente?
1203 2787 1273 2836 haee
1287 2787 1356 2836 inui-

222 2868 281 2901 eenr
304 2853 357 2902 sibi
380 2854 485 2905 distant
507 2855 555 2904 sed
578 2854 619 2903 sel
643 2870 659 2902 a
677 2853 752 2903 nullo
776 2854 863 2902 distat
885 2853 953 2902 nulli
977 2855 1106 2903 remotior
1128 2861 1179 2905 est.
1215 2870 1304 2919 neque
1329 2860 1355 2904 te

221 2926 331 2970 moueat
353 2923 423 2986 quod
446 2928 584 2988 tamquam
610 2921 740 2971 cubitalis
764 2922 815 2971 tibi
840 2921 913 2971 orbis
937 2923 1064 2972 uideatur
1087 2922 1153 2973 solis
1176 2940 1236 2973 eum
1260 2924 1356 2984 oritur,

220 2989 269 3038 sed
282 2990 426 3040 considera
438 2997 570 3054 quantum
587 2991 697 3039 intorsit
715 2990 801 3054 spatii
820 2991 892 3038 inter
910 2990 994 3039 solem
1015 2998 1043 3039 et
1061 2997 1157 3051 terrae,
1177 2991 1247 3056 qued
1261 3006 1356 3056 aspec-

220 3062 264 3107 tus
287 3059 374 3109 nostri
398 3058 542 3109 infirmitas
572 3060 631 3108 eine
660 3074 759 3120 niagno
788 3058 831 3107 sui
853 3073 907 3106 nou
929 3063 1021 3123 potest
1050 3061 1168 3109 transire
1192 3057 1356 3125 dispendio.'

220 3142 254 3175 en
276 3126 364 3175 Basili
390 3126 514 3176 hexaem.
540 3144 566 3192 p.
591 3126 624 3175 ou
648 3141 687 3191 sq.
712 3142 738 3191 p.
762 3124 794 3173 ol
820 3142 878 3190 ep.
903 3126 944 3174 or.
969 3127 1149 3191 Ilyginusl’.
1173 3129 1205 3177 A.
1230 3127 1288 3177 llll
1313 3126 1356 3175 ll:

221 3193 308 3243 ‘lline
332 3194 417 3243 etiarn
441 3210 582 3260 possumus
607 3194 770 3259 intellegere
801 3193 892 3242 lunam
916 3196 1045 3243 minorem
1070 3210 1130 3244 esse
1154 3211 1235 3259 quarn
1257 3194 1356 3255 soleur;

176 3306 179 3323 ,
220 3262 313 3311 omnia
331 3276 402 3327 quae
421 3263 544 3327 proxima
557 3268 620 3312 sunt
632 3261 710 3311 nobis
723 3263 828 3311 maiora
840 3277 954 3311 neeesse
969 3269 1084 3312 estesse
1098 3278 1178 3328 qutun
1192 3279 1262 3328 quae
1276 3263 1357 3327 longo

220 3328 381 3379 discedente
400 3331 546 3380 interuallo
565 3332 696 3379 uidemus.
732 3331 817 3395 igitur
835 3329 926 3378 lunam
945 3330 1068 3379 uidemus
1087 3331 1207 3395 proxime
1230 3346 1357 3380 neeesse

220 3413 308 3462 neque
338 3414 399 3446 οιιιιι
426 3400 556 3447 maiorem
586 3399 710 3463 aspectui
734 3402 826 3447 nostre
850 3412 930 3462 quum
953 3398 1049 3447 solem.
1090 3399 1156 3448 illud
1180 3415 1286 3464 quoque
1311 3415 1357 3447 ne·

220 3481 299 3515 cesse
323 3472 443 3515 osteum
462 3465 502 3516 sel
521 3482 575 3516 uon
594 3467 674 3530 longe
694 3466 767 3515 absit
789 3482 806 3514 a
824 3466 890 3514 luna
909 3473 936 3515 et
955 3482 972 3514 u
991 3467 1068 3516 nobis
1087 3468 1174 3515 maier
1191 3468 1315 3527 uidetur,
1333 3468 1357 3515 si

218 3550 313 3617 prope
327 3535 478 3584 :secesserit
500 3534 585 3583 multo
609 3535 739 3583 maiorem
758 3531 897 3583 futurum’
918 3561 948 3568 —
982 3534 1195 3584 Plutarelrusl'.
1215 3536 1245 3584 P.
1265 3536 1291 3584 ΙΙ
1310 3533 1357 3583 21.

221 3599 474 3719 Avuiqtavdqoffi
468 3595 517 3651 τὸν
535 3594 588 3667 μὶν
606 3594 687 3677 ἥλιον
706 3599 768 3679 ἴσον
786 3600 821 3681 τῇ
838 3600 874 3667 νῇ
892 3594 977 3661 εἶναι
997 3595 1048 3652 τὸν
1066 3595 1098 3652 δὲ
1120 3594 1234 3666 ιιοίιλον,
1253 3593 1304 3667 α’φ’
1322 3590 1358 3654 οὗ

219 3687 272 3749 την
316 3685 428 3744 ιπνοην
443 3664 529 3747 ἔχει,
558 3666 608 3719 aul
632 3658 678 3734 ἐφ
700 3657 734 3719 οὗ
764 3664 897 3734 φέρεται,
923 3661 1283 3721 ἑπτακαιεικοσαπλασίονα
1295 3671 1356 3748 τῆς

221 3739 290 3813 γῆς.
317 3730 518 3811 Ἀναξαγόρας,
540 3738 772 3787 πολλαπλασίονα
790 3708 1020 3820 Πελοποννήσου.
1053 3731 1248 3815 Ηράιλιιιος,
1275 3727 1357 3821 εὖρος

220 3798 309 3863 ποδὸς
321 3796 518 3885 ανθρωπιίοο.
542 3795 709 3880 Ἐπίκουρος
723 3798 810 3855 πάλιν
826 3803 916 3883 (ρησλν
932 3798 1147 3887 ἐνδέχεσθαι
1116 3824 1151 3857 τα
1153 3806 1358 3890 προειρημένα

220 3869 325 3935 πάντα,
345 3862 812 3952 ἢιηλιιιοῠιονήλίιιοςφαίνεται,
831 3890 953 3952 ημιιιρῳ
944 3865 1259 3955 μει’ζω,ἢέλοὶτιιο.
1253 3878 1298 3925 aa:
1319 3871 1358 3928 Or

221 3936 343 3992 Στωικοὶ
357 3941 424 4041 psit
424 3959 477 3993 ονα
490 3935 554 4009 (την
566 3934 698 4007 σιλιὶνην)
711 3940 760 4007 τῆς
772 3940 824 4007 γῆς
835 3933 1060 4007 α’ποφαίνονιαι,
1071 3961 1109 4002 ree
1119 3940 1205 3995 καλ
1179 3961 1227 3995 ιον
1240 3936 1330 4035 ἥλιον.

308 4008 356 4063 lili)
390 4010 1310 4079 scirotiastauormanteip.1081¹solen1perseipsum’e
1331 4031 1356 4079 q

220 4096 242 4129 s.
279 4078 446 4128 Isidorusde
465 4086 565 4129 natura
582 4094 670 4128 rerum
682 4078 860 4141 XVllorigg
876 4080 916 4129 111
935 4082 1021 4129 stt-
1035 4080 1192 4133 PliniusN.
1212 4083 1246 4132 H.
1266 4083 1292 4132 ll
1311 4083 1356 4133 35·

222 4147 339 4196 ‘Deinde
358 4145 425 4196 solis
445 4154 563 4197 meatum
582 4163 642 4198 esse
660 4148 780 4211 partium
798 4146 907 4209 quidem
925 4153 1111 4201 trecentarum
1129 4152 1291 4215 sexaginta,
1310 4152 1358 4201 sed

219 4252 422 4264 .....--—--

307 4315 317 4365 1
332 4301 445 4382 aqurud
455 4306 477 4358 Λ
490 4302 607 4382 aliquot
616 4297 654 4359 12²
670 4297 682 4381 {l
698 4301 836 4380 patritius
852 4306 963 4360 Arorr.
980 4309 1043 4363 eorl
1058 4326 1135 4365 ruera
1152 4300 1165 4387 ll
1180 4305 1356 4383 ampliorem

219 4406 311 4467 quam
323 4397 434 4446 terram
449 4387 574 4468 aliquod
591 4389 726 4467 partibus
745 4393 767 4445 Α
782 4383 796 4466 ΙΙ
812 4387 926 4466 aliquot
939 4391 965 4445 B
981 4385 994 4470 ΙΙ
1009 4392 1163 4469 sapientes
1184 4411 1252 4449 esse
1272 4393 1299 4447 B
1312 4386 1357 4471 lli

221 4472 390 4532 ‹liseribunt
408 4476 434 4530 B
446 4469 459 4553 ΙΙ
475 4484 492 4535 t
506 4493 668 4551 per-·agrare
684 4474 774 4551 paulo
789 4475 929 4554 superius
951 4475 1081 4535 diximus
1098 4479 1192 4537 Senot
1208 4479 1304 4535 Gerra.
