3218 5000
631 418 674 462 na
697 418 838 464 usstass
861 419 972 464 anavus
1150 408 1154 416 '
1304 403 1368 469 239

223 566 440 654 languescens
466 568 579 634 morbo
612 589 729 654 corpus
757 577 815 632 aut
841 566 1008 632 ulceribus
1033 567 1126 631 tetris
1153 575 1211 631 aut
1234 588 1366 653 percus-

225 672 315 735 sione
338 669 448 734 subita
468 670 684 734 exanimatur.
718 670 802 733 sicut
824 669 912 734 enirn
933 668 1014 741 caeli
1031 669 1176 733 nouitate
1194 666 1248 731 uel
1270 689 1367 753 aqua·

223 793 293 836 rum
315 771 469 857 temptari
491 769 737 835 aduenientium
758 791 894 855 corpora
915 778 1114 833 consuerunt
1135 768 1218 832 adeo
1234 777 1270 833 ut
1285 790 1366 832 rnor-

222 873 300 938 bum
323 872 526 960 concipiant,
558 872 606 934 ita
627 870 726 935 etiarn
747 891 804 934 aer
825 877 997 955 corruptus
1020 892 1063 933 ex
1084 869 1158 933 aliis
1186 868 1268 933 caeli
1294 890 1368 955 par-

197 973 311 1038 ⁵tibus
334 974 471 1037 ueniens
493 971 602 1036 subita
624 969 718 1035 clade
748 991 866 1058 corpus
893 973 1071 1057 corrumpit
1102 970 1208 1057 adque
1235 977 1368 1057 repente

221 1074 324 1138 uitam
347 1073 523 1158 extinguit,

308 1276 376 1340 Cur
398 1290 557 1340 ocnsnvs
581 1277 615 1338 in
644 1296 678 1337 se
702 1274 880 1360 reciprocis
903 1289 1072 1338 ssssluvs
1091 1282 1272 1339 reuertatur
1295 1262 1479 1339 sss.l5l*

222 1379 337 1441 oceani
359 1377 457 1441 undis
484 1376 531 1440 ali
556 1376 666 1440 sidera
691 1374 805 1439 dicunt
836 1376 1001 1462 solemque
1030 1376 1071 1440 de
1101 1395 1224 1439 oceano
1248 1396 1366 1462 aquam

222 1478 352 1543 haurire
376 1476 508 1563 ignibus
530 1479 598 1541 suis
628 1484 660 1542 et
687 1479 809 1542 circum
829 1477 937 1541 omnia
959 1476 1067 1540 sidera
1080 1476 1245 1557 laudere,
1272 1485 1307 1540 ut
1327 1498 1366 1541 ea

188 1588 395 1667 retemperet,
424 1581 502 1666 quia
530 1587 606 1642 sunt
628 1581 736 1664 ignea.
787 1577 863 1641 iude
886 1576 1013 1657 dicunt,
1051 1580 1130 1663 quia
1160 1599 1232 1657 cum
1258 1577 1367 1642 haurit

373 1751 442 1800 haec
462 1751 547 1815 igitur
564 1750 655 1800 subito
674 1749 769 1800 clades
786 1764 859 1799 noua
876 1749 1069 1814 pestilitasque

374 1825 421 1869 ant
439 1819 467 1867 in
486 1834 573 1882 aquas
592 1818 668 1869 cadit
686 1823 735 1867 ant
753 1818 846 1882 fruges
864 1816 980 1882 persidit
997 1818 1025 1865 in
1042 1818 1127 1882 ipsas.

374 1892 421 1937 aut
439 1886 510 1937 alios
528 1885 667 1935 hominum
685 1890 781 1950 pastus
799 1885 987 1949 pecudumque
1007 1885 1126 1949 cibatus,

373 1957 421 2004 aut
439 1954 523 2002 etiam
541 1967 676 2017 suspensa
694 1958 788 2001 manet
805 1953 848 2001 uis
867 1967 932 2001 aere
951 1952 1065 2017 inipso,

374 2027 402 2070 et
420 2036 481 2070 cnm
499 2021 638 2085 spirantes
656 2020 757 2070 mixtas
775 2019 839 2068 hinc
858 2019 981 2068 ducimus
1001 2035 1092 2082 auras,

372 2089 423 2137 illa
441 2102 546 2153 quoque
566 2089 594 2136 in
614 2103 712 2152 corpus
729 2087 835 2152 pariter
852 2086 963 2136 sorbere
982 2093 1135 2137 necessest.
1261 2144 1263 2149 Α

292 2153 361 2211 lbi*
378 2156 499 2205 Isidorus
512 2155 545 2204 de
563 2160 663 2204 natura
682 2169 770 2204 rerum
788 2154 850 2203 XL:
875 2154 928 2203 ‘De
948 2154 1047 2203 oceani
1066 2160 1151 2204 aestu.
1183 2154 1296 2205 Cur...
1311 2172 1364 2205 re-

220 2231 393 2285 uertatur,
411 2223 567 2288 philosophi
585 2222 723 2284 mnndum,
742 2227 772 2271 ut
790 2222 875 2271 refert
893 2220 1016 2285 Solinus,
1041 2237 1075 2271 ex
1099 2228 1227 2287 quattuor
1251 2223 1365 2274 elimen-

220 2291 257 2339 tis
281 2293 360 2357 quasi
388 2291 523 2356 quoddam
548 2290 652 2339 animal
676 2306 736 2339 esse
765 2289 860 2338 dicunt
884 2295 1042 2338 concretam
1066 2290 1223 2354 mouerique
1248 2291 1364 2354 quodam

220 2359 317 2423 spiritu
336 2364 363 2408 et
376 2359 449 2407 sicut
466 2359 495 2406 in
513 2357 673 2423 corporibus
692 2356 792 2406 nostris
810 2355 963 2421 respirandi
981 2356 1119 2405 habentur
1137 2358 1310 2421 commercia,
1324 2360 1365 2407 ita

219 2426 250 2474 in
267 2426 410 2492 profundis
428 2425 530 2475 occani
548 2441 608 2474 esse
629 2425 759 2488 quosdam
777 2430 884 2473 meatus
903 2428 1060 2485 uentorum,
1079 2423 1165 2473 ueluti
1178 2425 1270 2474 muudi
1282 2442 1365 2475 nares

220 2508 270 2558 per
288 2509 356 2559 quas
376 2493 469 2543 emissi
489 2492 628 2543 anhelitus
647 2491 692 2541 uel
710 2492 825 2542 retracti
844 2491 951 2541 alterno
971 2506 1087 2540 accessu
1099 2508 1273 2558 recessuque,
1292 2509 1364 2543 nunc

221 2566 391 2678 equoraute
419 2561 519 2626 spiritu
547 2559 644 2610 efflent
672 2559 773 2620 maria,
803 2574 875 2609 nrmc
905 2556 1063 2608 retrahente
1093 2560 1191 2623 spiritu
1220 2560 1365 2613 reducant.

220 2628 266 2693 qui
286 2645 330 2678 am
349 2632 441 2678 antem
459 2626 682 2693 pbilosophorum
699 2626 808 2687 uolunt,
833 2625 872 2675 ait
884 2626 1057 2687 Ambrosius,
1079 2642 1139 2675 cum
1160 2634 1305 2692 augmento
1323 2628 1364 2678 lu·

219 2696 282 2745 uari
305 2711 431 2746 crescere
451 2710 598 2757 oceanum,
623 2700 651 2743 et
674 2698 814 2758 tamquam
838 2692 896 2743 eius
920 2693 1082 2758 quibusdam
1106 2696 1303 2759 spirationibus
1321 2712 1362 2745 ro·
1450 2734 1459 2749 Ι

219 2768 334 2813 trorsum
354 2763 482 2812 trabatur
505 2768 533 2812 et
555 2764 653 2812 iterum
678 2762 800 2811 eiusdem
823 2761 933 2826 inpulsu
958 2775 991 2809 ao
1015 2766 1138 2812 retractu
1161 2763 1189 2811 in
1208 2779 1362 2827 mensuram

218 2831 358 2896 propriam
370 2830 540 2879 refundatur.
561 2830 610 2879 alii
624 2844 730 2895 quoque
744 2830 868 2878 oceani
933 2844 1093 2882 oceanus.
1123 2830 1171 2879 sed
1189 2835 1278 2880 utrum
1296 2846 1362 2882 uen-

218 2905 308 2948 torum
332 2898 433 2963 spiritu
457 2912 546 2963 aquae
571 2897 713 2962 erigantur
737 2913 773 2946 an
796 2896 885 2946 lunari
908 2911 988 2945 cursu
1013 2896 1172 2963 increscant
1191 2914 1227 2948 an
1245 2896 1302 2949 sele
1321 2916 1363 2950 re·

217 2965 345 3015 trahente
364 2965 544 3028 decrescant,
568 2965 621 3014 hoc
644 2964 696 3013 deo
715 2964 766 3014 soli
786 2964 926 3029 cognitum
944 2968 1000 3025 est,
1021 2965 1097 3014 cuius
1116 2971 1144 3014 ct
1162 2981 1230 3032 opus
1247 2968 1363 3017 mundus

219 3039 262 3083 est
280 3033 386 3098 solique
404 3033 497 3083 mundi
521 3033 593 3083 ratio
618 3032 730 3097 cognita
755 3036 805 3083 est.
843 3031 968 3081 oceani
1044 3032 1262 3097 perhibetur,
1292 3036 1363 3100 qnod

219 3101 304 3151 ctiam
327 3099 455 3150 Clemens
480 3099 632 3164 discipulus
656 3100 841 3165 apostolorum
865 3102 939 3148 uisus
964 3104 1007 3147 cst
1034 3099 1158 3150 indicare
1192 3116 1252 3150 cum
1281 3102 1362 3152 dicit:

219 3167 349 3218 Oceanus
368 3167 606 3218 intransmeabilis
625 3172 668 3216 cst
685 3166 840 3216 hominibus
859 3172 887 3215 et
903 3166 933 3214 hi
945 3166 991 3231 qui
1008 3166 1082 3215 ultra
1099 3183 1161 3218 eum
1174 3174 1238 3219 sunt
1250 3169 1362 3221 mundi!

218 3235 416 3301 philosophi
491 3235 680 3296 subterius,
705 3234 768 3284 ideo
787 3240 815 3284 et
832 3234 963 3283 Lucanus
981 3233 1015 3295 (V
1033 3232 1084 3285 623
1102 3234 1193 3303 sqq.):

372 3318 432 3353 cnm
451 3318 526 3352 mare
546 3303 688 3353 conuolnit
706 3307 816 3368 gentes,
842 3317 903 3351 carm
920 3300 1015 3350 littora
1033 3301 1138 3366 Thetys

373 3370 461 3420 noluit
479 3369 538 3420 ulla
556 3371 616 3437 pati
634 3370 713 3419 caelo
732 3375 865 3420 contenta
884 3370 982 3429 teneri,

368 3444 434 3487 tuno
454 3453 560 3503 quoqne
578 3442 660 3487 tanta
678 3437 758 3487 malis
776 3435 862 3487 moles
880 3436 1016 3486 creuissct
1034 3436 1062 3486 in
1082 3442 1166 3501 astra,
1209 3472 1213 3480 .

369 3506 398 3555 ni
416 3520 544 3571 superum
563 3511 655 3554 rector
673 3506 818 3569 pressisset
835 3504 954 3554 nubibus
973 3504 1103 3555 umbras!

217 3572 328 3623 Solinus
346 3572 438 3639 polyb.
457 3573 551 3623 XXIII
563 3572 598 3622 20
615 3587 669 3636 sq:
698 3572 825 3636 ‘Physici
844 3572 922 3621 aiunt
939 3572 1067 3621 mundum
1086 3573 1189 3623 animal
1209 3589 1269 3625 esse
1288 3591 1362 3625 eum-

217 3656 270 3705 qne
293 3641 380 3690 uariis
405 3639 601 3689 elementorum
625 3640 784 3705 corporibus
808 3638 1003 3705 conglobatum
1026 3641 1130 3690 moueri
1153 3642 1267 3707 spiritu,
1302 3646 1363 3709 regi

217 3712 325 3771 menta,
355 3723 424 3772 quae
448 3712 564 3773 utraque
583 3706 684 3756 diffusa
701 3723 751 3772 per
769 3708 890 3756 membra
913 3707 1005 3757 omnia
1027 3714 1160 3759 aeternae
1182 3710 1261 3760 molis
1284 3711 1361 3792 nigo-

216 3790 274 3824 rem
299 3779 457 3825 exerceant.
493 3776 566 3825 sicut
584 3790 650 3838 crgo
668 3775 697 3823 in
716 3774 875 3839 corporibus
893 3775 995 3824 nostris
1014 3777 1180 3826 commercia
1197 3782 1261 3827 sunt
1283 3781 1363 3844 spuri-

216 3841 319 3905 tualia‚
344 3843 385 3892 ita
404 3843 432 3891 in
451 3842 595 3907 profundis
617 3842 716 3891 oceani
741 3857 824 3892 nares
847 3841 979 3907 quasdam
1002 3842 1096 3892 mnndi
1114 3846 1293 3909 constitutas,
1313 3863 1364 3912 per

305 4004 314 4054 t
338 3994 536 4073 languissens
556 3999 581 4055 A
586 3992 620 4055 Β1
642 3991 656 4076 ll
677 3995 889 4075 percussiones
903 3994 987 4055 obita
1004 3993 1041 4054 Β1
1058 3992 1071 4078 ΙΙ
1086 4005 1104 4060 3
1123 4018 1251 4078 corporo
1268 3999 1361 4060 adne-

215 4081 363 4139 aientium
379 4083 519 4158 temptari
542 4086 569 4140 Β
588 4080 720 4153 (temtari
745 4077 794 4155 15¹)
825 4076 830 4160 l
850 4089 868 4141 4
889 4079 965 4139 aliis
983 4077 1022 4138 B¹
1043 4073 1057 4162 Ι]
1077 4093 1094 4144 t
1112 4081 1264 4144 subitatos
1277 4090 1303 4143 A
1317 4080 1360 4166 117

216 4184 293 4245 quur
308 4169 332 4222 A
353 4160 367 4247 ΙΙ
388 4164 508 4226 otianns
520 4160 558 4223 ΑΙ
581 4185 732 4225 occeanus
753 4160 789 4222 Β1
845 4166 1017 4242 receprocis
1037 4162 1072 4221 11¹
1095 4162 1108 4248 ll
1126 4169 1253 4228 sotiani
1271 4165 1308 4227 A¹
1322 4168 1361 4229 ds

214 4249 322 4307 oceani
340 4253 369 4307 B
389 4243 403 4369 Ι]
422 4258 511 4310 aestu
527 4250 664 4313 undasA
684 4244 697 4331 ll
719 4250 781 4308 alia
799 4256 823 4308 A
840 4269 895 4309 om.
913 4253 938 4307 B
958 4243 972 4329 ll
992 4248 1105 4310 ducunt
1117 4246 1156 4309 Β1
1173 4246 1186 4332 ll
1202 4255 1305 4312 otiano
1322 4251 1361 4311 Αι

214 4352 349 4392 occeano
362 4337 390 4393 B
419 4334 431 4411 l}
447 4344 465 4399 9
481 4336 581 4394 aurire
597 4339 649 4393 AB
665 4330 678 4416 ll
695 4339 945 4414 tutemperentA
960 4335 973 4418 ss
988 4335 1058 4414 igno
1077 4340 1101 4394 Β
1117 4338 1146 4394 iu
1166 4332 1172 4419 Ι
1191 4336 1292 4397 calida
1307 4341 1331 4396 A

215 4418 294 4477 aurit
313 4416 353 4476 Β2
367 4421 433 4479 auri
446 4417 483 4477 ΒΙ
498 4419 581 4480 aur&
597 4423 621 4478 A
865 4442 869 4450 ¹
