3220 5022
244 400 306 464 280
748 408 881 451 enarra
928 431 932 437 ·

329 574 540 623 senesanna
556 567 589 623 et
603 561 875 638 annumeratas]
894 565 1111 621 monstramus
1127 553 1238 636 semel,
1257 553 1387 619 demon·

245 671 386 729 strumus
409 664 550 746 saepius.

329 778 525 827 usraousu
548 774 580 827 et
602 778 751 827 uernans
771 765 951 841 sturnus]
973 767 1121 867 mapona
1136 756 1221 821 filios
1236 758 1405 843 ampliat,-

243 873 349 930 mater
370 864 512 928 familias
532 884 616 950 quae
640 865 726 949 patri
748 862 893 926 familiae
915 860 1037 948 nupsit.

327 1079 482 1129 Monstrare
502 1084 530 1129 et
548 1077 746 1144 demonstrare]
766 1078 790 1129 G
812 1095 837 1144 p.
857 1076 892 1127 89
909 1093 936 1127 u.
957 1076 1001 1127 14:
1027 1076 1219 1127 ‘Monstramus
1237 1075 1322 1125 semel
1340 1074 1386 1125 ‹ls'

244 1152 428 1198 monstramus
446 1147 577 1213 saepius.¹
614 1149 709 1197 eadem
728 1149 755 1197 H
774 1164 800 1212 p.
823 1146 860 1197 13.

329 1216 484 1265 Matronam
509 1220 536 1265 et
554 1220 669 1266 matrem
693 1213 827 1279 familias]
849 1214 953 1263 Paulus
972 1213 1049 1261 Festi
1072 1228 1099 1277 p.
1119 1211 1180 1260 125:
1206 1210 1387 1260 ‘Materfami

243 1284 299 1333 lias
322 1299 377 1332 non
402 1289 466 1333 ante
486 1284 631 1333 dicebatur
649 1299 730 1348 qnam
753 1285 796 1332 uir
814 1284 874 1331 eius
893 1280 1096 1346 paterfamilias
1115 1280 1205 1329 dictus
1225 1284 1311 1339 esset3
1335 1293 1387 1328 nec

243 1351 428 1415 possunthoc
447 1353 556 1401 nomine
575 1351 666 1417 plures
685 1352 713 1401 in
731 1367 786 1401 una
804 1351 913 1400 familia
931 1354 1043 1413 praeter
1061 1363 1143 1397 uuam
1162 1346 1307 1412 appellari.
1339 1346 1388 1395 sed

244 1434 296 1467 nec
314 1418 397 1468 tridua
421 1419 471 1469 lroc
494 1420 603 1469 nomine
628 1435 678 1468 nec
703 1435 774 1484 quae
794 1420 853 1467 sine
877 1417 943 1467 liliis
961 1422 1004 1466 est
1023 1415 1159 1480 appellari
1176 1412 1286 1479 potest)
1324 1413 1388 1464 Gel-

243 1486 298 1535 lius
317 1486 411 1536 XVIII
429 1486 458 1536 6:
485 1487 593 1537 ‘Aelius
618 1487 745 1536 Melissus
768 1488 798 1535 in
820 1490 915 1535 nostra
938 1484 1071 1534 memoria
1095 1484 1148 1532 fuit
1164 1482 1268 1532 Rornae
1291 1482 1388 1531 summi

244 1554 353 1618 quidem
372 1554 427 1603 loci
445 1556 518 1604 iuter
536 1555 731 1619 grammaticos
750 1555 778 1604 id
796 1553 940 1619 temporis,
964 1552 1013 1603 sed
1035 1553 1140 1601 maiore
1164 1551 1192 1599 in
1215 1550 1302 1601 literis
1327 1553 1389 1598 erat

244 1622 383 1671 iactantia
402 1627 429 1671 et
447 1620 596 1688 σοφιστείᾳ
615 1638 695 1686 qnam
714 1638 806 1687 opera.
843 1622 866 1669 is
884 1626 995 1687 praeter
1014 1620 1070 1669 alia
1089 1634 1160 1684 qnae
1184 1618 1296 1683 scripsit
1314 1633 1387 1666 com·

244 1689 324 1753 plura
342 1688 443 1739 librum
462 1691 624 1755 composuit,
644 1695 674 1739 ut
691 1696 749 1740 tnm
766 1689 915 1738 uidebatur
934 1703 994 1737 cum
1013 1694 1056 1737 est
1074 1687 1165 1736 editus
1183 1686 1327 1736 doctrinae
1346 1686 1386 1734 in·

245 1756 347 1805 clutae.
384 1758 410 1805 ci
429 1757 499 1808 libro
518 1758 615 1808 titulus
633 1764 676 1807 est
694 1757 816 1823 ingentis
835 1757 977 1806 cuiusdam
996 1755 1156 1805 inlecebrae
1173 1754 1207 1803 ad
1226 1753 1386 1818 legendum

244 1825 363 1887 scriptus
383 1826 482 1891 quippe
502 1831 557 1875 est:
577 1827 618 1875 De
638 1826 765 1890 loquendi
785 1825 964 1890 proprietate.
989 1823 1048 1887 quis
1067 1822 1136 1872 adeo
1156 1821 1295 1871 existimet
1312 1821 1388 1885 loqui

244 1906 274 1940 se
293 1898 370 1942 recte
394 1898 476 1957 atque
501 1894 609 1959 proprie
627 1909 722 1959 posse,
746 1893 800 1942 nisi
818 1892 881 1942 illas
899 1891 1007 1941 Melissi
1029 1891 1214 1956 proprietates
1233 1889 1383 1954 perdidice-

243 1960 298 2007 rit?
327 1976 360 2010 ex
384 1977 416 2010 co
440 1961 511 2011 libro
533 1962 620 2011 uerba
642 1962 712 2011 baec
735 1965 811 2011 sunt:
842 1960 971 2010 Matrona
991 1963 1045 2019 est,
1071 1973 1141 2022 quac
1165 1957 1251 2007 semel
1266 1957 1386 2022 peperit,
1476 1969 1481 1977 ·

244 2042 314 2091 quae
334 2029 457 2093 saepius,
482 2035 572 2079 mater
595 2030 729 2089 familias3
757 2028 841 2077 sicuti
863 2043 909 2077 sus
932 2042 1003 2091 quac
1022 2025 1105 2096 semel
1124 2026 1232 2091 peperit
1249 2030 1386 2090 porcetra,

244 2110 314 2157 quae
338 2092 449 2160 saepius
472 2097 575 2147 scrofa.
616 2103 705 2147 utrum
730 2102 821 2146 autem
839 2096 891 2145 boc
910 2095 943 2144 de
967 2099 1094 2144 matrona
1113 2109 1146 2143 ac
1165 2093 1198 2142 de
1217 2093 1386 2142 matrefami-

242 2161 295 2212 lias
313 2164 441 2214 Melissus
464 2166 665 2229 excogitaucrit
688 2166 746 2230 ipse
772 2170 799 2214 ot
822 2164 1034 2222 coniectauerit,
1060 2177 1095 2211 an
1118 2162 1249 2226 scriptum
1273 2160 1308 2210 ab
1332 2160 1387 2211 alio

244 2245 296 2294 quo
319 2230 432 2295 legerit,
462 2233 555 2283 ariolis
579 2234 704 2297 profecto
729 2237 771 2281 est
799 2247 875 2296 opus.
916 2246 981 2280 uam
1003 2231 1037 2279 de
1061 2233 1188 2295 porcetra
1210 2229 1296 2278 habet
1319 2244 1387 2279 sanc

244 2302 384 2348 auctorem
406 2299 585 2365 Pomponium
608 2300 636 2350 in
653 2299 795 2350 Atellania
817 2315 887 2363 quae
910 2298 963 2347 hoc
988 2299 1082 2348 eodem
1101 2295 1236 2347 uocabula
1254 2297 1388 2362 inscripta

244 2370 298 2427 est;
323 2366 372 2416 sed
396 2374 551 2417 matronam
572 2383 628 2417 non
652 2385 712 2418 esse
737 2367 906 2433 appellatam
929 2367 983 2415 nisi
1002 2381 1072 2431 quae
1091 2364 1176 2414 semel
1195 2365 1315 2430 peperit,
1339 2380 1387 2414 ne·

243 2448 295 2496 que
325 2435 578 2497 matremfamilias,
607 2437 660 2485 nisi
689 2452 759 2500 quae
789 2435 913 2500 saepius,
943 2433 1044 2483 nullius
1073 2439 1197 2481 ueterum
1223 2432 1387 2498 scriptorum

243 2501 455 2552 auctoritatibus
485 2502 640 2553 confirmari
662 2508 762 2569 potest.
804 2503 942 2553 enimuero
966 2501 1032 2551 illud
1055 2500 1194 2566 impendio
1216 2500 1387 2565 probabilius

243 2575 300 2632 est,
321 2570 391 2633 quod
409 2571 502 2620 idonei
520 2587 618 2621 uocum
637 2573 809 2636 antiquarum
829 2576 1003 2621 enarratores
1016 2566 1209 2627 tradiderunt,
1234 2572 1387 2617 matronam

242 2635 345 2686 dictam
365 2653 425 2688 esse
444 2639 568 2703 proprie,
595 2654 665 2703 quae
688 2640 716 2688 in
735 2639 908 2688 matrimonio
932 2654 992 2687 cum
1015 2637 1074 2686 niro
1094 2636 1278 2696 conuenisset,
1297 2635 1387 2698 quoad

242 2703 271 2752 in
292 2720 324 2753 eo
343 2705 515 2757 matrimonio
539 2711 677 2767 maneret,
703 2707 813 2756 etiamsi
834 2705 916 2755 liberi
933 2705 1053 2755 nondum
1070 2704 1129 2753 uati
1148 2704 1251 2763 forent,
1271 2703 1387 2752 dictam·

244 2786 296 2835 quc
314 2772 355 2821 ita
375 2788 435 2822 esse
456 2790 472 2823 a
490 2774 585 2823 matris
604 2775 727 2837 nomine,
751 2790 807 2825 non
830 2774 931 2840 adepto
953 2774 1008 2823 iam
1032 2772 1080 2822 sed
1105 2787 1165 2821 cum
1183 2788 1233 2837 spe
1252 2776 1279 2820 et
1297 2771 1385 2821 omine

242 2853 305 2887 mox
324 2839 510 2903 adipiscenda,
529 2842 601 2892 unde
621 2843 709 2907 ipsum
728 2858 834 2906 qnoque
853 2842 1055 2891 matrimonium
1075 2840 1187 2901 dicitur,
1206 2844 1320 2889 matrem
1340 2855 1385 2888 au·

242 2911 298 2954 tem
318 2907 437 2957 familias
457 2909 625 2973 appellatam
650 2926 710 2959 esse
729 2927 789 2959 eam
808 2909 911 2975 spiam,
937 2908 1053 2973 quaein
1072 2907 1164 2957 mariti
1182 2920 1264 2956 mauu
1282 2908 1385 2956 manci·

242 2974 342 3038 pioque
362 2980 408 3024 aut
425 2975 454 3024 in
473 2977 541 3037 cius,
561 2979 590 3027 in
609 2979 686 3027 cuins
704 2979 827 3037 maritus,
847 2992 929 3027 manu
945 2977 1137 3042 mancipioque
1158 2980 1238 3031 esset,
1259 2974 1385 3038 quoniam

242 3055 296 3090 non
325 3042 353 3092 in
377 3044 578 3094 matrimonium
600 3051 707 3095 tantum
730 3046 827 3095 sedin
850 3044 986 3095 familiam
1006 3060 1110 3109 qunque
1134 3043 1227 3092 mariti
1252 3048 1279 3091 et
1297 3042 1325 3091 in
1343 3043 1386 3091 arri

241 3107 353 3160 heredis
377 3110 466 3161 locum
488 3111 638 3162 uenisset’
676 3114 880 3177 exscripserunt
897 3114 1002 3162 Nonius
1025 3130 1051 3177 p.
1075 3112 1125 3160 44⁴2
1149 3116 1176 3160 et
1193 3111 1207 3159 Ι
1224 3108 1282 3159 375.
1325 3109 1386 3159 Ser-

241 3176 304 3226 vius
318 3178 386 3227 Aen.
405 3179 443 3228 XI
461 3178 525 3229 476:
555 3178 711 3245 Matronae]
735 3182 816 3229 ‘nunc
834 3180 966 3230 feminae.
990 3180 1099 3244 quidam
1122 3194 1189 3227 sane
1209 3177 1386 3240 arbitrantur,

242 3244 315 3294 inter
333 3253 487 3296 matronam
506 3253 534 3298 et
551 3248 790 3299 matremfamilias
808 3249 859 3297 hoc
876 3249 1026 3307 interesse,
1046 3247 1116 3311 quod
1134 3250 1260 3295 matrona
1278 3246 1387 3296 dicatur

243 3312 331 3376 prima
349 3315 427 3379 pueri
446 3320 542 3376 mater,
563 3315 776 3366 materfamilias
796 3332 866 3379 quae
885 3316 976 3381 plures
995 3314 1111 3381 peperit.
1149 3313 1198 3363 alii
1216 3313 1268 3363 hoc
1287 3318 1386 3378 putant

241 3381 358 3439 rectius,
388 3387 541 3433 matronam
565 3384 621 3433 dici
650 3399 719 3448 quae
744 3384 771 3432 in
796 3384 996 3434 matrimonium
1020 3398 1081 3432 curu
1098 3382 1159 3431 uiro
1178 3383 1340 3431 conuenerit
1358 3386 1386 3431 et

242 3447 272 3496 in
290 3464 323 3498 co
341 3449 516 3500 matrimonio
534 3453 675 3513 manserit,
697 3452 780 3501 etlam
799 3452 823 3500 si
841 3452 924 3502 liberi
942 3451 1059 3500 nondum
1073 3450 1187 3499 fuerint:
1208 3449 1309 3499 dictam
1328 3465 1386 3498 ma·

241 3516 291 3564 tris
309 3517 418 3566 nomine
437 3534 485 3583 spa
505 3524 587 3584 atque
600 3520 698 3580 omine,
718 3519 789 3568 unde
804 3524 832 3568 et
843 3519 1044 3569 matrimonium
1057 3518 1173 3576 dictum
1192 3521 1308 3567 matrem
1319 3532 1385 3566 uero

242 3581 365 3633 familias
389 3601 450 3635 eam
475 3602 536 3636 esse
560 3603 630 3652 quae
653 3588 682 3636 in
705 3588 796 3636 mariti
820 3602 903 3636 manu
925 3587 1132 3650 mancipioque,
1153 3589 1200 3633 aut
1218 3585 1246 3633 in
1265 3586 1338 3645 cius,
1357 3585 1385 3634 iu

241 3651 318 3699 cuius
336 3653 463 3715 maritus,
488 3669 571 3704 mauu
593 3655 785 3719 mancipioque
810 3659 897 3715 esset,
922 3654 1049 3717 quoniam
1072 3654 1100 3701 in
1125 3651 1261 3702 familiam
1280 3668 1385 3717 quoquc

240 3718 333 3767 mariti
357 3724 385 3769 et
408 3722 450 3770 sui
473 3721 584 3772 heredis
607 3723 697 3771 locum
719 3720 853 3772 uenisset.
899 3721 947 3771 alii
970 3727 1110 3770 matronas
1133 3720 1256 3785 uirgines
1278 3720 1385 3770 nobiles

241 3785 349 3848 dicunt,
373 3789 599 3839 matresfamilias
622 3805 688 3839 uero
711 3788 774 3838 illas
798 3804 869 3854 quae
892 3789 921 3837 in
944 3790 1146 3839 matrimonium
1169 3804 1219 3854 per
1238 3803 1312 3837 coam
1333 3789 1384 3838 tio·

240 3868 302 3902 nem
327 3862 521 3905 conuenerunt.
566 3872 629 3905 nam
653 3872 702 3921 per
730 3857 867 3921 quandam
889 3857 956 3907 iuris
980 3856 1176 3907 solennitatem
1199 3857 1228 3905 iu
1252 3806 1385 3907 familiam

240 3922 361 3983 migrant
384 3924 483 3973 mariti.
526 3925 598 3974 inter
620 3930 735 3973 matrem
757 3940 824 3975 uero
849 3930 876 3975 et
899 3931 1014 3974 matrem
1039 3924 1161 3973 familias
1183 3924 1236 3973 boc
1259 3925 1384 3987 interest,

242 3988 312 4052 quod
331 3996 418 4039 mater
437 3998 488 4051 est,
506 3997 617 4056 praeter
636 3991 711 4041 illam
730 3992 963 4057 significationem
982 4008 1052 4057 quae
1072 3997 1114 4041 est
1133 3991 1167 4040 ad
1181 3990 1294 4055 aliquid,
1314 4008 1384 4058 quaa

240 4060 348 4105 tantum
367 4060 498 4109 conuenit
509 4061 538 4108 in
551 4060 761 4119 matrimonium,
782 4062 852 4124 quod
865 4060 914 4110 alii
925 4059 1145 4121 matrifamilias,
1164 4060 1237 4108 sicut
1253 4060 1306 4110 boc
1324 4062 1384 4111 loco

240 4123 420 4185 dictumest,
447 4126 669 4191 applicauerunt3
693 4128 907 4177 materfamilias
925 4143 1005 4187 uero,
1048 4143 1100 4177 uae
1125 4128 1255 4176 consueuit
1276 4135 1307 4179 ut
1329 4130 1384 4179 iam

240 4191 356 4307 dixirpus
376 4208 425 4308 plerl
443 4193 662 4259 coemptionem!
699 4195 735 4244 cf.
756 4195 867 4246 Servius
885 4196 953 4245 Aen.
972 4196 1012 4245 xl
1068 4193 1089 4243 l.
1120 4194 1245 4245 Servium
1265 4198 1385 4262 exscrip-

241 4259 303 4307 siti
325 4275 367 4308 ern
429 4296 434 4308 .
456 4277 480 4309 c.

325 4420 343 4473 4
361 4411 451 4472 matri
463 4413 498 4470 M
510 4407 524 4494 [1
538 4433 599 4493 que
613 4416 648 4473 M
