3202 4998
227 371 290 432 470
564 386 784 436 ovansrronrs
810 384 1036 427 sunnonrnnsu

228 540 294 601 dite
309 538 401 614 cxl,
416 547 544 599 mortem
555 537 683 618 Pompei
695 539 725 597 in
740 537 820 598 libro
835 537 927 598 CXII
942 545 1094 598 numatam
1110 556 1187 613 esse,
1207 559 1273 598 cum
1285 547 1368 598 utra-

227 663 287 724 que
302 643 341 703 ab
359 642 549 720 Hieronymo
567 641 689 701 inverso
711 639 815 701 ordine
835 639 874 700 ad
895 639 1027 700 eundem
1043 660 1153 701 eunom
1172 641 1367 703 referrentur.

227 754 391 827 praeterea
403 745 510 804 mirum
533 742 614 801 foret
628 744 654 801 si
671 743 879 823 Hieronymus
893 742 1100 802 hanc'tnntnm
1117 752 1233 823 partem
1246 743 1369 805 Liviani

228 848 328 929 operis
343 864 511 927 excerpere
529 843 686 903 voluisset.
715 862 774 903 nec
787 845 924 904 nominat
937 845 1057 903 Liuium
1074 845 1128 904 sed
1143 846 1260 925 profert
1270 846 1368 913 Tran-

229 949 318 1032 quilli
336 948 447 1008 nomon
462 947 514 1007 ubi
529 954 670 1006 unctores
690 944 963 1006 additamentorum
981 967 1100 1006 snorum
1116 947 1268 1024 significat
1284 946 1368 1027 (tom.

228 1051 308 1112 VIII
321 1070 352 1129 p.
364 1058 380 1114 7
401 1048 511 1127 Valli:
538 1068 556 1106 a
571 1051 655 1108 Troia
670 1066 759 1124 nsque
771 1052 811 1106 od
822 1053 981 1107 uicesimum
995 1051 1166 1107 Constantini
1177 1069 1281 1108 annam
1295 1071 1371 1112 nnnc

228 1156 323 1212 addito
337 1171 412 1211 nnnc
427 1155 515 1210 monto
532 1155 740 1225 suntplnrirnc,
756 1169 827 1225 qnos
841 1153 876 1209 alc
894 1154 1056 1227 Tranquillo
1071 1160 1097 1210 ct
1110 1156 1209 1210 ceteris
1222 1155 1371 1213 illustribus

228 1259 367 1314 historicis
381 1259 584 1328 coecarpsimns.
610 1254 703 1311 ceteri
720 1262 821 1312 auteur
832 1252 969 1312 historici
988 1272 1064 1333 qnos
1080 1253 1286 1334 Hieronymus
1298 1275 1371 1315 con·

230 1357 324 1417 suluit
333 1350 425 1434 louge
438 1364 509 1415 sunt
525 1355 701 1434 posterioris
713 1355 823 1415 aetatis
836 1372 927 1434 quam
942 1374 1004 1434 qna
1013 1354 1211 1434 Tranquillus
1225 1358 1312 1417 vixit.
1329 1360 1370 1417 cf.

230 1459 435 1517 Mommsenus
447 1457 469 1517 l.
482 1477 508 1517 c.
524 1477 554 1537 p.
567 1466 633 1529 683,
651 1457 702 1515 abi
719 1455 854 1516 tabulam
869 1465 1025 1515 anctorum
1041 1459 1155 1534 exegit.
1174 1460 1277 1541 itaque
1289 1459 1371 1540 qnod

231 1558 394 1620 Suetonius
412 1578 515 1618 eorum
537 1558 764 1639 antiquissimus
782 1558 853 1631 fuit,
877 1557 910 1617 id
931 1559 963 1617 in
987 1577 1080 1617 cansa
1098 1558 1193 1620 luisse
1215 1572 1316 1641 patet,
1339 1570 1372 1620 ut

230 1662 437 1740 Hieronymus
466 1659 504 1719 ad
532 1663 597 1720 eins
626 1660 721 1720 solius
745 1661 955 1732 anctoritatem
982 1662 1156 1720 nominatim
1179 1672 1371 1741 provocaret.

230 1762 341 1837 quodsi
354 1762 436 1821 hune
451 1761 629 1839 fragmentis
641 1782 721 1842 qnae
738 1781 829 1842 sopra
846 1764 932 1842 posui
947 1762 1102 1822 historiam
1114 1762 1284 1824 huiusmodi
1301 1784 1370 1824 oon·
1476 1760 1479 1768 ’

232 1865 390 1945 scripsisse
407 1862 593 1925 subindicari
604 1863 739 1937 ridetur,
758 1885 820 1924 non
838 1864 931 1924 facile
947 1863 1039 1924 oredo
1053 1865 1372 1946 qnisquamrepngno·

231 1967 277 2028 bit
291 1967 451 2048 quominus
467 1975 613 2046 excerpta
629 1967 693 2026 eius
706 1968 830 2045 generis
844 1966 1086 2048 Hieronymiaun
1102 1967 1286 2049 Tranquillo
1306 1970 1372 2029 vin·

233 2068 382 2129 dicentnr.
410 2088 540 2148 quocum
554 2079 625 2148 apte
640 2069 779 2147 congruit
795 2067 874 2149 quod
891 2067 1016 2128 Cassius
1032 2066 1093 2128 Dio
1110 2068 1240 2129 eundem
1252 2070 1372 2145 librum,

232 2191 322 2251 quom
328 2170 533 2251 Hieronymus
546 2156 709 2249 excerpsit,
722 2168 1035 2230 adhibuissevidetnr.
1050 2171 1087 2229 of.
1096 2172 1302 2232 Mommsenua
1313 2172 1334 2232 l.
1345 2193 1372 2233 c.

231 2294 262 2353 p.
279 2280 341 2337 681.
359 2273 440 2331 hunc
456 2273 535 2331 enim
552 2273 643 2332 etiam
662 2270 827 2331 Caesarum
849 2272 934 2332 libris
950 2270 1145 2334 Suetoniauis
1162 2272 1298 2333 studiose
1315 2276 1373 2334 etsi

231 2396 290 2435 non
308 2375 487 2434 confiteatur
504 2393 590 2433 usum
605 2392 672 2434 esse
689 2373 771 2433 clare
786 2373 918 2434 ostendit
932 2375 1061 2434 Rothius
1076 2395 1105 2454 p.
1129 2376 1233 2435 XVII.
1261 2374 1374 2435 deinde

231 2478 374 2538 notabilis
389 2486 449 2536 est
473 2496 639 2536 consensus
667 2474 795 2534 Suetoni
823 2475 911 2537 Caes.
939 2486 974 2539 52
1005 2484 1036 2535 et
1060 2476 1244 2558 HIeronymi
1272 2476 1372 2537 Cassi·

232 2599 293 2661 qne
314 2579 425 2638 Dionis
444 2580 476 2638 in
496 2577 623 2636 historia
645 2596 734 2656 quam
752 2576 830 2636 falso
858 2576 896 2635 ab
912 2578 959 2637 his
981 2576 1128 2637 traditam
1146 2598 1216 2639 esse
1234 2580 1374 2658 Scaliger

231 2683 262 2742 in
278 2678 591 2740 animadversionibus
612 2688 642 2738 et
662 2680 864 2738 Mommssnns
890 2668 1119 2738 contenderunt.
1152 2692 1277 2742 narrant
1294 2684 1373 2741 enlm

234 2783 277 2842 illi
299 2782 518 2861 (Hieronymus
540 2778 589 2839 Ol.
616 2790 681 2854 183,
701 2791 718 2842 4
735 2780 858 2840 Cassius
881 2789 930 2854 43,
951 2788 998 2853 nt,
1022 2781 1160 2859 tiragm.
1180 2782 1374 2861 214*)Oleo·

233 2896 351 2964 petram
372 2884 457 2961 regio
475 2881 618 2941 comitatu
637 2882 742 2941 urbem
758 2885 885 2942 Romam
904 2884 1070 2960 ingressam
1098 2902 1182 2956 esse,
1209 2887 1240 2944 in
1261 2906 1323 2965 qua
1341 2904 1375 2944 re

233 2990 277 3047 ita
299 3005 416 3046 errasse
436 3005 489 3044 eos
510 2983 616 3043 statuit
632 2984 772 3061 Scaliger
793 2994 827 3043 ut
841 2985 970 3044 Romam
989 2985 1288 3065 confusamputaret
1305 3005 1374 3045 cnm

233 3087 441 3160 Alexandria,
461 3106 552 3166 qnam
566 3086 688 3165 quidem
706 3096 736 3145 et
749 3089 845 3166 ipsam
861 3073 966 3145 orbern
981 3086 1133 3165 adpellari
1149 3087 1231 3146 idem
1250 3087 1373 3147 demon·

233 3192 352 3267 stravit,
381 3191 467 3269 atqui
483 3189 647 3249 Suetonius
668 3189 688 3249 l.
708 3189 827 3249 chace
849 3188 965 3267 prodit:
995 3192 1092 3248 tlilcsclt
1113 3197 1139 3247 ct
1159 3195 1288 3264 rapinas,
1303 3194 1375 3247 inter

212 3273 305 3371 'qnos
335 3296 451 3351 Escnocn
473 3293 606 3349 Mourena
631 3295 757 3366 Bogudis
777 3308 911 3361 uxorem,
937 3296 984 3349 cni
1010 3295 1163 3366 nsoriloqnc
1185 3296 1244 3350 eins
1252 3296 1375 3365 plurima

233 3405 261 3455 ct
274 3400 406 3454 immenso
421 3396 515 3451 tritici!
526 3403 556 3451 nt
572 3396 647 3451 Naso
662 3399 790 3468 scripsit,
808 3396 858 3451 sed
871 3398 993 3451 marim
1009 3397 1193 3467 Cleopatram,
1210 3411 1272 3451 cnm
1280 3414 1335 3468 pac
1351 3400 1378 3451 ct

236 3501 366 3557 connirno
379 3502 408 3554 in
415 3500 539 3570 primam
550 3499 637 3553 liccem
648 3514 732 3571 saepe
742 3500 887 3570 protrusit
895 3504 921 3552 et
934 3498 1030 3554 ecdem
1040 3513 1113 3552 ncnc
1124 3497 1277 3570 tnalcmepo
1286 3513 1379 3569 poene

234 3603 378 3675 Aethiopia
395 3608 473 3657 tenus
486 3602 637 3673 Acppplnm
645 3602 867 3672 penetrauitnisi
877 3603 1017 3656 exercitus
1030 3603 1108 3673 scqrri
1119 3608 1280 3665 recusasset,
1293 3618 1376 3674 paam

234 3705 350 3777 deniqne
363 3704 480 3758 accitam
495 3700 525 3758 in
536 3702 631 3758 arbem
646 3705 756 3759 nonnisi
767 3704 897 3758 maximis
907 3702 1056 3758 honoribus
1064 3705 1251 3775 praemiisque
1266 3710 1376 3758 cncmm

235 3807 340 3863 remisit
349 3806 490 3877 filiamque
503 3811 598 3861 nonam
613 3806 757 3877 appellare
770 3806 886 3893 nomins'
895 3820 945 3860 sno
956 3818 1059 3877 possus
1072 3812 1119 3859 cst.
1149 3820 1240 3881 quem
1252 3801 1376 3881 quidem

235 3905 337 3965 locum
352 3902 479 3963 Suetoni
495 3923 561 3963 cum
578 3904 718 3982 Scaliger
732 3912 763 3963 et
777 3905 981 3964 lllommseuus
1001 3905 1178 3982 ignorarent
1199 3903 1290 3963 fidem
1312 3904 1377 3962 eins

234 4008 279 4068 rei
294 4006 485 4085 Hieronymo
500 4014 532 4065 et
549 4003 655 4065 Cassio
670 4006 764 4065 Dioni
781 4003 985 4084 denegabant.
1016 4007 1118 4085 itaque
1134 4006 1159 4065 si
1175 4005 1229 4064 illa
1242 4005 1377 4064 namatio

238 4129 275 4170 ex
290 4127 391 4167 errore
406 4116 479 4166 nata
490 4109 545 4179 sit,
563 4107 644 4187 qnod
661 4102 803 4188 eqnidcin
816 4128 877 4168 non
893 4107 1000 4182 credo,
1024 4127 1155 4167 errorem
1173 4107 1300 4169 Suetoni
1320 4126 1376 4167 nos

237 4228 405 4289 agnoscere
419 4229 546 4269 necesse
561 4217 618 4270 est.

323 4310 423 4390 Quem
437 4331 511 4371 vero
526 4311 645 4372 titulum
659 4312 729 4371 huic
744 4310 820 4371 libro
836 4312 1002 4373 Suetonius
1025 4292 1186 4384 indiderit,
1209 4312 1240 4370 in
1259 4311 1375 4371 incerto

235 4412 468 4496 relinquendum
487 4432 555 4475 osse
579 4422 665 4496 puto,
688 4434 755 4475 com
773 4415 953 4496 praesertim
966 4433 1025 4475 nec
1048 4411 1208 4475 defiuibus
1229 4413 1294 4472 eius
1312 4430 1376 4472 am·
1460 4412 1464 4419 '
