3194 5004
288 352 349 439 oto
695 372 729 423 rs
742 370 843 413 vrrsrr
860 370 1014 412 sensuris

287 522 390 583 verbis
410 521 554 585 indicari:
585 521 644 581 nisi
662 522 740 583 forte
758 522 789 580 in
810 542 848 580 ea
868 520 965 581 verba
982 519 1141 600 pristinam
1162 521 1207 579 ‘in
1229 519 1423 578 bansbtmnc'

288 626 468 704 scripturam
494 622 608 683 librarii
637 625 834 704 corruperint.
878 625 968 684 Haec
988 631 1089 682 sutem
1111 622 1211 681 omnia
1236 642 1327 705 quam
1349 621 1423 683 miro

209 744 215 760 ·
288 726 448 805 argutandi
469 715 597 785 artilicio
618 727 791 803 excogitata
807 726 882 801 sint,
905 724 964 785 nec
985 745 1167 807 quemquam
1186 724 1284 802 fngiat
1298 724 1351 804 qui
1368 723 1424 782 ali-

287 849 377 910 quem
400 849 522 890 sensum
544 828 746 907 simplicitatis
766 827 895 901 habeat,
919 848 977 889 nec
994 828 1162 887 Henricum
1186 825 1321 885 Keilium
1346 825 1425 903 fugit

287 933 404 1009 Vngeri
436 932 625 991 coniecturas
653 930 813 989 sanissimo
845 927 958 989 iudicio
983 912 1209 1008 impugnantem
1238 929 1269 987 in
1294 927 1424 1008 Ephem.

285 1034 345 1094 litt.
364 1033 490 1093 Halens.
516 1054 543 1093 a.
561 1041 628 1095 1849
643 1020 683 1091 m.
701 1032 790 1093 Mart.
808 1053 839 1111 p.
856 1040 916 1095 sto.
945 1031 1018 1112 Ipse
1040 1040 1142 1091 autem
1157 1030 1278 1091 Keilius
1295 1051 1364 1089 cum
1386 1028 1424 1088 de

285 1135 497 1196 substituendo
526 1137 653 1195 Valerius
680 1135 801 1194 nomine
829 1136 1012 1214 suspicatur,
1043 1133 1099 1194 sed
1127 1134 1297 1213 suspicatur
1320 1132 1422 1192 mode·

285 1239 432 1313 ctissime,
461 1235 565 1296 dubito
594 1257 666 1296 num
692 1236 765 1296 fidei
790 1239 864 1297 satis
892 1238 1068 1297 inventurus
1094 1237 1143 1296 sit.
1195 1237 1347 1317 Scriptum
1378 1244 1424 1295 est

287 1361 360 1401 sane
378 1361 437 1401 uno
455 1339 487 1398 in
503 1338 572 1398 loco
588 1339 670 1398 vitae
687 1338 893 1401 Suetonianae
913 1361 944 1419 p.
960 1348 1042 1410 29,5
1063 1342 1191 1399 Valerius
1209 1359 1263 1417 pro
1285 1342 1424 1398 Vulcatius

285 1444 318 1507 in
339 1441 545 1522 Neapolitano
569 1439 691 1500 codice:
718 1439 774 1500 sed
794 1436 892 1501 altera
912 1462 950 1502 ex
971 1454 1058 1522 parte
1081 1451 1143 1501 tarn
1167 1441 1293 1518 vulgare
1312 1460 1423 1502 nomen

287 1545 377 1626 quale
394 1552 442 1604 est
462 1546 588 1603 Valerius
603 1543 635 1601 in
654 1552 717 1603 tam
736 1542 946 1604 absconditam
968 1546 1106 1619 Vollcpius
1129 1544 1256 1603 formam
1277 1543 1422 1603 transisse

285 1669 346 1708 non
362 1658 409 1708 est
425 1645 535 1705 saltem
551 1643 643 1704 valde
659 1645 757 1704 simile
776 1646 851 1704 veri.
890 1647 932 1704 Et
952 1645 1004 1704 vel
1027 1647 1072 1705 sic
1093 1645 1299 1723 indagandum
1318 1653 1421 1717 restet,

285 1770 346 1830 quo
369 1750 403 1808 in
421 1748 498 1808 libro
518 1745 588 1805 illos
607 1747 774 1812 versiculos
796 1747 939 1807 Valerius
963 1748 1096 1809 Soranus
1119 1748 1211 1828 (hunc
1234 1748 1313 1807 enim
1336 1767 1422 1806 suum

283 1851 406 1911 Keilius
420 1849 577 1910 Valerium
594 1845 825 1930 interpretatur)
849 1851 988 1929 posuisse
1010 1850 1164 1924 videatur,
1188 1852 1274 1909 cuius
1290 1849 1422 1929 aliquam

286 1956 448 2030 ,actonem’
473 1952 567 2013 samse
581 1972 638 2010 nec
652 1953 823 2013 testimonio
842 1973 900 2013 nec
914 1952 1025 2012 indicio
1041 1952 1102 2012 ullo
1119 1961 1246 2011 constet.
1279 1952 1346 2012 Nec
1360 1971 1421 2011 ma-

285 2058 333 2136 gis
353 2054 392 2119 de
414 2051 536 2134 ‘sotr‘rr's’⁴
549 2062 683 2129 constat,
713 2074 788 2135 quas
810 2055 838 2114 ei
861 2075 917 2115 suo
937 2055 1074 2134 periculo
1095 2056 1241 2134 Meyerns
1264 2055 1298 2115 in
1322 2052 1421 2114 Cicer.

282 2160 371 2219 Brut.
386 2166 437 2231 46,
458 2166 508 2221 169
522 2154 630 2215 tribuit
643 2177 674 2236 p.
694 2166 758 2219 145:
785 2177 970 2238 quamquain
987 2156 1144 2219 fatendum
1160 2166 1206 2217 est
1226 2157 1299 2216 item
1316 2156 1356 2215 ad
1372 2176 1421 2216 ca·

285 2259 453 2321 villandum
469 2267 604 2319 veterem
619 2266 740 2336 poetam
757 2252 878 2319 versum
892 2260 991 2335 illum,
1014 2268 1045 2320 et
1060 2259 1270 2320 hexametrum
1287 2257 1421 2343 quidem,

285 2371 426 2442 spectare
449 2380 572 2442 queme
594 2360 737 2420 ‘Valerio'
755 2362 852 2422 Varro
869 2361 1003 2441 prodidit
1024 2360 1063 2421 de
1078 2361 1100 2421 l.
1116 2363 1169 2423 lat.
1187 2374 1228 2440 x,
1249 2369 1297 2425 70:
1324 2354 1423 2420 Accius

283 2468 432 2527 traceam
444 2467 517 2525 cole
530 2464 644 2537 fucere,
659 2467 780 2523 Hectora
794 2467 940 2522 molet-
964 2464 1112 2543 Superest
1126 2473 1160 2525 ut
1176 2484 1243 2523 cnm
1260 2460 1421 2543 Schopeno

286 2566 466 2638 sentiamus,
486 2564 524 2624 de
545 2566 606 2624 illis
621 2585 701 2646 qnae
725 2573 797 2625 sunt
816 2569 968 2624 locotione
988 2567 1063 2625 satis
1084 2575 1115 2626 et
1129 2565 1305 2645 simpliciter
1331 2573 1362 2624 et
1382 2564 1422 2624 ad

284 2666 530 2748 persuadendum
546 2667 682 2748 apposite
698 2666 742 2726 sic
757 2668 968 2727 ratiocinante.
1005 2668 1088 2729 Fieri
1104 2670 1183 2728 enirn
1198 2688 1289 2749 posse
1308 2675 1341 2726 ut
1356 2668 1421 2727 sive
1501 2723 1507 2731 .

285 2770 388 2847 Valgii
402 2772 468 2830 sive
491 2769 568 2829 alius
589 2769 751 2829 cuiuslibet
766 2770 844 2830 liber
865 2768 943 2848 (sive
964 2770 1080 2830 finitius
1103 2771 1269 2830 ‘libellum'
1294 2770 1419 2849 dixeris)

286 2872 421 2931 extiterit
439 2870 539 2931 ‘Aeto’
564 2872 742 2951 inscriptus,
769 2892 829 2952 qno
854 2872 908 2931 ille
930 2882 1068 2933 veterum
1088 2882 1247 2953 poetarum
1268 2873 1349 2932 furta
1369 2872 1419 2939 vel

283 2975 389 3034 nescio
405 2994 480 3055 quas
497 2972 574 3033 alias
592 2972 695 3052 culpas
712 2975 916 3052 exagitaverit
929 2975 986 3035 hac
1002 2975 1100 3035 forma
1113 2996 1201 3051 usus,
1217 2985 1251 3035 nt
1266 2983 1420 3056 tamqnam

284 3083 445 3134 accusator
461 3075 598 3155 prodiret
611 3076 823 3155 actionemque
837 3077 898 3137 reis
912 3076 1100 3137 intenderet:
1129 3098 1288 3139 censuram
1312 3078 1420 3137 saltem

283 3185 442 3257 poetarum
465 3178 558 3237 etiam
572 3175 752 3237 Ciceronem
777 3180 876 3255 egisse
899 3178 998 3239 videri
1024 3181 1054 3239 in
1072 3181 1200 3240 Limone
1221 3182 1357 3260 itemque
1373 3200 1420 3240 re·

284 3279 484 3359 spondentem
509 3280 554 3339 illi
576 3277 629 3358 (⁴tu
648 3277 779 3357 quoquc’)
801 3280 974 3341 Caesarem.
1019 3280 1082 3341 Sed
1107 3283 1277 3364 etiamque
1299 3282 1420 3342 nomine

195 3440 198 3449 ,
282 3382 376 3442 fuerit
391 3380 445 3464 qui
457 3382 551 3441 talem
564 3381 673 3442 librum
690 3382 836 3456 ediderit,
857 3404 917 3443 non
932 3384 997 3443 sine
1012 3383 1227 3463 probabilitate
1243 3405 1259 3444 e
1275 3383 1419 3444 librorum

283 3484 421 3563 vestigiis
442 3486 579 3559 Vallepius
593 3484 786 3564 prodentium
799 3506 890 3566 posse
908 3487 971 3547 erui
986 3486 1116 3546 videtur.
1158 3486 1279 3566 Quippe
1293 3506 1352 3545 uno
1370 3506 1418 3546 eo-

284 3585 414 3665 demque
436 3591 572 3665 tempore
594 3589 730 3663 chellics
750 3588 880 3647 nominis
898 3587 938 3647 ad
957 3587 1012 3649 illa
1028 3590 1159 3667 vestigia
1174 3590 1310 3668 proxime
1330 3607 1417 3647 acce·

285 3687 384 3781 dentis
405 3696 435 3747 et
451 3686 639 3748 Ribbeckius
663 3698 693 3749 et
713 3689 920 3761 Bueclrelerus
940 3689 1176 3751 admonuerunt:
1200 3693 1284 3751 cuius
1307 3711 1417 3750 memo·

283 3791 360 3850 riam
384 3789 430 3848 illi
453 3789 609 3850 Iuvenalis
629 3802 825 3870 suggesserat
845 3791 911 3855 Sat.
939 3805 1019 3867 XIII,
1045 3803 1093 3857 119
1116 3802 1149 3853 et
1175 3806 1251 3867 XVI,
1272 3802 1322 3867 23,
1348 3771 1419 3852 huii

284 3891 405 3952 Seneca
420 3891 526 3953 Natur.
550 3901 667 3973 quaest.
694 3905 744 3967 vl,
760 3904 791 3967 2,
809 3902 836 3957 8.
873 3896 916 3954 Et
934 3916 1045 3955 nomen
1063 3895 1184 3974 quidem
1205 3897 1305 3974 ipsum
1329 3896 1419 3955 etiam

283 3992 402 4074 lapides
419 3994 542 4076 quidam
557 3996 668 4056 Bruttii
689 3994 857 4057 firmantia
873 3997 1054 4057 Mommseni
1069 3998 1094 4072 I.
1108 3999 1146 4059 R.
1162 3996 1201 4057 N.
1228 4009 1259 4061 15
1276 4006 1307 4056 et
1319 4006 1372 4063 ὁδε
1396 3994 1420 4056 'a

206 4101 210 4107 '
284 4116 343 4176 quo
358 4116 420 4155 non
435 4094 536 4156 differt
553 4096 793 4161 VAOELLIVS
810 4100 908 4159 forma
922 4098 996 4159 ibid.
1014 4110 1057 4163 ll.
1077 4100 1301 4159 ‘Declamatorir'
1316 4108 1419 4159 tamea

283 4196 416 4275 Vagellii
435 4197 473 4257 ab
489 4199 637 4260 Iuvenale
659 4203 883 4261 commemorati
896 4223 1006 4262 vereor
1026 4202 1155 4261 utullus
1176 4203 1207 4261 in
1229 4201 1287 4261 hac
1310 4220 1419 4261 caussa

283 4318 355 4359 usus
374 4300 428 4360 sit:
456 4310 562 4361 contra
576 4298 716 4361 Senecae
731 4303 905 4382 Vagellium
925 4313 973 4364 sat
996 4304 1152 4365 commode
1173 4305 1232 4364 linc
1255 4306 1418 4368 convenire

281 4420 406 4479 prorsus
421 4401 576 4467 adsentior
590 4402 792 4465 Buechelcro.
835 4408 914 4469 Sunt
934 4416 1035 4469 autern
1050 4408 1189 4471 Senecae
1209 4409 1304 4470 verba
1323 4411 1417 4473 haec:
