3218 5000
595 466 599 473 η
644 401 687 443 ns
710 401 850 445 usrrsrs
872 403 983 445 asnvu
1323 390 1383 453 231

242 555 377 633 quartus
393 546 571 613 cardinalis
593 564 784 629 caessara,
807 552 864 636 qni
887 558 919 615 et
941 566 1126 630 navemus,
1150 550 1192 616 ab
1215 553 1385 618 occidente

242 651 397 715 interiore
418 650 517 714 flans:
561 652 622 715 iste
644 653 761 715 hiemis
783 652 925 736 rigorem
948 654 1137 737 gratissima
1162 656 1234 719 uice
1256 654 1385 719 relaxat

241 752 403 841 floresque
425 753 586 840 producit.
629 768 792 837 subleva,
824 756 881 839 qui
910 753 1030 820 dicitur
1051 770 1143 838 utra,
1181 778 1222 819 ex
1248 755 1382 844 zephyri

242 857 359 921 dextre
386 856 490 920 latere
511 858 681 920 intonans:
722 854 776 920 hie
797 864 932 940 generat
951 864 1162 942 tempestates
1186 866 1218 920 et
1240 856 1381 944 pluuias,

220 958 323 1023 slacit
343 957 480 1021 nubium
496 957 694 1023 conlisiones
716 968 749 1022 et
765 958 891 1023 sonitus
911 958 1128 1025 tonitruorum
1146 967 1178 1022 et
1194 957 1384 1023 crebescen-

240 1064 321 1124 tium
341 1057 506 1145 fulgurum
525 1059 615 1123 uisus
644 1068 676 1123 et
704 1058 876 1123 fulminum
906 1058 1067 1146 inpulsus.
1118 1075 1244 1140 corve,
1273 1060 1384 1146 quiet

242 1177 436 1245 insusurra,
462 1182 504 1224 ex
532 1162 666 1226 sinistra
688 1168 781 1247 porte
807 1160 930 1224 fauonii
960 1161 1103 1246 spirans:
1153 1183 1191 1226 eo
1220 1161 1320 1226 flante
1350 1163 1383 1225 in

241 1390 289 1436 ton
313 1390 342 1437 et
359 1385 431 1435 Liba
455 1385 605 1435 nouriuant.
648 1385 683 1435 ab
706 1400 808 1434 occasu
833 1385 1032 1449 aequinoctiali
1056 1386 1196 1439 fauonius.
1222 1386 1257 1434 ab
1282 1400 1384 1434 occasu

241 1452 386 1503 solstitiali
404 1469 492 1503 eorus.
528 1453 676 1517 zephyrum
694 1458 723 1502 et
741 1458 877 1518 argestern
896 1461 1005 1502 uocant.
1036 1470 1053 1503 a
1070 1453 1304 1519 septentrionibus
1322 1468 1384 1517 sep·

241 1523 345 1571 teutria
363 1522 490 1585 interque
514 1525 622 1570 sumet
645 1526 768 1570 exortum
791 1520 967 1571 solstitialem
986 1520 1094 1585 aquilo,
1118 1521 1261 1586 aparctias
1285 1525 1314 1571 et
1336 1520 1383 1569 be·

242 1604 304 1639 reas
323 1589 400 1638 dicti.
436 1588 605 1639 numerosior
622 1589 694 1638 ratio
714 1592 842 1652 quattuor
859 1588 902 1638 his
924 1590 1114 1650 interiecerat,
1133 1589 1277 1639 thrascian
1293 1588 1385 1638 media

191 1688 194 1695 ‹
217 1632 355 1722 ’regina
378 1657 450 1705 inter
473 1657 689 1720 septentrionem
712 1660 740 1706 et
762 1671 890 1706 occasum
914 1655 1104 1717 solstitialem,
1128 1658 1248 1721 itemque
1267 1656 1385 1706 caecian

241 1724 333 1775 media
355 1725 429 1773 inter
452 1723 608 1789 aquilonem
633 1728 660 1773 et
683 1729 807 1773 exortum
831 1723 1066 1788 aequinoctialem
1089 1724 1125 1774 ab
1152 1729 1213 1774 ortu
1232 1723 1384 1783 solstitiali,

241 1791 414 1842 Phoenician
433 1792 524 1841 media
542 1791 656 1855 regione
675 1791 747 1841 iuter
764 1796 853 1841 ortum
870 1791 1023 1842 brumalem
1042 1795 1070 1841 et
1088 1792 1242 1852 meridiem,
1261 1791 1328 1840 item
1344 1791 1384 1840 iu·

241 1865 284 1909 ter
295 1859 368 1908 Liba
387 1864 415 1908 et
433 1865 517 1908 notun
536 1859 707 1922 conpositum
727 1874 760 1908 cx
778 1864 893 1923 utroque
912 1859 1031 1908 medium
1049 1860 1122 1909 inter
1139 1859 1280 1909 meridiem
1299 1863 1327 1907 et
1345 1857 1385 1908 hi-

241 1928 353 1977 bernum
378 1927 550 1976 occidentem
578 1925 729 1976 lihonotou.
770 1941 821 1975 nec
845 1926 924 1976 fluia
953 1926 1002 1976 alii
1026 1926 1126 1992 quippe
1149 1942 1245 1977 mesen
1273 1928 1384 1975 nomine

242 1996 392 2045 etiamnum
422 1994 555 2049 addidere
580 1994 653 2043 inter
671 1994 775 2043 borean
793 1999 821 2043 et
840 1994 969 2055 caecian,
989 1998 1018 2043 et
1034 1995 1107 2043 iuter
1125 2009 1220 2044 curum
1237 1998 1385 2057 notumque

242 2067 401 2112 euronoton.
424 2065 511 2116 ¹sunt
539 2062 623 2111 etiarn
653 2061 763 2124 quidam
790 2062 946 2125 peculiares
975 2061 1127 2125 quibusque
1155 2061 1285 2127 gentibus
1307 2060 1386 2110 uenti

241 2146 296 2180 nou
314 2129 387 2179 ultra
406 2132 510 2179 certum
528 2129 710 2194 procedentes
727 2134 862 2188 tractum,
886 2134 916 2177 ut
932 2128 1149 2178 Atheniensibus
1172 2129 1277 2189 sciron,
1302 2127 1385 2192 paule

241 2199 276 2248 ab
296 2201 405 2259 argeste
419 2196 549 2256 deflexae,
569 2197 692 2261 reliquae
706 2195 844 2246 Graeciae
856 2196 976 2261 ignotus.
1002 2195 1108 2245 alicubi
1121 2196 1222 2245 elatior
1234 2196 1307 2245 idem
1319 2209 1384 2244 uen-

241 2270 285 2315 tus
304 2264 448 2329 Olympias
466 2269 589 2314 uocatur.
627 2263 795 2313 consuetudo
814 2264 940 2313 omnibus
957 2263 1001 2313 his
1019 2264 1175 2312 nominibus
1194 2268 1325 2328 argesten
1343 2263 1384 2311 iu·

241 2332 352 2397 tellegi,
378 2337 406 2381 et
429 2332 547 2382 caecian
570 2332 657 2395 aliqui
679 2336 781 2381 uocant
799 2330 1012 2395 Hellespontian
1036 2334 1065 2380 et
1087 2330 1197 2380 eosdem
1221 2330 1270 2381 alii
1294 2330 1384 2380 aliter.

242 2401 314 2450 idem
338 2415 392 2449 non
416 2399 496 2449 modo
517 2399 544 2447 iu
563 2399 677 2462 reliquis
699 2399 825 2462 partibus
849 2398 971 2463 ignotus,
996 2399 1046 2447 scd
1067 2414 1102 2448 ne
1121 2398 1257 2448 Viennam
1276 2397 1385 2462 quidem

242 2467 365 2518 eiusdem
383 2467 544 2531 prouinciae
567 2467 661 2515 urbem
686 2468 839 2531 attingens,
865 2467 963 2530 paucis
987 2473 1051 2516 ante
1076 2465 1186 2515 milibus
1209 2465 1266 2531 iugi
1284 2465 1384 2515 modici

241 2550 356 2585 occursu
375 2540 468 2584 tantus
487 2534 534 2584 ille
553 2539 652 2583 uentus
670 2534 814 2583 coer-eima.
852 2538 881 2583 et
898 2540 1007 2583 austros
1024 2534 1052 2583 in
1065 2534 1219 2598 Aegyptum
1237 2538 1385 2599 penetrare

242 2608 324 2666 negat
342 2602 493 2652 Fabianus.
529 2617 581 2665 quo
597 2602 635 2663 ‚fit
658 2602 809 2651 manifesta
831 2600 875 2650 lox
899 2605 1015 2651 naturae
1042 2602 1133 2651 uentis
1157 2601 1242 2650 etiam
1266 2606 1295 2651 et
1316 2605 1385 2650 tem·

241 2686 307 2735 pore
326 2674 354 2719 et
373 2669 426 2719 fine
445 2668 538 2719 dieto.¹
570 2668 676 2719 Gellius
689 2670 722 2719 N.
736 2668 766 2718 A.
781 2669 809 2718 ΙΙ
826 2668 868 2731 22,
887 2668 903 2718 :3
921 2683 994 2733 sqq:
1015 2669 1093 2719 ‘Tum
1111 2669 1266 2718 Fauorinus
1284 2669 1324 2717 ita
1344 2668 1384 2717 t'a·

241 2737 352 2787 balatus
370 2740 426 2787 est:
450 2736 538 2799 Satis,
561 2736 664 2801 iuquit,
693 2741 787 2786 notum
811 2742 868 2797 est,
896 2736 997 2786 limites
1021 2739 1203 2801 regionesque
1228 2751 1290 2785 esse
1313 2735 1386 2785 caeli
1484 2798 1488 2805 ι

243 2810 372 2870 quatuor:
397 2809 520 2854 exortum
539 2819 668 2853 occasum
686 2805 828 2854 meridiem
847 2805 1057 2869 septentriones.
1094 2810 1205 2854 exortus
1223 2808 1251 2854 et
1269 2818 1386 2853 occasus

242 2872 356 2923 mobilia
378 2879 407 2922 et
429 2872 510 2921 uaria
534 2875 611 2932 sunt,
636 2872 766 2921 meridies
789 2873 1047 2936 septentrionesque
1065 2876 1140 2922 statu
1158 2876 1292 2936 perpetuo
1310 2875 1387 2920 stant

243 2946 271 2990 et
288 2944 409 2990 manent.
434 2940 521 2989 oritur
539 2940 611 2989 enirn
631 2939 672 2988 sol
690 2955 743 2989 non
762 2939 882 2988 indidem
901 2954 1017 3004 semper,
1036 2940 1085 2990 sed
1104 2945 1152 2989 aut
1170 2937 1386 3016 aequinoctialis

241 3007 332 3058 oriens
350 3007 460 3070 dieitur,
479 3022 538 3057 curn
558 3007 586 3056 iu
605 3007 709 3057 circulo
728 3008 823 3069 currit,
842 3009 887 3070 qui
907 3007 1065 3072 appellatur
1082 3002 1247 3073 iquaotvoe
1265 3013 1314 3056 aut
1331 3005 1385 3060 sol·

241 3074 365 3135 stitialia,
386 3080 533 3138 quaesunt
552 3073 679 3138 dressed,
700 3080 749 3125 aut
766 3074 906 3137 brumalis,
927 3088 998 3139 quae
1017 3080 1081 3125 sunt
1099 3070 1385 3140 χιιμεριιιαιτροπαί

241 3143 308 3193 item
326 3142 402 3194 cadit
420 3142 460 3192 sol
483 3158 538 3191 neu
559 3143 588 3191 in
605 3142 722 3191 eundern
746 3157 855 3206 semper
877 3142 976 3192 locum
1013 3142 1044 3191 fit
1061 3144 1134 3193 enirn
1158 3141 1286 3191 similiter
1304 3156 1385 3191 occs-

242 3226 289 3260 sns
311 3211 370 3261 eius
394 3214 442 3260 aut
470 3209 683 3273 aequinoctialis
711 3215 759 3259 sut
786 3208 942 3259 solstitialis
971 3214 1020 3259 ant
1045 3209 1186 3260 brumalis.
1223 3209 1270 3272 qui
1286 3213 1386 3257 uentus

241 3279 326 3342 igitur
349 3278 384 3327 ab
408 3277 514 3327 oriente
542 3292 627 3328 uerno
656 3275 684 3326 id
709 3282 752 3327 est
775 3276 974 3326 aeruinoctiali
1001 3279 1092 3354 uenit,
1120 3277 1278 3328 nominatur
1305 3290 1385 3324 eurus

242 3345 307 3395 ficto
334 3344 484 3404 uocabulo,
514 3349 546 3393 ut
569 3335 648 3394 istri
635 3294 850 3425 irapoiqytacl
849 3345 938 3408 aiunt,
960 3334 1051 3394 ὁιῖκὸ
1074 3342 1125 3410 τῆς
1147 3333 1256 3425 q’orird
1257 3337 1319 3392 ἐ.ων
1360 3343 1385 3391 is

242 3411 298 3462 alio
317 3427 421 3477 qnoque
442 3427 459 3461 a
477 3381 593 3462 'Graecis
608 3412 717 3462 nomine
735 3401 914 3476 οἶφηλιιότης,
932 3383 1064 3461 iiomauis
1083 3412 1203 3461 nauticis
1221 3409 1386 3460 subsolanus

242 3480 461 3546 cognominatur.
503 3479 551 3528 sed
580 3480 625 3543 qui
651 3480 686 3529 ab
710 3481 819 3529 aestiua
842 3484 870 3529 et
893 3479 1036 3528 solstitiali
1063 3479 1178 3528 orientis
1201 3483 1276 3527 meta
1297 3477 1385 3537 uenit,

241 3548 345 3598 Latius
367 3546 460 3611 aquilo
482 3541 549 3610 βορὲ
550 3562 585 3605 ας
603 3546 709 3597 Graece
727 3547 842 3608 dicitur,
869 3562 983 3611 eumque
1004 3550 1134 3612 proptera
1157 3545 1266 3610 quidam
1290 3514 1387 3594 dicuni

243 3616 278 3665 ab
301 3616 421 3665 Homero
449 3608 661 3679 aldeqysvr'rqu
689 3585 873 3680 appellatuin3
902 3614 1014 3663 boream
1042 3619 1134 3664 autem
1161 3616 1259 3680 putant
1281 3611 1386 3661 dictum

330 3779 340 3830 Ι
358 3767 500 3886 zephlirus
510 3761 575 3825 ΑΒ2
589 3766 728 3865 zephilus
742 3763 805 3825 B¹'¹
791 3796 805 3846 ΙΙ
821 3768 921 3826 sanius
934 3765 974 3826 B¹
991 3761 1004 3849 ΙΙ
1019 3762 1243 3844 ἳὶιιιοιὶοιιιΑΙ
1238 3762 1252 3846 ΙΙ
1268 3764 1321 3823 flat
1335 3767 1359 3821 B
1371 3759 1385 3885 ΙΙ
1484 3756 1487 3767 ’

242 3853 386 3935 frigorem
400 3849 439 3910 ΑΙ
483 3848 652 3929 gratissima
670 3852 730 3909 uici
748 3850 921 3927 gratissima
941 3853 1042 3911 uiceB
1057 3846 1070 3931 ΙΙ
1085 3858 1102 3912 3
1065 3847 1175 3931 lquo
1192 3847 1336 3929 produc&
1349 3854 1372 3906 A

240 3936 386 4016 produc&
402 3931 439 3995 A²
483 3936 605 3995 affricus
621 3939 646 3993 A
644 3930 673 4017 ΙΙ
690 3934 783 3994 dicitu
798 3932 835 3992 A¹
851 3930 864 4015 ΙΙ
880 3935 940 3996 libs
955 3939 980 3993 A
989 3915 1114 4015 hp
1061 3930 1114 4011 Β
1129 3956 1165 3995 er
1180 3957 1233 3997 om.
1246 3941 1273 3995 Β
1286 3928 1300 4016 ΙΙ
1316 3954 1386 4012 zep-

241 4021 328 4100 phsri
345 4026 369 4079 A
385 4020 558 4098 ιιιιιριιιιιι
570 4023 593 4076 Β
607 4010 648 4100 ΙΙ
636 4030 653 4081 ι
671 4021 797 4078 intonan
815 4016 850 4077 B
866 4013 879 4101 ΙΙ
896 4040 1046 4097 generans
1062 4024 1089 4078 Β
1110 4015 1269 4102 lpluuiam
1289 4014 1356 4098 A¹l
1342 3954 1387 4100 lpr'r

242 4104 364 4165 &tacu
381 4109 410 4163 Β
429 4100 443 4187 ΙΙ
464 4104 558 4163 ιιιιιιὶῖι
569 4101 607 4163 Β1
630 4099 644 4184 ΙΙ
664 4103 779 4164 sonitus
796 4100 1006 4201 tonitruorum]
1020 4105 1222 4166 sonitruorum
1239 4100 1277 4163 A¹
1293 4098 1306 4184 ΙΙ
1323 4122 1386 4161 ero-

242 4189 323 4249 briso
366 4191 443 4248 cium
458 4191 484 4246 A
498 4183 511 4267 ΙΙ
526 4197 542 4251 6
557 4187 707 4286 fulgorum
730 4181 784 4264 ΒΙΙ
799 4188 882 4247 susos
898 4193 923 4247 A
936 4183 951 4269 ΙΙ
965 4187 1119 4247 fluminum
1136 4186 1188 4268 ΑΙΙ
1205 4189 1375 4255 ιΙιοιιιιΑΙ
1372 4184 1385 4321 ΙΙ

242 4282 258 4337 7
279 4295 313 4333 ar
371 4283 417 4333 tes
443 4277 542 4361 vulpe:
576 4272 703 4350 agrestis
724 4268 790 4330 ΑΒ2
813 4272 928 4349 agresti
943 4268 982 4330 B¹
998 4265 1052 4354 ΙΙ
1028 4281 1129 4332 sinent
1129 4294 1162 4332 ra
1179 4268 1232 4353 ΑΙΙ
1247 4291 1302 4350 pur
1317 4265 1353 4327 A¹
1373 4266 1378 4351 Ι

208 4471 210 4475 ,
243 4405 365 4465 fabonie
381 4410 406 4464 A
420 4364 526 4466 fauoni
543 4401 596 4488 ΒΙΙ
611 4407 749 4484 aspirans
769 4409 793 4465 Β
