3186 4996
238 366 278 430 60
328 376 330 381 ’
615 388 655 429 oa
679 387 765 430 vrars
789 386 999 429 intraremus

236 534 378 600 instituit
397 544 492 622 prout
513 533 630 599 liberet
651 528 793 621 quidque
817 543 848 599 ct
874 533 956 599 nihil
977 535 1010 598 in
1033 534 1178 599 ordinem
1203 533 1370 621 arripiens.

236 648 273 700 ut
302 659 342 700 ne
375 637 451 723 quid
481 639 635 722 impetum
663 646 842 700 moraretur
874 636 1033 722 quaedam
1061 635 1240 722 inperfecta
1268 645 1371 697 trans-

237 740 325 803 misit
358 740 423 825 alia
450 738 623 802 leuissimis
650 737 760 802 uerbis
793 737 895 802 ueluti
929 737 1037 820 fulsit,
1072 758 1156 822 quae
1183 758 1240 822 per
1266 738 1370 800 iocum

236 862 295 926 pro
309 839 508 916 tibicinibus,
520 841 682 926 interponi
705 838 813 903 aiebat
833 838 874 902 ad
897 838 1123 904 sustinendum
1145 861 1225 925 opus
1232 853 1244 919 ,“
1268 837 1371 902 donec

237 940 359 1005 solidae
398 941 567 1005 columnae
607 940 810 1005 aduenirent.
836 924 845 1037 f
860 940 1009 1005 bucolica
1045 942 1184 1018 triennio
1217 940 1392 1025 georgicas

238 1043 302 1106 VII
327 1042 474 1107 Aeneida
503 1042 554 1106 XI
581 1044 719 1129 perfecit
746 1045 850 1107 annis.
876 1041 1041 1107 'bucolica
1068 1064 1105 1106 eo
1132 1064 1284 1107 successu
1302 1041 1371 1123 edi-

197 1202 203 1207 .
238 1127 301 1228 dil,
330 1156 365 1209 ut
386 1147 419 1208 in
444 1148 541 1208 scena
564 1168 690 1231 quoque
722 1168 779 1232 per
806 1154 954 1209 cantores
981 1145 1095 1209 crchro
1124 1145 1369 1232 pronuntiaren-

237 1285 347 1333 sclitum
366 1285 470 1346 ferunt,
498 1300 596 1349 parere
615 1299 644 1334 se
663 1300 757 1334 uersus
776 1301 849 1334 more
873 1289 955 1349 atque
974 1286 1028 1333 ritu
1046 1285 1147 1334 ursino.
1184 1298 1246 1331 nam
1269 1284 1300 1329 ut
1322 1279 1371 1329 ssla

238 1353 329 1402 bestia
356 1352 441 1401 fetum
470 1352 563 1401 ederet
590 1352 773 1418 ineffigiatum
803 1354 1014 1417 informemque,
1043 1350 1187 1401 lambendo
1215 1351 1242 1399 id
1273 1356 1370 1414 postea

239 1420 309 1485 quod
328 1420 367 1468 ita
391 1419 523 1469 edidisset
542 1421 726 1471 conformaret
744 1426 771 1470 ct
790 1420 919 1485 fingeret,
948 1420 1062 1485 proinde
1081 1420 1187 1483 ingenii
1205 1433 1310 1482 quoque
1329 1416 1370 1466 sui

237 1495 333 1553 partus
350 1492 480 1536 recentes·
492 1488 553 1536 rudi
576 1503 637 1538 esse
660 1489 735 1537 facie
760 1493 788 1537 et
805 1489 973 1553 inperfecta,
1001 1487 1049 1537 sed
1073 1488 1204 1551 deinceps
1226 1483 1371 1535 tractando

238 1556 405 1619 colendoque
424 1555 537 1605 reddere
556 1556 591 1605 iis
609 1572 638 1606 sc
662 1558 716 1605 oris
734 1562 763 1605 ct
780 1556 871 1606 uultus
888 1554 1075 1605 liniunrenta.’
1094 1553 1280 1616 Quintilianus
1297 1553 1322 1602 X
1340 1551 1370 1612 3,

237 1623 266 1672 8:
307 1624 468 1687 ‘Vergilium
493 1639 598 1689 quoque
620 1625 801 1689 paucissimos
823 1624 868 1673 die
897 1625 1081 1688 composuisse
1099 1638 1194 1673 uersus
1213 1627 1309 1671 arrctor
1329 1625 1372 1668 est

237 1689 355 1740 Varius?
387 1690 422 1743 cf.
441 1692 625 1755 Hieronymus
643 1708 737 1741 conrrn.
763 1693 790 1740 in
809 1691 971 1741 Zachariam
990 1692 1029 1740 111
1053 1690 1084 1740 11
1102 1696 1166 1740 tom.
1188 1690 1223 1738 VI
1240 1705 1304 1754 pag.
1321 1686 1370 1736 881

237 1759 307 1808 Vall.
327 1775 421 1808 cotnra.
442 1759 469 1807 in
489 1776 531 1823 ep.
552 1760 586 1809 ad
605 1759 721 1810 Galatas
739 1760 780 1809 111
798 1758 814 1808 5
832 1764 896 1808 tom.
916 1759 968 1808 Vll
987 1775 1050 1824 pag.
1069 1757 1119 1807 485
1136 1757 1208 1806 Vall.

320 1825 394 1891 fi'sq.
431 1826 541 1876 Servius
565 1827 616 1877 ecl.
640 1828 679 1877 VI
703 1826 748 1876 ll:
785 1827 907 1876 ‘Dicitur
935 1833 1026 1876 autem
1055 1825 1158 1890 (ecloga
1184 1824 1241 1887 VI)
1265 1823 1372 1888 ingenti

236 1895 333 1944 fauore
353 1910 369 1943 a
388 1895 504 1959 Virgilio
523 1911 583 1944 esse
601 1897 734 1956 recitata;
754 1895 823 1944 adeo
842 1900 881 1957 ut,
900 1910 960 1944 cum
979 1911 1039 1944 eam
1057 1900 1155 1959 postea
1173 1891 1299 1956 Cytheris
1316 1907 1371 1941 ms·

323 2042 334 2092 l
358 2032 487 2089 instituit
513 2040 546 2088 ut
568 2032 690 2112 quidam
717 2032 850 2091 tradunt.
892 2032 944 2091 alii
970 2032 1033 2090 eius
1059 2031 1230 2090 sententiae
1253 2037 1322 2087 sunt
1339 2036 1373 2086 ut

238 2117 426 2188 existiment,
440 2137 507 2175 eum
522 2118 548 2175 si
567 2116 677 2176 diutim
694 2118 821 2177 uixisset
845 2128 974 2198 quatuor
994 2126 1025 2175 et
1040 2117 1147 2193 uiginti
1166 2114 1260 2174 libros
1276 2132 1371 2192 usque

237 2201 276 2260 ad
287 2201 418 2278 Augusti
432 2210 568 2279 tempora
583 2203 762 2281 scripturum
775 2212 865 2283 atque
881 2202 943 2261 alia
957 2201 1105 2281 quaedam
1123 2200 1218 2278 (immo
1236 2196 1371 2279 quidem)

236 2306 464 2367 percussurum,
507 2287 636 2365 Augusti
666 2307 738 2346 uero
765 2298 853 2364 gesta
883 2287 1113 2363 diligentissime
1144 2291 1370 2346 exsecuturum:

236 2372 350 2451 quippe
371 2373 423 2449 qui
446 2371 515 2429 dum
533 2371 679 2441 scriberet
699 2392 737 2431 ne
759 2372 831 2451 quid
848 2392 866 2441 ς
877 2368 891 2444 ,¹1
907 2372 1059 2449 accipiens
1076 2374 1102 2429 a
1123 2365 1139 2452 ss
1158 2369 1373 2535 t'impcrfecta

239 2456 308 2533 ΒςἨ
325 2453 505 2541 transmisit]
528 2457 650 2536 reliquit
667 2478 684 2526 ς
698 2452 710 2535 ll
726 2467 743 2519 3
757 2453 873 2535 uerbis]
895 2455 1033 2515 uersibus
1053 2451 1096 2537 ςΙι
1112 2474 1187 2536 quos
1204 2475 1221 2523 ς
1274 2453 1372 2514 stibi·

236 2542 353 2600 ciuibus
371 2546 490 2614 scripsi:
507 2541 661 2600 tibialibus
677 2545 732 2600 BR
747 2541 852 2618 tigillis
866 2541 915 2599 uel
932 2540 1105 2599 tibicinibus
1119 2561 1137 2609 ς
1149 2536 1196 2619 Ηέι
1208 2559 1241 2597 se
1253 2537 1373 2598 dicebat

238 2649 255 2696 ς
268 2622 281 2707 Η
296 2638 312 2688 5
327 2624 466 2683 bucolica
483 2626 611 2684 triennio
626 2627 726 2701 Asinii
737 2626 885 2684 Pollionis
906 2646 996 2693 suasu
1003 2627 1150 2707 perfecit.
1172 2625 1221 2683 hic
1233 2632 1371 2701 transpa·
1432 2630 1435 2637 ’

237 2711 346 2770 danem
359 2710 543 2788 prouinciam
558 2710 701 2788 regebat3
718 2712 801 2769 cuius
813 2708 918 2769 fauore
932 2732 998 2769 cunr
1011 2710 1164 2769 ueteranis
1175 2709 1305 2786 Augusti
1319 2708 1372 2766 mi·

236 2795 338 2854 litibus
352 2794 600 2854 Cremonensium
619 2805 650 2854 et
669 2797 902 2854 Mantuanorum
924 2797 990 2872 agri
1012 2795 1276 2866 distribuerentur,
1302 2813 1372 2851 suos

237 2880 381 2957 Virgilius
408 2901 468 2938 non
489 2881 596 2938 amisit.
633 2881 715 2938 facta
741 2882 821 2939 cuim
844 2879 1054 2939 distributione
1075 2900 1144 2938 siros
1169 2878 1297 2938 Claudio
1319 2898 1372 2935 seu

235 2965 309 3024 Ario
326 2964 413 3023 datos
431 2966 632 3042 recuperauit.
662 2964 742 3023 hunc
764 2965 932 3027 Pollionem
954 2967 1082 3025 maxime
1106 2965 1218 3023 amatrit
1242 2965 1328 3023 Maro
1344 2972 1374 3021 et

236 3050 365 3108 dilectus
378 3049 416 3107 ab
433 3070 468 3108 eo
481 3070 590 3126 magna
601 3070 726 3109 munera
739 3051 823 3127 tulit:
841 3053 952 3129 quippe
968 3047 1020 3131 qui
1037 3050 1181 3108 inuitatus
1193 3048 1231 3107 ad
1248 3051 1373 3108 coen'am

236 3143 343 3213 captus
364 3132 588 3212 pulchritudine
608 3144 639 3193 ct
658 3135 816 3212 diligentia
839 3135 1005 3194 Alexandri
1026 3133 1173 3194 Pollionis
1195 3134 1280 3212 pueri
1306 3152 1373 3191 eum

198 3288 202 3296 ‚
237 3219 315 3278 dono
328 3219 457 3297 accepit.
478 3220 564 3277 huius
581 3219 728 3279 Pollionis
748 3221 841 3279 filium
858 3220 893 3279 O.
905 3222 1042 3278 Asinium
1052 3218 1095 3295 (et
1112 3223 1190 3277 addit
1207 3219 1373 3287 Fabricius)

237 3303 410 3372 Cornelium
425 3304 549 3363 ‘Gallum
565 3314 714 3364 oratorem
726 3306 838 3364 clarum
852 3314 883 3364 et
893 3314 1013 3382 poetam
1029 3325 1089 3362 non
1106 3303 1286 3362 mediocrem
1299 3302 1373 3360 rniro

236 3410 338 3447 amore
351 3388 458 3448 dilexit
472 3389 628 3465 Virgilius.
657 3391 681 3448 is
702 3390 855 3449 transtulit
871 3390 1096 3467 Euphorionem
1114 3391 1144 3447 in
1155 3389 1281 3455 latinum
1294 3396 1325 3445 et
1338 3386 1373 3444 li·

235 3475 296 3533 bris
319 3483 447 3553 quatuor
465 3493 583 3532 amores
602 3474 639 3533 de
656 3474 823 3553 Cytheride
842 3474 971 3550 scripsit..
1003 3474 1051 3531 hic
1072 3475 1168 3552 primo
1189 3475 1219 3531 in
1242 3472 1375 3531 amicitia

236 3560 378 3619 Caesaris
394 3560 524 3636 Augusti
545 3560 619 3618 fuit:
646 3574 753 3638 postea
770 3560 800 3617 in
819 3558 1020 3637 suspicionem
1040 3558 1253 3616 coniurationis
1270 3565 1374 3615 contra

235 3645 319 3703 illum
338 3644 445 3703 ductus
466 3646 584 3703 occisus
602 3654 658 3703 est.
675 3664 780 3703 uerum
795 3665 891 3725 usque
907 3643 985 3702 adeo
1000 3644 1080 3702 hunc
1097 3643 1217 3703 Gallum
1229 3642 1374 3719 Virgilius

236 3738 352 3788 amarat
366 3738 399 3787 ut
413 3739 538 3810 quartus
551 3730 760 3806 georgicorum
776 3729 904 3788 emedio
917 3749 1013 3808 usque
1024 3727 1063 3787 ad
1074 3728 1163 3786 finem
1176 3729 1240 3786 eius
1253 3726 1375 3786 laudem
1451 3760 1456 3773 .

236 3815 420 3873 contineret:
437 3835 527 3892 quem
541 3824 648 3894 postea
663 3813 785 3873 iubente
798 3815 938 3891 Augusto
954 3815 984 3872 iu
1000 3814 1135 3871 Aristaei
1151 3811 1284 3870 fabulam
1295 3832 1374 3869 corn-

235 3899 370 3959 mutauit.
381 3901 525 3977 georgica
536 3899 694 3977 septennio
707 3898 853 3977 Neapoli,
870 3898 1010 3956 Aeneida
1021 3898 1130 3977 partim
1141 3898 1172 3955 in
1187 3896 1293 3954 Sicilia
1307 3898 1374 3973 p'ar·

236 3983 288 4040 tim
305 3983 335 4040 in
345 3982 511 4062 Campania
522 3985 571 4042 XI
584 3986 670 4043 annis
682 3984 817 4042 confecit
832 4005 849 4053 ς
862 3979 875 4064 Η
889 3991 904 4044 7
918 4004 1041 4042 scenam
1054 3986 1081 4039 B
1094 3975 1108 4062 ll
1125 3980 1231 4039 crebra
1242 4000 1373 4059 pronun·

234 4068 361 4126 tistione
384 4071 593 4127 recitarentur.
623 4078 654 4127 at
674 4088 741 4126 cnm
764 4069 872 4127 Cicero
894 4068 1041 4147 quosdam
1062 4086 1169 4125 uersus
1186 4063 1321 4123 audisset
1345 4076 1375 4123 et

236 4154 339 4210 statim
353 4155 416 4212 acri
436 4153 549 4212 iudicio
563 4154 764 4212 intellexisset
775 4175 835 4211 uon
852 4154 1001 4211 communi
1016 4171 1095 4209 uena
1108 4150 1223 4215 edit-os,
1237 4151 1324 4209 iussit
1336 4149 1373 4208 ab

236 4238 320 4295 initio
338 4247 430 4296 totam
450 4239 588 4314 eclogam
603 4239 735 4297 recitari.
764 4259 855 4318 quarn
877 4258 944 4295 cum
961 4245 1103 4296 accurate
1120 4244 1327 4314 pernotasset,
1345 4236 1374 4293 in

235 4322 295 4379 fine
315 4318 370 4379 ait':
399 4326 409 4354 ‘
418 4342 545 4400 magnae
563 4344 632 4402 spes
649 4323 746 4381 altera
765 4325 915 4393 Romae',
933 4323 1020 4401 quasi
1037 4322 1101 4398 ipse
1116 4322 1238 4397 liuguae
1260 4319 1374 4379 latinae

236 4427 306 4485 spes
323 4407 420 4484 prima
438 4408 560 4481 fuisset,
584 4416 614 4465 et
638 4409 723 4467 hlaro
742 4408 860 4467 futurus
884 4415 966 4466 essct
990 4405 1139 4466 secunda:
1177 4425 1254 4486 quae
1281 4405 1376 4465 uerba
