3218 5000
628 405 671 445 na
693 405 833 446 naevius
858 404 967 446 nuncu
1302 389 1366 453 223

314 551 506 617 Tonitruum
530 552 655 617 sonitus
682 552 808 617 tardius
833 559 983 651 penetrat
1010 572 1105 617 aures
1133 572 1229 637 quam
1256 537 1478 615 oculoslld*

230 653 383 741 splendor
404 653 546 738 fulguris
576 654 618 719 ad
643 656 749 719 instar
772 653 894 719 securis
915 652 1065 717 arborem
1092 651 1206 740 procul
1231 653 1367 718 caeden-

229 757 287 838 tis,
309 755 550 842 uniusquidem
571 764 646 821 ante
664 757 770 821 cernis
788 756 889 823 ictum
906 776 1002 842 quam
1024 754 1066 818 ad
1080 776 1176 819 aures
1198 757 1369 842 perueniat
1449 834 1452 841 Ι

230 863 361 923 sonitus.
391 857 525 922 nubium
541 857 663 922 adtritu
681 874 838 921 svumsl
854 857 1079 935 nascuntur;†
1093 878 1268 944 numquam
1281 858 1365 921 enim

206 982 344 1025 asereno
362 959 454 1025 caelo
476 957 608 1047 fulgura
626 961 823 1037 micuerunt,
841 958 928 1024 unde
951 966 984 1023 ct
1001 957 1178 1045 Virgilius:
1211 978 1214 985 ·

381 1084 445 1126 non
468 1060 549 1126 alias
573 1061 663 1126 caelo
684 1061 873 1127 ceciderunt
894 1058 989 1147 plura
1006 1082 1120 1126 sereno

381 1162 522 1248 fulgura.

229 1265 266 1329 fit
287 1265 373 1329 enim
401 1265 524 1329 fulmen
544 1264 631 1329 nube
651 1264 756 1330 imbre
778 1273 810 1329 et
832 1272 946 1347 uento;
986 1284 1061 1327 nam
1087 1284 1161 1328 cum
1190 1275 1307 1328 uentus
1334 1268 1366 1329 in

228 1367 370 1432 nubibus
385 1366 595 1431 uehementer
613 1367 756 1453 agitatus
779 1375 846 1449 est,
868 1366 915 1429 sic
928 1364 1096 1429 incalescit
1108 1374 1144 1429 ut
1159 1365 1365 1449 accendatur,

194 1469 347 1532 wdehine
368 1467 500 1554 fulgura
522 1478 554 1533 et
575 1469 720 1535 tonitrua
741 1465 836 1530 simul
860 1466 1102 1554 exprimuntur3
1133 1465 1191 1531 sed
1213 1466 1293 1531 illud
1316 1490 1367 1533 ce·

228 1569 328 1634 lerius
350 1570 495 1652 uidetur,
521 1571 598 1657 quia
617 1568 740 1634 clarum
763 1578 827 1652 est,
850 1568 911 1633 boc
933 1578 1039 1633 autem
1061 1569 1102 1632 ad
1123 1591 1220 1634 aures
1240 1571 1366 1635 tardius

227 1673 385 1758 peruenit.
412 1681 486 1758 post
500 1671 646 1736 fulminis
661 1680 770 1735 autem
781 1672 883 1736 ictum
897 1681 1068 1736 uentorum
1080 1671 1100 1750 †
1113 1694 1281 1758 erumpere
1299 1673 1365 1738 uio·

314 1824 383 1881 ill*
401 1828 522 1878 Isidorus
540 1828 573 1878 de
592 1834 693 1878 natura
711 1837 800 1877 rerum
818 1828 907 1877 XXX:
936 1827 991 1877 ‘De
1010 1827 1178 1879 fulminibus.
1213 1828 1299 1877 diunt
1317 1844 1364 1878 na-

227 1897 356 1948 turalimn
375 1901 543 1947 scrutatores
562 1911 707 1947 ostrearum
725 1896 796 1960 quod
815 1912 847 1945 ex
861 1896 1014 1945 conlisione
1027 1896 1115 1961 adque
1134 1896 1238 1945 adtritu
1255 1896 1366 1946 nubium

227 1965 338 2031 fulgura
361 1970 529 2030 generentur
552 1965 586 2013 ad
609 1965 698 2014 instar
719 1964 826 2013 silicum
845 1964 995 2025 duriorum,
1027 1979 1093 2028 quos
1117 1978 1178 2012 curn
1196 1964 1366 2029 conpulseris

228 2032 308 2096 (immo
319 2032 497 2099 conploaeris)
508 2034 626 2082 inuicem
636 2033 699 2094 sibi,
710 2032 814 2081 medius
825 2048 858 2080 cx
866 2031 910 2080 his
919 2033 992 2097 ignis
1004 2031 1124 2080 elabitur
1135 2031 1179 2079 nel
1192 2033 1364 2096 quemadmo-

227 2102 289 2150 dum
302 2104 325 2151 si
337 2101 440 2167 lignum
449 2099 525 2165 ligno
538 2107 621 2163 toras,
635 2102 726 2165 iguem
740 2099 850 2161 emittit,
862 2100 933 2149 unde
948 2106 975 2148 et
984 2100 1128 2164 Papinlum
1139 2101 1203 2148 audi
1213 2099 1365 2151 dicentem:

390 2169 553 2234 fulguraque
573 2169 682 2218 adtritis
701 2168 827 2233 quotiens
847 2168 966 2216 micuere
985 2167 1123 2232 procellis.

227 2237 279 2287 hac
298 2238 392 2302 itaque
411 2238 518 2286 ratione
538 2252 598 2286 cum
616 2236 712 2286 nubila
730 2236 850 2285 inuicem
867 2237 896 2284 iu
915 2250 944 2285 se
956 2232 1071 2284 'fuerint
1090 2235 1208 2291 conlisa,
1229 2235 1293 2285 ilico
1311 2235 1363 2285 ful-

226 2305 300 2355 mina
319 2306 486 2355 emittuntur.
522 2304 621 2353 dehine
644 2309 774 2355 secuntur
792 2304 925 2365 tonitrua,
951 2303 1107 2368 quaelicet
1129 2304 1220 2353 sonitu
1243 2304 1365 2353 tardiora

227 2375 283 2422 sint
300 2373 479 2437 praecedenti
498 2373 624 2423 concussi
641 2372 751 2421 luminis
774 2367 904 2421 claritate
928 2372 1033 2436 pariter
1054 2376 1147 2420 tamen
1172 2386 1232 2420 cum
1256 2371 1364 2436 fulgure

228 2442 400 2491 emittuntur:
437 2440 485 2490 sed
510 2456 600 2489 eorum
623 2441 756 2495 sonitus
779 2439 913 2489 tardius
1011 2439 1196 2504 perueniat
1219 2440 1362 2488 sonitus.

228 2525 293 2574 ergo
316 2510 452 2559 nubium
476 2508 608 2557 adtritu
707 2507 832 2556 dehine
854 2513 885 2555 ut
907 2507 1077 2572 praedictum
1096 2513 1138 2561 est
1157 2506 1362 2572 fulgura...

227 2578 361 2627 ferrum.
403 2577 430 2625 in
455 2575 615 2626 fulminibus
639 2580 730 2625 autem
757 2580 914 2625 sanctorum
943 2576 1117 2639 accipiuntur
1143 2575 1278 2624 miracula
1306 2576 1362 2625 cla-

226 2645 308 2693 ritate
331 2647 471 2711 signorum
494 2660 527 2693 ae
550 2645 680 2693 uirtutum
703 2643 837 2693 micantia
861 2644 948 2707 adque
973 2644 1008 2692 ad
1029 2643 1128 2693 intimo
1154 2643 1245 2693 cordis
1267 2660 1365 2708 perue-

226 2714 341 2763 uiontia.
362 2711 531 2762 sublimia
545 2718 656 2762 tamen
670 2709 797 2773 loca’e.
813 2728 837 2775 q.
851 2727 871 2759 s.
886 2711 1008 2761 isidorus
1021 2712 1108 2777 origg.
1121 2713 1190 2761 XlIl
1202 2710 1264 2777 8sq.
1302 2713 1363 2762 Ori-

226 2792 311 2845 genes
322 2780 415 2831 homil.
429 2781 455 2829 in
467 2781 565 2830 Ierem.
579 2782 690 2846 interpr.
705 2780 863 2844 Hieronym.
877 2781 892 2827 5
904 2784 968 2828 tom.
983 2780 1006 2828 V
1018 2795 1082 2844 pag.
1095 2778 1158 2828 tua:
1179 2780 1270 2829 ‘aiunt
1283 2786 1363 2830 natu-

226 2847 323 2897 ralium
335 2863 479 2898 cerasorum
488 2853 665 2910 scrutatores,
680 2849 743 2913 quia
754 2847 864 2912 fulgura
876 2863 909 2896 ex
920 2847 1031 2897 nubium
1043 2847 1186 2897 collisione
1197 2855 1364 2911 generentur

226 2917 254 2966 in
266 2932 368 2967 morem
380 2917 487 2967 silicum
500 2917 651 2977 duriorum,
671 2931 737 2982 quos
751 2931 811 2965 cum
824 2914 1002 2981 comploseris
1015 2916 1069 2964 sibi
1081 2916 1185 2965 medius
1203 2932 1236 2964 ex
1248 2916 1292 2965 his
1306 2918 1363 2966 ela·

226 2985 300 3036 bitur
312 2985 396 3049 ignis:
412 2989 493 3049 atquo
507 2985 547 3033 ita
561 2998 622 3033 eum
634 2983 742 3049 fulgure
755 2984 859 3048 pariter
871 2990 899 3033 et
911 2984 1033 3033 tonitrua
1045 2984 1164 3048 mugire,
1177 2986 1297 3034 tonitruo
1310 2986 1362 3034 sci·

225 3052 292 3103 lieet
309 3055 426 3102 sonitum
445 3053 585 3102 indicante
604 3067 752 3103 concussus
770 3057 798 3101 et
816 3051 923 3117 fulgure
943 3053 1051 3101 excussi
1069 3052 1179 3101 luminis
1197 3052 1362 3102 claritatem.

225 3121 337 3171 Servius
350 3121 443 3171 Aenl
460 3121 507 3169 42:
530 3122 553 3169 Ε
565 3118 691 3185 nubibus]
711 3120 867 3169 ‘secundum
885 3120 1028 3183 physicos,
1047 3121 1093 3184 qui
1105 3121 1202 3169 dicunt
1218 3120 1363 3171 collisione

224 3188 337 3237 nubium
349 3189 452 3238 fulmen
465 3187 573 3237 creari!
588 3189 699 3237 Servius
706 3189 772 3237 Aen.
787 3188 852 3237 VIII
865 3186 928 3237 429:
944 3188 1027 3236 ‘Beue
1041 3189 1070 3236 in
1082 3190 1226 3237 materiam
1240 3188 1363 3241 fulminis

223 3258 309 3305 uertit
322 3272 356 3306 ea
368 3272 402 3305 ex
414 3256 512 3321 quibus
525 3256 629 3305 fulmen
642 3257 779 3317 nascItur,
798 3256 897 3305 nubem
909 3255 1023 3304 imbrem
1034 3261 1154 3305 uentum.
1177 3271 1240 3305 unm
1253 3262 1283 3305 ut
1294 3256 1361 3322 phy·

224 3325 276 3374 sici
290 3325 400 3387 uolunt,
420 3340 479 3374 cum
492 3324 578 3374 nubes
591 3326 681 3373 uentis
695 3325 819 3389 agitatae
832 3332 904 3385 suut,
923 3325 964 3373 sic
977 3323 1152 3373 incalescunt
1164 3330 1194 3373 ut
1207 3325 1363 3376 accendan-

225 3390 487 3453 tur.'—-,Lucretius
500 3392 538 3441 VI
553 3390 600 3441 luo
612 3408 685 3457 sqq.:

375 3460 459 3525 fulgit
475 3462 556 3521 item,
576 3461 662 3509 nubes
675 3460 747 3525 ignis
760 3476 821 3510 cum
834 3461 940 3510 semina
952 3459 1038 3509 mults

377 3543 522 3579 excussere
535 3543 584 3577 suo
597 3544 744 3591 concursu3
759 3545 809 3579 ceu
821 3528 943 3593 lapidem
956 3530 980 3577 si

375 3598 513 3661 percutiat
524 3595 595 3661 lapis
609 3601 656 3645 aut
668 3597 782 3646 forrum:
800 3612 863 3646 nam
877 3601 932 3645 tum
946 3612 1050 3661 quoqne
1069 3595 1160 3646 lumcu

376 3664 456 3714 exilit
469 3668 496 3713 ot
508 3664 601 3713 claras
613 3664 750 3715 scintillas
763 3664 880 3730 dissipat
893 3666 973 3730 ignis.

375 3731 422 3781 sed
435 3732 565 3781 tonitrum
583 3731 614 3780 fit
626 3733 665 3781 uti
677 3738 740 3797 post
757 3733 867 3781 auribus
880 3733 1058 3799 accipiamus,

376 3800 481 3865 fulgere
496 3816 576 3865 quam
589 3805 705 3850 cernant
717 3800 798 3861 oculi,
818 3801 882 3866 quia
895 3817 1002 3867 senrpcr
1015 3802 1048 3850 ad
1062 3802 1136 3851 auris

374 3867 481 3918 tardius
494 3868 644 3918 adueniunt
657 3884 737 3933 quam
750 3868 837 3917 uisum
851 3885 922 3934 quae
935 3874 1065 3919 moueant
1076 3884 1129 3919 res.

222 3966 425 3977 ...α-..-

310 4024 321 4073 l
339 4031 428 4070 aures
443 4029 496 4068 om.
513 4003 549 4066 Α1
566 4002 579 4088 ΙΙ
596 4007 692 4067 oculis
713 4001 811 4087 [421Ιῖ
834 4007 961 4084 fulgoris
977 4011 1031 4067 AB
1045 4004 1058 4091 ΙΙ
1074 4007 1178 4068 adstar
1196 4011 1224 4067 B
1239 4003 1284 4092 [14
1303 4011 1360 4070 ful-

222 4097 300 4154 mine
320 4101 345 4155 Α
366 4090 379 4178 [Ι
401 4108 417 4159 5
432 4094 552 4171 fulgora
571 4091 636 4152 AB²
651 4088 665 4175 ΙΙ
679 4092 1030 4172 numquam—fulguru]
1045 4099 1232 4155 sententiaeb
1251 4099 1363 4156 Isidoro

221 4158 381 4241 breviatorc
394 4189 534 4253 corrupto
549 4178 561 4260 Η
585 4182 669 4254 Vero.
681 4198 777 4254 peorp.
793 4181 812 4236 1
826 4184 886 4237 487
899 4175 912 4257 Η
928 4186 944 4239 7
961 4179 1080 4256 fulgora
1096 4176 1177 4262 ΑΒΗ
1192 4190 1210 4244 8
1225 4201 1262 4241 cx
1281 4182 1362 4240 nubo

222 4266 256 4325 a
269 4262 282 4345 ΙΙ
303 4276 320 4330 9
335 4276 382 4326 est
402 4286 456 4325 om.
473 4261 510 4323 21¹
531 4260 545 4346 ll
570 4277 601 4327 10
616 4265 737 4343 fulgora
755 4269 808 4323 ΑΒ
822 4259 836 4347 ΙΙ
851 4274 1083 4345 θιιριιοιιιοιιιιιι
1099 4263 1136 4324 ΑΙ
1152 4287 1165 4343 ,ι
1183 4280 1212 4330 11
1229 4287 1290 4348 qua
1305 4272 1330 4324 Α
1347 4264 1352 4348 l

223 4359 256 4413 12
273 4353 404 4411 fulrninis
420 4357 445 4409 Α
460 4347 473 4432 ΙΙ
488 4351 601 4410 hictum
619 4347 655 4408 Β1
673 4350 761 4430 lapsu
775 4352 849 4413 flatu
864 4348 900 4409 11¹
916 4351 1004 4431 lapsu
1016 4353 1089 4411 flatu
1103 4353 1164 4413 ictu
1181 4350 1218 4411 Α2
1233 4349 1247 4435 ΙΙ
1263 4373 1346 4414 erum

221 4436 266 4515 pit
284 4436 432 4495 uiolentia
447 4440 485 4493 ol.
