3202 4998
677 1380 862 1460 CAI'VT
896 1381 963 1461 III

336 1600 436 1674 Pergo
456 1599 486 1657 in
498 1599 686 1657 restituenda
699 1598 904 1660 Suetonianae
923 1601 1098 1661 eruditionis
1113 1604 1258 1661 memoria
1273 1603 1312 1661 ad
1328 1614 1389 1664 tres

240 1684 321 1757 'illos
337 1700 444 1770 iibros,
466 1721 539 1779 qnos
555 1706 589 1759 de
610 1706 723 1775 rapitur
741 1701 837 1773 dedit,
855 1703 940 1761 errius
957 1705 1056 1782 operis
1069 1705 1205 1763 notitiam
1221 1706 1278 1763 soli
1292 1707 1387 1766 Auso·

251 1802 301 1858 nio
316 1800 473 1873 debemus,
487 1804 578 1883 quiin
591 1805 721 1881 epistula
734 1804 862 1862 XVIIII
877 1806 985 1863 Pontio
998 1805 1128 1864 Paulino
1140 1806 1216 1865 haee
1231 1809 1387 1867 rescribit:

250 1905 292 1959 liis
307 1907 384 1977 loupe
398 1908 623 1962 iaeurutissinmm
638 1924 738 1979 poema
753 1908 929 1973 subdideras¹
947 1910 1021 1982 quod
1034 1912 1067 1964 de
1082 1912 1168 1965 tribus
1184 1912 1298 1967 Suetoui
1312 1914 1388 1970 libris

250 2022 319 2078 piros
334 2009 378 2061 ille
396 2009 430 2063 do
444 2009 552 2080 repilms
570 2009 642 2063 dedit
664 2012 690 2065 iu
706 2012 838 2080 epitomen
853 2013 964 2083 coepisti
983 2018 1057 2066 tauta
1081 2013 1228 2083 slepands,
1261 2015 1336 2069 solus
1359 2022 1388 2070 ut

250 2109 316 2162 atila
328 2110 442 2166 uideore
455 2118 611 2181 assecutas,
627 2112 700 2182 quod
713 2118 810 2166 eontra
825 2128 920 2168 rerum
935 2120 1065 2168 uotiuum
1084 2122 1137 2183 est,
1159 2114 1280 2170 breuiter
1297 2122 1327 2171 ut
1340 2117 1387 2171 ob-

250 2225 335 2265 seura
351 2229 405 2266 nou
421 2219 498 2267 esset.
515 2214 542 2267 ia
558 2213 600 2266 bis
618 2213 744 2266 uersibus
759 2228 807 2285 epo
823 2216 874 2268 istu
889 2217 1018 2286 eopuoui:

337 2314 534 2386 Europamque
549 2316 696 2384 Asiamque
711 2315 764 2368 duo
778 2316 823 2369 uel
837 2318 961 2370 inaximo
978 2324 1071 2370 terrae

334 2416 470 2483 membru,
486 2416 583 2487 quilms
598 2415 709 2487 Libyam
726 2416 804 2470 drebie
819 2416 966 2472 Sallustius
982 2419 1059 2472 addit

335 2519 470 2590 Ertropae
485 2519 657 2585 adiunctum,
669 2520 758 2588 possit
773 2534 835 2572 eum
852 2522 930 2573 tertia
947 2521 1014 2590 diei,

335 2628 465 2692 rependas
481 2621 585 2688 nraltiS,
604 2635 671 2691 quos
684 2620 764 2691 fama
779 2620 914 2675 oblitterat
927 2628 952 2675 et
967 2638 1034 2694 quos

334 2723 456 2777 barbaro
472 2721 616 2776 Romanae
629 2739 684 2777 nou
700 2723 813 2777 traduat
827 2724 937 2777 uomina
954 2724 1077 2794 lirrpuue:

334 2825 480 2880 Illibanum
497 2823 697 2895 Numidamque
712 2825 818 2877 Auelim
836 2823 1023 2895 Portluuaque
1045 2826 1182 2880 Vononem

334 2932 359 2981 et
374 2926 515 2982 Caranum
529 2925 642 2980 Pellaea
659 2926 732 2980 dedit
745 2928 793 2998 qui
807 2928 916 2979 nomiae
933 2942 1045 2997 reprom,

332 3030 431 3100 pirique
447 3043 541 3098 rriirpos
556 3027 646 3082 doeuit
660 3029 791 3097 mysteria
808 3043 883 3080 teatio
899 3026 1076 3098 Neebepsus,

333 3131 422 3200 etqui
435 3131 561 3201 reprimat
574 3131 633 3183 siae
647 3131 755 3183 nonriuo
770 3144 836 3182 mou
851 3128 1000 3183 Sesoostris
1018 3126 1140 3205 (fragm.
1158 3128 1231 3205 177).

248 3250 328 3309 quae
343 3230 460 3287 Ausoni
476 3227 571 3286 verba
582 3228 745 3306 perscripsi
761 3228 888 3305 primum
906 3235 940 3284 ut
955 3248 992 3285 ea
1010 3229 1119 3287 mendo
1133 3229 1259 3287 liberem
1273 3228 1385 3287 deinde

248 3331 328 3411 qnod
358 3331 498 3389 versibus
526 3332 591 3389 eius
619 3341 724 3409 aperte
752 3331 850 3406 imago
877 3329 1058 3388 Suetoniani
1082 3332 1151 3389 libri
1180 3329 1384 3389 adumbratur.

247 3454 367 3514 prorsus
384 3434 475 3509 igitur
496 3432 633 3510 intellegi
649 3440 804 3512 nequeunt
822 3451 900 3511 quae
918 3429 956 3489 de
975 3432 1096 3509 incepto
1114 3433 1237 3491 Paulini
1250 3434 1281 3490 in
1300 3432 1386 3490 libris

246 3537 365 3595 Ausoni
382 3535 557 3612 vulgantur.
588 3537 747 3593 nonenim
767 3534 819 3591 ilIe
842 3532 880 3590 de
897 3532 992 3593 tribus
1014 3532 1141 3593 Saetoui
1157 3535 1241 3594 libris
1265 3554 1386 3593 carmen

247 3639 278 3695 in
294 3639 446 3717 epitomen
465 3646 621 3713 coegerat:
639 3639 726 3695 immo
742 3637 894 3715 epitomen
910 3634 948 3693 de
966 3636 1009 3693 eis
1028 3637 1161 3695 earmioe
1180 3637 1286 3713 coegit.
1304 3636 1385 3717 quod

246 3750 280 3798 ut
306 3738 419 3797 dixerit
437 3739 593 3797 Ausonius
609 3738 773 3798 lenissimis
796 3737 1060 3796 emendationibus
1083 3737 1228 3797 adhibitis
1251 3738 1384 3796 efficies:

240 3860 343 3917 poema
365 3844 530 3898 subdideras
549 3861 601 3915 quo
617 3844 650 3897 de
666 3844 751 3898 tribus
770 3842 883 3897 Suetoai
900 3842 977 3896 libris
991 3856 1061 3914 ortos
1079 3844 1123 3897 ille
1137 3844 1171 3897 de
1188 3843 1297 3915 regibus
1315 3843 1407 3898 dedit'

246 3948 379 4017 epitomen
402 3948 512 4017 coepisti
533 3962 558 4001 e.
586 3964 616 4021 q.
637 3964 661 4001 s.
696 3944 754 4000 iarn
778 3940 918 4000 versibus
938 3942 1070 4014 AusooI,
1095 3941 1205 4021 quibus
1228 3939 1258 3998 id
1286 3943 1386 4018 egisse

245 4044 368 4103 videtur
397 4053 430 4102 ut
456 4045 586 4103 amioum
613 4045 782 4103 aemulatus
811 4044 956 4101 maiorem
987 4062 1020 4101 se
1047 4043 1208 4103 brevitatis
1237 4044 1386 4101 artificem

246 4145 437 4218 ostenderet,
463 4166 515 4204 cur
531 4145 695 4205 Suetonius
717 4154 927 4224 argumentum
948 4145 1098 4223 tripertito
1116 4144 1305 4203 distribuerit
1318 4145 1385 4222 pla·

245 4249 370 4308 nissime
395 4257 589 4307 monstratur.
625 4269 734 4327 nempe
758 4270 824 4307 oum
848 4250 879 4307 in
896 4247 1088 4326 praefatione
1108 4245 1146 4305 de
1167 4245 1265 4304 tribus
1287 4255 1387 4305 terrae
1418 4324 1421 4331 1

245 4350 387 4409 membris
410 4348 596 4428 disputasset
620 4352 717 4429 ipsum
739 4349 848 4410 librum
864 4350 895 4408 in
919 4358 980 4408 tres
995 4358 1098 4428 partes
1119 4348 1224 4407 divisit
1242 4349 1387 4427 Europae

246 4453 341 4513 ‘baiae
361 4448 480 4535 Libyae
498 4472 587 4529 reges
610 4453 773 4531 separatim
790 4470 981 4510 enumerans.
1010 4451 1130 4530 Libyae
1145 4458 1246 4509 autem
1259 4449 1387 4528 Aegyp·
