3200 4992
235 392 294 458 156
741 416 872 459 canava

232 563 312 628 dera
340 570 512 626 mouentur
547 572 580 627 ct
608 560 756 627 homines
788 584 809 627 a
841 562 1109 648 nauigationibus
1143 563 1372 630 excluduntur.
1463 570 1466 574 ’

231 680 324 729 lvsr1
346 665 491 729 continui
512 665 678 749 triginta..
701 680 919 730 Peenameus
948 664 1067 751 quibus
1089 666 1140 729 fas
1168 674 1219 730 ost
1246 667 1373 733 hostem

230 766 317 832 bello
340 766 514 832 lacessere.
552 781 817 831 tarasconenses
840 782 921 831 ulus
945 776 1021 832 suut
1041 769 1184 856 quinque
1202 771 1258 857 qui
1279 769 1373 836 iaxta

230 996 335 1058 potest:
361 990 558 1056 conperendini
577 991 674 1056 quibus
692 990 877 1041 uadimonium
894 991 963 1042 licet
985 991 1091 1042 dicere:
1115 993 1183 1041 stati
1207 994 1253 1057 qui
1276 994 1372 1044 iudicii

231 1076 316 1110 causa
340 1075 400 1109 cum
423 1059 569 1124 peregrino
593 1060 786 1115 instituuntur,
819 1064 850 1108 ut
872 1059 987 1109 Plautus
1012 1061 1040 1109 in
1063 1058 1241 1110 Curculione:
1277 1061 1373 1113 Status

232 1129 373 1178 condictus
397 1142 457 1176 cum
480 1125 559 1189 hoste
576 1126 737 1176 intercessit
754 1127 823 1176 dies.
858 1126 966 1176 hostem
987 1143 1059 1177 nunc
1083 1142 1155 1177 more
1173 1134 1268 1177 uetere
1286 1131 1373 1195 signi·

230 1196 297 1245 licat
314 1196 497 1261 peregrinum.
533 1193 686 1258 praeliares
705 1195 739 1243 ab
759 1193 837 1243 iustis
855 1210 908 1244 nou
921 1195 1136 1259 segregauerim,
1155 1195 1288 1259 siquidem
1306 1197 1373 1247 iusti

231 1271 295 1313 sunt
313 1263 436 1312 continui
455 1262 571 1325 triginta
590 1262 649 1310 dies
669 1262 766 1326 quibus
785 1263 919 1311 exercitui
938 1264 1070 1327 imperato
1088 1263 1220 1312 uexillum
1239 1265 1309 1313 russi
1328 1282 1372 1314 co·

230 1332 297 1381 loris
321 1332 349 1379 in
373 1346 437 1379 aree
461 1330 579 1393 positum
604 1335 659 1389 est,
683 1330 836 1394 praeliares
861 1335 951 1379 autem
975 1347 1069 1379 omncs
1091 1331 1189 1395 quibus
1208 1331 1372 1381 sesostres

230 1405 356 1465 repetere
375 1398 420 1446 uel
437 1396 542 1446 hostem
561 1396 709 1446 lacessere.
740 1412 803 1446 nam
823 1411 883 1446 curn
895 1398 1003 1459 Latiar,
1021 1397 1072 1447 hoe
1092 1404 1133 1448 cst
1145 1399 1308 1448 Latinarum
1320 1400 1373 1449 sol-

230 1468 329 1525 lemne,
351 1466 512 1529 concipitur,
532 1466 598 1513 item
617 1464 714 1513 diebus
727 1464 953 1526 saturnaliorum,
974 1464 1020 1515 sed
1041 1473 1068 1515 et
1081 1481 1143 1515 cum
1155 1466 1272 1516 blundus
1284 1473 1372 1532 patet,

231 1535 311 1583 nefas
331 1540 372 1582 est
390 1532 524 1597 praelium
543 1547 663 1584 sumere:
687 1533 751 1596 qnia
774 1547 826 1581 uec
845 1533 1007 1583 Latinarum
1026 1540 1161 1599 tempore,
1185 1549 1237 1598 quo
1260 1534 1372 1598 publice

231 1603 366 1667 quondam
386 1600 515 1649 induciae
539 1601 612 1649 inter
635 1599 763 1665 populum
783 1601 934 1649 Romanum
957 1601 1127 1666 Latinosque
1151 1600 1276 1651 firmatae
1299 1608 1372 1664 sunt,

230 1669 355 1719 inchoari
373 1667 474 1716 bellum
493 1667 620 1730 decebat,
640 1684 692 1716 nec
705 1667 817 1717 Saturni
829 1669 911 1727 sesto,
931 1669 1049 1732 quisine
1066 1668 1123 1718 ullo
1135 1669 1252 1718 tumultu
1269 1669 1372 1719 bellico

230 1737 350 1786 creditur
368 1736 528 1799 imperasse,
548 1751 601 1785 nec
618 1741 732 1800 patente
750 1736 861 1797 Mundo,
881 1736 949 1799 quod
968 1751 1075 1785 sacrum
1093 1737 1153 1786 Diti
1171 1738 1243 1801 patri
1262 1742 1290 1786 et
1307 1739 1371 1787 Pro-

229 1805 359 1869 serpinae
369 1804 490 1853 dicatum
502 1808 557 1863 est,
577 1803 729 1867 meliusque
740 1803 852 1853 occlusa
866 1803 990 1853 Plutonis
1002 1804 1080 1853 larice
1092 1805 1208 1853 eundum
1222 1804 1257 1853 ad
1266 1805 1373 1869 proclia

228 1876 405 1938 putauerunt,
425 1871 496 1919 unde
511 1877 538 1919 et
550 1872 636 1919 Varro
649 1872 689 1919 ita
702 1872 811 1920 scribit:
824 1871 942 1921 Mundus
956 1887 1015 1920 cum
1028 1876 1114 1936 patet,
1129 1873 1240 1922 deorum
1253 1873 1372 1922 tristium

230 1946 312 2005 atque
337 1938 454 1988 interum
478 1940 557 2002 qnasi
582 1939 666 1988 ianua
688 1944 779 2003 patet:
804 1946 951 2004 propterea
974 1955 1027 1988 non
1050 1938 1129 1989 modo
1147 1940 1282 2003 praelium
1301 1956 1372 1990 eom·
1440 1938 1460 1947 “’

228 2008 310 2067 mitti,
331 2022 425 2055 uerum
445 2007 528 2055 etiam
547 2006 678 2056 dilectum
696 2008 736 2056 rei
755 2007 885 2056 militaris
903 2022 988 2057 causa
1005 2006 1108 2056 hahere
1127 2023 1160 2056 ac
1178 2008 1293 2058 militem
1311 2024 1371 2073 pro-

229 2076 328 2137 ticisci,
347 2089 446 2123 nauem
465 2075 586 2134 soluere,
601 2089 710 2124 uxorem
728 2074 844 2123 liberum
863 2074 1078 2139 quaerendorum
1097 2090 1182 2124 causa
1201 2074 1309 2136 ducere,
1331 2092 1371 2124 re-

228 2143 355 2207 ligiosum
375 2148 425 2191 cst.
461 2142 590 2191 nitebant
607 2148 716 2191 ueteres
736 2142 771 2191 ad
786 2143 859 2193 uiros
877 2143 1015 2191 necandos
1034 2143 1118 2191 etiam
1137 2143 1261 2207 diesqui
1280 2148 1373 2193 essent

229 2211 319 2260 notati
338 2210 419 2259 rebus
438 2209 574 2259 aduersis:
605 2210 733 2259 uitabant
756 2210 840 2259 ctiam
859 2210 960 2269 leriae,
988 2210 1060 2259 sieut
1084 2210 1169 2259 Varro
1188 2210 1215 2259 in
1239 2226 1371 2275 augurum

229 2278 306 2327 libris
325 2278 422 2327 scribit
439 2278 468 2325 iu
485 2277 556 2327 haee
575 2278 674 2326 uerba:
694 2277 773 2326 Viros
793 2293 894 2327 uocare
909 2278 985 2327 seriis
999 2292 1052 2326 non
1065 2283 1187 2342 oportet:
1207 2278 1230 2329 si
1248 2279 1369 2341 uocauit,

229 2346 368 2410 piaculum
394 2351 462 2395 esto.
499 2345 640 2395 sciendum
659 2346 812 2394 esttamen
832 2345 953 2409 eligendi
977 2345 1011 2394 ad
1033 2346 1209 2410 pugnandum
1227 2346 1300 2395 diem
1318 2346 1370 2395 Ro-

229 2414 318 2463 manis
336 2420 401 2462 tunc
419 2413 505 2463 fuisse
524 2412 675 2473 licentiam,
695 2413 719 2462 si
737 2413 790 2477 ipsi
802 2413 938 2462 inferrent
950 2412 1064 2462 bellum:
1086 2418 1114 2462 at
1127 2428 1188 2461 cum
1201 2414 1369 2478 exciperent,

229 2481 332 2530 nullum
350 2480 492 2530 obstitisse
512 2481 598 2543 diem,
624 2495 676 2544 quo
699 2480 787 2529 minus
809 2480 855 2529 uel
873 2480 990 2529 salutem
1009 2496 1086 2529 suam
1105 2480 1149 2530 uel
1167 2480 1306 2545 publicam
1324 2481 1370 2530 de·

230 2549 375 2598 tenderent
397 2548 570 2611 dignitatem.
607 2548 666 2611 quis
692 2548 763 2601 eninr
781 2548 967 2597 obseruationi
986 2548 1078 2607 locus,
1104 2563 1165 2597 eum
1189 2547 1310 2613 eligendi
1328 2550 1371 2598 fa-

229 2617 319 2666 cultas
337 2631 391 2664 ncn
410 2613 548 2679 supersit?
576 2614 634 2664 dics
654 2604 745 2663 autem
764 2615 956 2679 postriduanos
981 2615 1015 2664 ad
1038 2616 1129 2665 omnia
1148 2616 1265 2666 maiores
1284 2618 1372 2666 nostri

229 2683 369 2733 canendos
387 2687 526 2747 putarunt,
547 2698 614 2746 quos
633 2683 718 2731 ctiam
737 2687 812 2731 utros
825 2683 901 2733 uelut
919 2683 1042 2732 inlausta
1058 2683 1243 2748 appellatione
1258 2683 1370 2733 damua-

228 2755 304 2800 runt:
324 2750 435 2799 eosdem
453 2755 546 2799 tamen
565 2749 687 2798 nonnulli
702 2766 857 2800 communes
870 2751 947 2800 uelut
966 2750 1000 2799 ad
1014 2751 1234 2800 emendationem
1252 2752 1370 2801 nominis

229 2819 435 2868 uocitauerunt:
465 2818 559 2867 horum
584 2832 695 2866 causam
715 2816 821 2868 Gellius
840 2818 979 2866 armalium
1001 2817 1071 2867 libro
1096 2819 1191 2881 quinto
1215 2819 1321 2868 decimo
1342 2824 1371 2869 et

229 2886 342 2935 Cassius
358 2885 479 2934 Hemina
496 2884 671 2934 historiarum
689 2884 759 2934 libro
778 2885 897 2941 secundo
916 2886 1047 2935 referunt.
1079 2901 1150 2935 anno
1167 2885 1202 2934 ab
1220 2886 1287 2936 urbe
1306 2902 1370 2935 con·

228 2952 287 3003 dita
304 2953 501 3002 trecentesimo
519 2953 690 3017 sexagesimo
714 2955 796 3002 tertio
821 2969 838 3002 a
854 2953 971 3002 tribunis
990 2952 1106 3002 militum
1125 2953 1246 3016 Vergilio
1264 2954 1370 3004 Manlio

227 3020 346 3069 Aemilio
360 3020 502 3069 Postumio
515 3020 684 3084 collegisque
698 3036 790 3070 eorum
808 3022 837 3069 in
856 3026 953 3070 senatu
965 3025 1116 3070 tractatum
1129 3021 1193 3086 quid
1204 3026 1278 3070 esset
1290 3038 1369 3088 prop-

228 3094 271 3138 ter
295 3086 365 3152 quod
384 3088 467 3137 toties
486 3089 559 3136 intra
582 3102 683 3152 paucos
707 3104 794 3138 annos
813 3087 883 3137 male
903 3093 978 3138 esset
996 3088 1104 3137 afflicta
1125 3089 1311 3152 respublica:
1331 3095 1370 3153 ‚et

228 3172 261 3205 ex
284 3161 434 3220 praecepto
452 3160 561 3219 patrum
577 3156 610 3204 L.
625 3154 770 3219 Aquinium
782 3156 955 3219 haruspicem
974 3155 1001 3203 in
1015 3164 1141 3205 senatum
1152 3156 1248 3206 uenire
1266 3158 1370 3207 iussum

228 3223 391 3287 religionum
409 3222 635 3287 requirendorum
648 3224 739 3287 gratia
757 3224 872 3272 dixisse:
893 3224 925 3284 Q.
940 3223 1091 3287 Sulpicium
1103 3224 1241 3273 tribunum
1254 3226 1370 3275 militum
1452 3250 1459 3261 ·

229 3290 265 3339 ad
284 3290 385 3340 Alliam
405 3290 537 3340 aduersus
555 3290 650 3340 Gallos
674 3298 857 3355 pugnaturum
881 3306 937 3340 rein
961 3291 1083 3339 diuinam
1106 3291 1255 3341 dimicandi
1279 3293 1370 3357 gratia

229 3358 328 3407 fecisse
353 3358 485 3422 postridie
508 3358 574 3407 Idus
593 3359 834 3419 Quintilea,.item
859 3358 931 3422 apud
956 3357 1111 3408 Cremeram
1135 3359 1280 3424 multisque
1305 3360 1369 3410 aliis

228 3426 398 3490 temporlbua
417 3432 444 3475 et
462 3425 532 3475 locis
550 3432 613 3491 post
630 3426 799 3475 sacrificium
820 3426 864 3474 dic
886 3431 997 3490 postero
1021 3426 1190 3476 celebratum
1214 3427 1285 3477 malo
1310 3445 1368 3478 ces·

203 3493 298 3564 ‘sisse
323 3494 487 3546 conflictum.
524 3499 590 3543 tune
613 3499 708 3558 patres
733 3495 845 3543 iussisse
869 3498 899 3541 ut
922 3493 956 3542 ad
981 3493 1128 3558 collegium
1151 3494 1311 3559 pontificum
1335 3496 1368 3545 de

227 3560 270 3609 his
289 3561 468 3625 religionibus
487 3561 636 3610 referretur
654 3560 852 3626 pontificesque
865 3562 995 3611 statuisse
1007 3561 1141 3626 postridie
1161 3578 1254 3612 omnes
1266 3563 1369 3612 Kalen-

228 3628 277 3678 das
296 3629 389 3679 Nonas
408 3629 472 3679 Idus
491 3635 566 3679 atros
584 3629 643 3678 dies
661 3627 811 3687 habendos,
830 3634 861 3677 ut
878 3629 907 3677 hi
925 3629 984 3679 dies
1003 3645 1091 3693 neque
1109 3630 1262 3693 praeliares
1279 3646 1369 3696 neque

227 3696 288 3760 puri
306 3713 394 3760 neque
413 3696 569 3746 comitiales
589 3701 688 3745 essent.
724 3696 774 3749 sed
792 3703 820 3746 et
838 3696 942 3746 Fabius
960 3696 1095 3745 Maximus
1115 3697 1284 3749 Seruilianus
1302 3716 1369 3764 pcn-

226 3764 295 3813 tifex
315 3765 343 3813 in
361 3764 432 3814 libro
451 3764 504 3813 Xll
522 3770 609 3828 negat
626 3768 751 3828 oportere
771 3771 831 3814 atro
850 3763 894 3812 die
913 3769 1076 3828 parentare:
1095 3764 1160 3828 quia
1177 3770 1243 3814 tunc
1262 3782 1368 3831 quoque

225 3831 323 3883 Ianum
341 3832 489 3895 Iouemque
507 3831 630 3897 praefari
648 3846 763 3881 necesse
783 3838 832 3891 est,
852 3847 920 3895 quos
932 3832 1073 3880 nominare
1086 3836 1147 3880 atro
1165 3831 1277 3882 dienen
1290 3850 1368 3899 opor·

226 3902 276 3948 tet.
313 3899 467 3948 antediem
487 3914 593 3964 quoque
612 3904 738 3964 quartum
758 3934 838 3949 .....
858 3898 976 3949 Sextiles
1000 3898 1070 3959 (aunt
1091 3899 1170 3948 aerbo
1189 3900 1265 3959 Gelli,
1289 3919 1310 3951 a.
1331 3905 1367 3951 in·

225 4015 429 4025 *-

313 4091 324 4142 l
337 4091 484 4141 uocantur
495 4080 538 4140 M¹
551 4090 709 4141 manantur
719 4078 766 4141 M²
781 4078 794 4166 ll
809 4082 1051 4143 nauicationibus
1063 4079 1103 4140 B¹
1116 4083 1368 4160 nauigacionibus

225 4163 261 4225 Α1
277 4161 292 4249 ΙΙ
307 4167 509 4226 excluduntur
528 4169 632 4246 quinto
653 4166 779 4245 decimo,
791 4168 840 4227 dic
857 4168 895 4227 de
917 4167 1058 4226 Ianuario
1074 4177 1105 4227 et
1126 4167 1231 4248 quinto
1249 4168 1367 4229 decimo

225 4251 274 4310 die
290 4251 329 4311 de
346 4251 514 4311 Februario
527 4256 564 4310 al.
588 4246 601 4334 ll
616 4263 632 4312 2
648 4252 696 4311 isti
715 4255 827 4311 ABGM
845 4248 860 4335 ll
882 4254 1005 4329 triginta
1016 4260 1087 4312 sunt
1102 4254 1160 4311 AM
1174 4246 1187 4333 ll
1202 4254 1367 4331 proeliares

225 4339 277 4394 BG
291 4336 454 4414 proeliales
473 4338 507 4393 M
516 4329 530 4416 ll
545 4337 714 4414 praeliares
726 4337 792 4396 dies
808 4346 878 4396 sunt
894 4342 919 4397 Α
934 4333 948 4419 ΙΙ
962 4338 992 4395 in
1009 4336 1119 4417 quibus
1139 4340 1201 4396 ΒΜ
1212 4333 1225 4421 Η
1242 4340 1289 4399 fas
1306 4341 1339 4397 M
1353 4336 1365 4422 ll

224 4430 242 4483 3
256 4421 287 4478 in
303 4420 384 4479 bello
398 4423 485 4479 BGM
497 4416 510 4502 ll
525 4421 675 4480 laciseere
693 4418 760 4481 13¹0
772 4423 874 4481 lacere
885 4418 921 4480 ΑΙ
938 4423 1092 4481 lacescere
1104 4418 1143 4481 Α2
