3202 4998
257 374 319 437 400
590 392 814 442 ovansuuonss
840 392 1066 435 svaronrsnsn
1092 422 1098 443 ,

255 548 297 609 ris
312 546 423 606 aetatis
438 539 569 604 adhunc
583 563 691 624 purum
704 542 819 603 iontem
835 564 895 603 non
908 543 1039 605 rediisse
1057 544 1113 604 sed
1130 544 1287 622 vulgatam
1301 545 1396 604 vitam

255 651 333 709 mira
353 646 494 708 socordia
515 665 710 726 propagasse.
745 654 837 724 atque
860 644 937 706 adeo
968 648 1079 704 nostris
1102 628 1302 723 temporibus,
1331 648 1397 725 qni-

256 750 312 811 bus
326 749 456 809 Rothins
476 750 506 809 iu
528 747 662 807 editione
679 747 809 807 Suetoni
822 746 1041 806 Teubneriona
1054 766 1083 825 p.
1100 755 1152 811 296
1171 748 1333 806 veritatem
1351 749 1397 807 in·

257 851 385 924 dicavit,
407 848 520 909 accidit
530 858 563 908 nt
578 847 613 909 0.
633 847 670 909 G.
683 848 847 921 Milllerus,
865 869 933 906 cum
946 849 979 907 in
991 859 1209 927 programmate
1222 848 1397 929 Rndolplro·

255 952 375 1034 polensi
396 971 423 1012 a.
448 959 515 1016 1847
544 970 650 1011 veram
671 951 765 1009 vitam
789 968 828 1008 ex
848 948 971 1023 codice,
1000 971 1060 1030 quo
1082 950 1196 1009 Daniel
1220 970 1293 1009 usus
1322 959 1397 1022 erat,

257 1055 377 1127 ederet,
395 1051 524 1112 eandem
540 1072 574 1112 se
590 1051 662 1112 dare
677 1059 812 1130 putaret,
835 1070 914 1133 quae
931 1053 962 1111 in
978 1052 1145 1112 Burmanni
1160 1052 1296 1129 Vergilio
1313 1052 1397 1131 lege·

257 1165 348 1219 retur.

342 1258 430 1318 Talis
454 1257 722 1336 vituperationes
745 1255 827 1316 cadit
852 1257 883 1315 in
905 1256 1004 1315 vnum
1026 1276 1095 1316 mea
1121 1254 1214 1315 laude
1242 1256 1398 1327 maiorum,

257 1364 281 1423 Ι.
297 1363 348 1422 Fr.
371 1359 574 1430 Gronovium,
598 1359 650 1436 qui
670 1358 703 1417 in
721 1360 801 1417 notis
823 1357 862 1417 ad
884 1359 976 1416 vitam
993 1377 1012 1416 a
1030 1357 1204 1417 Burmanno
1223 1358 1314 1417 editis
1331 1356 1400 1416 vnl-

258 1472 331 1542 gato
349 1461 490 1539 exemplo
507 1466 609 1538 spreto
619 1460 816 1519 Danielinam
832 1461 926 1518 vitam
941 1467 1104 1539 tantopere
1117 1458 1281 1518 admiratus
1297 1460 1350 1532 sit,
1367 1450 1401 1518 ut

258 1564 437 1626 Suetonium
453 1562 521 1621 eins
546 1569 699 1620 auctorem
716 1560 873 1640 adpellare
893 1582 955 1620 non
971 1561 1162 1620 dubitaverit.
1196 1580 1275 1640 quae
1293 1560 1402 1620 summi

257 1667 317 1726 riri
330 1663 462 1744 suspicio
480 1681 536 1722 nos
551 1670 655 1721 monet
675 1670 708 1720 ut
728 1662 930 1742 inquiramus,
952 1683 1024 1722 num
1046 1670 1131 1721 recte
1146 1664 1302 1722 Donatum
1316 1664 1401 1722 vitae

259 1769 439 1847 scriptorem
458 1762 557 1823 adhuc
577 1764 849 1823 nominaverimus:
879 1773 986 1843 postca
1004 1773 1124 1844 tempas
1148 1766 1205 1824 erit
1226 1764 1401 1843 interpolati

259 1868 393 1947 exempli
413 1866 545 1943 origines
562 1864 734 1925 inlustrare.
755 1886 774 1924 a
789 1865 874 1925 libris
891 1868 982 1944 igitur
996 1866 1113 1926 nullum
1125 1865 1190 1925 fere
1207 1875 1321 1925 certum
1337 1867 1400 1947 peti

258 1978 360 2051 potest
372 1974 596 2046 argumentum,
611 1968 642 2025 in
656 1986 781 2047 quorum
796 1967 952 2049 plerisque
965 1969 1047 2027 vitae
1060 1967 1240 2048 simpliciter
1254 1968 1400 2028 inscriba-

258 2082 306 2135 tur
326 2072 439 2147 Virgilii
452 2073 522 2128 uita.
550 2069 582 2128 in
598 2086 657 2126 uno
673 2077 775 2128 tamen
782 2069 933 2129 Vaticano
954 2069 1059 2129 codice
1075 2070 1168 2152 'thilo
1180 2089 1213 2130 se
1228 2072 1401 2149 repperisse

260 2174 335 2236 dicit
360 2175 392 2232 V.
409 2192 438 2230 a.
458 2173 605 2230 alienato
622 2174 708 2231 edita.
744 2171 794 2230 cui
809 2170 1001 2249 inscriptioni
1017 2171 1109 2231 fidem
1130 2171 1204 2230 iacit
1226 2172 1330 2249 glossa
1344 2172 1400 2231 Isi·

260 2276 326 2336 dori
341 2295 359 2333 a
374 2272 529 2333 Scriverio
547 2270 627 2350 apud
639 2272 847 2331 Burmannum
861 2271 975 2331 anthol.
993 2272 1046 2331 lat.
1062 2274 1077 2331 I
1092 2292 1121 2351 p.
1140 2281 1191 2337 369
1212 2272 1251 2332 ad
1274 2272 1401 2333 eandem

260 2375 467 2459 quaestionem
483 2372 662 2433 solvendam
677 2373 814 2453 prolata:
842 2360 1009 2432 lenociniis.
1029 2376 1177 2433 Donatus:
1188 2378 1404 2447 pronunciabat

261 2488 355 2539 antem
380 2470 445 2537 caa'r
470 2480 614 2535 suauitate
640 2495 704 2537 cion
731 2475 834 2555 (immo
862 2472 934 2552 tarn)
962 2480 1105 2535 lenociniis
1132 2480 1219 2534 miris.
1261 2476 1403 2553 leguntur

260 2583 340 2642 enim
356 2579 434 2639 haec
452 2579 484 2638 iu
503 2578 569 2637 vita
593 2575 700 2637 eadem
713 2577 791 2637 adeo
806 2577 978 2656 corruptela
997 2577 1128 2656 insignia
1143 2598 1170 2656 p.
1185 2586 1234 2651 61,
1252 2586 1322 2659 tsq.
1346 2577 1403 2638 scd

261 2684 354 2745 etiam
373 2699 454 2740 nunc
473 2678 645 2758 ambiguum
662 2686 723 2755 est,
742 2678 1205 2761 quemtnouatumintellegere
1228 2679 1404 2755 debeamus,

261 2804 328 2845 cnm
342 2783 400 2844 duo
415 2782 605 2858 grammatici
619 2780 706 2840 nobis
720 2783 784 2840 noti
802 2782 877 2856 sint,
895 2779 1003 2861 quibus
1019 2781 1077 2841 hoc
1088 2800 1197 2840 nomen
1214 2782 1315 2841 fuerit.
1327 2802 1404 2843 unns

262 2894 309 2946 est
321 2882 671 2944 celeberrimnsTerenti
682 2883 848 2962 interpres,
862 2904 952 2963 quem
960 2883 1168 2962 Hieronymus
1180 2891 1214 2942 ut
1227 2884 1403 2962 magistrum

262 2996 349 3048 suum
372 2983 579 3063 praedicavit:
610 2983 743 3044 eundem
762 2984 880 3046 scholia
903 2986 933 3044 iu
955 2984 1075 3063 Vergili
1095 2983 1235 3044 bucolica
1260 2994 1290 3043 et
1315 3005 1404 3063 geor-

260 3089 333 3167 gica
359 3085 518 3165 scripsisse
547 3105 563 3145 e
588 3086 695 3148 Seruio
719 3084 871 3147 discimus.
909 3086 1035 3146 alterius
1064 3093 1150 3145 extat
1173 3088 1405 3148 commentarius

261 3187 420 3251 Aeneidos
447 3185 486 3245 ab
514 3187 595 3246 omni
619 3188 765 3268 antiquae
793 3188 970 3250 eruditionis
996 3189 1141 3249 memoria
1167 3190 1403 3267 remotissimus,

262 3292 346 3351 cuius
368 3289 492 3368 plenum
515 3309 624 3348 nomen
646 3288 698 3347 Τίζ
709 3289 855 3350 Claudius
872 3292 1012 3350 Donatus
1032 3289 1097 3349 suit
1127 3290 1209 3349 hunc
1230 3309 1303 3350 vero
1321 3292 1405 3352 vitae

261 3389 442 3473 scriptorem
466 3409 535 3451 esse
555 3392 631 3451 satis
651 3391 727 3450 mira
741 3393 897 3451 sententia
912 3391 970 3450 luit
992 3388 1107 3468 Georgi
1123 3391 1262 3464 Fabrici,
1284 3394 1350 3473 qui,
1372 3402 1406 3452 nt

261 3515 318 3554 nec
336 3492 443 3552 titulus
462 3492 666 3572 interpolatae
682 3493 765 3552 vitae
781 3493 1017 3571 interpolatione
1033 3501 1154 3567 carcat,
1180 3494 1406 3573 inscriptionem

263 3595 472 3654 commentarii
494 3594 576 3652 illins
599 3595 732 3653 imitatus
755 3612 823 3652 euru
843 3597 888 3653 sic
906 3593 1016 3654 edidit:
1051 3596 1157 3653 Tiberii
1171 3597 1283 3655 Claudii
1299 3596 1408 3653 Donati

261 3700 301 3755 od
331 3699 389 3755 Tib.
418 3697 566 3755 Claudium
595 3698 756 3755 Maximum
783 3699 977 3756 Donatiannm
1004 3680 1095 3769 filium
1123 3701 1157 3754 dc
1185 3699 1256 3755 raa
1293 3698 1409 3771 Vergilii

260 3800 391 3856 Maronis
408 3802 473 3856 uita.
504 3795 586 3877 quod
602 3817 704 3858 omnes
723 3795 869 3877 deinceps
885 3797 1017 3857 editores
1033 3805 1223 3877 receperunt.
1256 3796 1311 3857 sed
1327 3796 1407 3857 haec

262 3899 438 3981 coniectura
452 3918 520 3958 cnm
534 3918 590 3977 per
605 3919 638 3959 se
654 3901 729 3959 satis
744 3899 944 3978 inprobabilis
961 3901 1002 3958 sit
1015 3908 1078 3959 tum
1092 3898 1287 3978 redarguitur
1302 3899 1405 3959 certis·

261 3999 348 4101 simis⁸
361 3997 450 4058 Servi
469 4001 649 4060 testimoniis
670 4001 709 4061 ab
730 3999 838 4060 eodem
860 4001 1014 4062 Scriverio
1036 3999 1198 4076 adhibitis,
1223 4001 1331 4080 quibus
1354 4000 1406 4060 de·

261 4108 444 4160 monstretur
464 4101 619 4160 Donatum
645 4102 727 4162 vitae
749 4103 928 4181 scriptorem
954 4121 1022 4162 esse
1045 4103 1201 4161 Donatum
1228 4101 1313 4163 illum
1334 4102 1406 4162 Ser·

261 4204 313 4262 vio
332 4202 540 4282 antiquiorem.
570 4224 701 4283 namque
722 4196 787 4261 uita
809 4202 941 4262 inlibris
965 4205 1161 4282 anteponitur
1183 4210 1352 4263 commento
1368 4201 1407 4263 de

261 4303 349 4383 poesi
374 4303 516 4365 bucolica
541 4301 641 4385 deque
669 4304 1036 4383 Vergiliana·Theocriti
1063 4304 1241 4377 imitatione.
1286 4305 1319 4362 in
1346 4324 1407 4382 quo

262 4405 414 4483 leguntur,
430 4425 509 4484 quae
522 4403 648 4467 Servius
661 4406 693 4465 in
708 4405 863 4486 prooemio
879 4403 918 4464 ud
929 4403 1070 4465 bucolica
1084 4405 1241 4465 Donatum
1257 4403 1295 4465 de
1310 4405 1408 4484 primo
1469 4440 1475 4451 ·
