3194 5004
533 380 758 450 rserrscnnnn
774 409 1015 452 consensumve
1274 392 1337 452 517

198 580 261 619 rem
278 554 513 639 Oudendorpius
534 559 597 636 egit
618 560 648 617 in
671 560 725 618 vit.
741 560 822 637 Aug.
845 580 912 640 cup.
933 569 984 633 91,
1006 561 1168 621 simillimis
1188 563 1337 643 exemplis

198 681 269 721 usus
291 661 360 721 Tib.
383 671 418 724 40
436 665 506 720 urbe
523 665 681 737 effodiens,
704 662 784 739 Aug.
804 672 839 725 53
862 666 929 721 urbe
948 668 1087 739 oppidoue
1105 682 1246 738 opressus:
1276 682 1335 745 quo

199 762 279 824 udde
294 765 354 825 vit.
375 774 407 827 lt
420 767 489 822 urbe
503 766 640 839 Italiaque
654 766 836 822 mathematici
848 768 1022 824 secederent.
1034 764 1063 843 *)

281 866 358 943 Peg.
376 865 431 939 82,
446 866 485 926 10
502 883 567 944 sqq.
592 865 707 945 positos
724 865 856 925 Volcatii
872 866 1008 925 senories
1025 867 1103 926 tales
1119 874 1207 926 vetus
1220 868 1335 928 Parisi-

197 986 254 1026 nue
279 966 429 1047 prodidit:
459 971 510 1026 sed
530 975 560 1025 ut
578 969 652 1041 Aser
671 969 772 1041 populo
792 984 845 1026 scor
865 964 1019 1025 comoediae
1040 972 1126 1039 dedit,
1146 974 1198 1026 tter
1218 972 1283 1027 binc
1308 974 1336 1029 io

115 1130 121 1144 ,
153 1060 157 1069 ’
197 1073 293 1128 Adam
309 1072 385 1145 fecit.
410 1087 509 1127 nouem
529 1077 559 1127 ut
577 1073 663 1126 semel
680 1072 849 1141 conscendit,
871 1073 949 1128 ursus
970 1089 1119 1145 numquam
1140 1081 1189 1127 est.
1218 1075 1259 1129 sic
1279 1076 1337 1130 cito

153 1186 161 1202 “
201 1181 292 1229 uccot.
331 1172 468 1249 Quorum
493 1190 635 1229 versuum
655 1171 752 1250 primo
776 1170 833 1229 soli
858 1172 942 1230 caeni
963 1171 1154 1231 tribuendum
1181 1172 1232 1232 est'
1253 1173 1335 1252 quod

197 1271 250 1331 ille
265 1273 388 1332 inverso
408 1272 513 1333 ordine
530 1276 684 1332 comoedias
700 1276 773 1331 dedit
794 1272 917 1332 exhibet
931 1293 985 1352 pro
1006 1294 1042 1332 eo
1057 1273 1138 1354 quod
1156 1277 1250 1334 ceteri
1265 1275 1336 1334 libri

196 1393 300 1434 omues
319 1383 479 1434 servarunt
493 1377 567 1433 dedit
579 1378 743 1434 comoedias.
781 1374 872 1453 Quod
893 1394 960 1434 cum
979 1396 1053 1454 pree
1074 1375 1127 1435 illo
1144 1378 1261 1457 sprevit
1274 1377 1334 1436 Ro-

197 1476 278 1535 thius
293 1498 324 1556 p.
344 1486 402 1550 tet,
418 1497 485 1546 non,
492 1477 639 1554 cogitavit
651 1484 787 1536 veterem
803 1484 895 1555 etque
910 1462 1065 1557 antiquum
1081 1486 1204 1556 poetam
1219 1479 1335 1538 nullum

196 1587 258 1637 tam
273 1562 424 1638 elumbem
440 1578 554 1639 exitum
574 1575 732 1637 iambicum
749 1577 944 1659 probaturum
961 1579 1071 1653 fuisse,
1093 1600 1182 1660 quem
1207 1589 1269 1640 tum
1290 1580 1334 1638 fc

196 1679 254 1739 eile
274 1681 372 1739 vitare
392 1689 507 1760 posset.
543 1682 711 1740 Praetereo
729 1681 781 1739 vix
802 1679 924 1758 dignum
942 1682 1110 1756 mentione,
1136 1684 1168 1740 in
1184 1681 1333 1744 Vrbinete

195 1781 300 1842 codice
324 1791 354 1841 et
376 1781 510 1842 editione
530 1782 667 1861 principe
684 1784 839 1861 transponi
860 1801 912 1840 sec
927 1787 1043 1858 populo.
1068 1784 1098 1842 in
1114 1784 1181 1841 sole
1196 1787 1335 1863 principe

194 1887 277 1943 cede
290 1892 423 1944 exstare.
465 1882 579 1944 Contra
593 1884 659 1943 fieri
674 1892 776 1962 potest
790 1892 824 1942 ut
840 1883 878 1942 cb
894 1885 979 1943 initio
996 1904 1105 1944 versus
1120 1894 1173 1943 aut
1192 1888 1248 1944 Sed
1263 1890 1335 1961 Aser

192 1989 297 2060 populo
312 1994 342 2043 ut
354 2004 407 2044 sex
421 1989 449 2043 d.
464 2005 489 2047 c.
512 1994 579 2057 eut,
603 1986 795 2065 quodetiam
818 1987 932 2062 gratius
956 1986 996 2044 ud
1011 2006 1100 2045 eures
1124 1985 1252 2060 accidit,
1276 1989 1335 2046 Sed

189 2091 295 2161 populo
310 2095 341 2144 ut
353 2088 425 2161 Afer
439 2105 493 2145 sect
507 2089 535 2145 d.
550 2105 574 2144 c.
594 2085 714 2145 dederit
730 2095 838 2165 poete:
862 2106 988 2168 quorsum
1003 2096 1105 2146 tumen
1123 2096 1262 2147 neutrum
1279 2109 1332 2147 ne·

195 2189 370 2247 cessitatem
387 2188 501 2246 he'bere
517 2187 745 2247 concedendum
762 2195 817 2247 est.
1134 2186 1137 2193 '

279 2289 387 2349 Altero
402 2270 494 2349 versu
507 2296 541 2347 ut
555 2288 656 2348 bintus
670 2290 837 2363 tolleretur,
853 2298 975 2369 praeter
990 2300 1087 2350 artem
1103 2299 1270 2349 correctum
1287 2298 1334 2350 eet

194 2410 295 2451 nonem
312 2411 375 2450 cnm
394 2396 490 2465 semel,
514 2389 596 2472 quod
613 2411 717 2450 rursus
736 2411 803 2449 cum
821 2391 969 2451 Vrbiuote
990 2391 1067 2451 libro
1082 2392 1176 2452 editio
1191 2393 1334 2471 princepe

192 2495 367 2574 participet.
405 2492 503 2553 Multo
522 2493 620 2552 lenius
641 2497 710 2568 fecit
725 2504 751 2551 et
767 2512 867 2552 nonem
886 2502 915 2551 ut
935 2499 1019 2552 senet
1032 2494 1162 2553 Rothius
1183 2515 1332 2573 propone·

135 2636 137 2640 -
186 2595 256 2672 but,
273 2596 328 2656 sed
343 2596 519 2672 refragante
534 2593 703 2667 latinitate,
721 2615 800 2674 quoe
817 2596 848 2653 in
867 2594 978 2654 talibus
992 2615 1054 2655 non
1070 2597 1184 2675 potitur
1202 2607 1227 2653 et
1240 2598 1332 2675 perti-

195 2699 312 2774 culam,
332 2697 388 2758 sed
402 2706 493 2757 ouum
506 2696 650 2776 postulat.
689 2697 771 2775 Quid
785 2696 901 2756 multa?
922 2696 1047 2756 finitimo
1069 2716 1169 2756 nouem
1183 2698 1331 2758 vocabulo

195 2800 371 2879 absorptum
388 2808 553 2869 certantem,
569 2800 613 2858 sic
628 2806 662 2856 ut
677 2807 771 2876 poete
783 2800 953 2878 scripserit:
974 2818 1075 2865 nonem
1090 2809 1181 2859 ouwm
1196 2809 1227 2859 nt
1240 2805 1332 2860 semet.

195 2904 263 2962 Nec
279 2903 359 2965 enim
374 2910 458 2960 recte
473 2901 504 2959 in
518 2900 592 2978 ipsis
607 2910 636 2959 td
657 2899 766 2960 litteris
781 2901 918 2960 mutilem
935 2913 1025 2960 ortem
1041 2902 1221 2980 porticulum
1238 2924 1332 2983 quee-

193 3024 243 3065 res
265 3005 457 3083 salutemque
474 3010 614 3082 corrupto
629 3005 734 3062 versui
755 3003 835 3063 hunc
857 3005 1101 3065 comminiscere:
1125 3023 1225 3064 nouem
1242 3014 1332 3063 ouum

192 3111 280 3167 centul
297 3101 311 3190 ΙΙ
331 3109 491 3166 Conscendit
513 3104 542 3163 h.
566 3125 593 3164 e.
616 3105 720 3163 ‘simul
742 3109 860 3186 etquc’.
884 3105 969 3165 ,Etsi
996 3107 1225 3185 eeim'pristina
1245 3113 1335 3167 semul
1418 3097 1422 3105 ¹

192 3210 289 3269 forma
304 3209 445 3290 quotiens
459 3228 520 3267 non
534 3206 692 3266 intellecto
708 3207 839 3267 librariis
856 3209 888 3266 in
905 3212 988 3266 semel
1002 3208 1171 3280 transierit,
1197 3210 1272 3267 sutis
1294 3230 1332 3268 eo

109 3352 112 3359 ·
193 3311 335 3390 exemplu
362 3309 474 3369 docent
499 3328 580 3389 quoe
600 3308 845 3384 Prolcgomenon
866 3308 1075 3371 Plautinorum
1101 3330 1132 3387 p.
1160 3319 1257 3367 xcvss
1272 3330 1330 3391 sq.

193 3413 365 3494 composui,
385 3420 488 3470 tamen
508 3409 654 3470 hocloco
679 3427 746 3467 eom
768 3410 821 3468 vix
834 3410 1130 3488 patitursententie,
1151 3429 1245 3488 quoe,
1262 3410 1329 3471 cum
1411 3400 1413 3405 ’

192 3516 370 3594 insequetur
384 3517 460 3573 udus
478 3518 667 3585 sumptumst,
687 3531 747 3569 non
767 3511 871 3570 ‘simul
886 3515 992 3591 etque’
1013 3511 1114 3591 potius
1130 3530 1220 3590 quem
1237 3517 1329 3591 ‘post-

193 3613 291 3696 quur'n’
308 3615 461 3676 notionem
476 3613 618 3692 postulet.
630 3644 668 3655 -
683 3611 826 3672 Ceterum
841 3614 981 3693 quoniam
993 3614 1169 3673 necessarie
1179 3633 1254 3674 eane
1265 3634 1326 3674 nou
1386 3677 1390 3683 ,

259 3848 285 3914 ¹²)
303 3851 421 3917 Reliqua
438 3850 484 3916 qui
502 3862 671 3915 cognoscere
689 3849 791 3914 cupiet,
810 3849 882 3899 hoec
894 3848 1005 3908 hebeto,
1023 3850 1047 3899 ei
1065 3849 1137 3899 forte
1155 3864 1209 3898 non
1227 3848 1327 3913 omule,

193 3938 223 3985 et
239 3933 379 4001 pleraque.
415 3935 506 4000 epredi
521 3933 686 3984 tabernaculo
704 3935 774 3999 Aug.
791 3932 835 3996 91,
853 3935 926 3984 domo
944 3934 1006 3983 Tib.
1025 3922 1068 3996 50,
1086 3936 1147 3984 uitta
1164 3934 1201 3984 ib.
1221 3932 1264 3997 65,
1282 3937 1329 3984 tri-

191 4021 266 4071 clinio
285 4019 344 4071 cat.
363 4018 405 4071 36.
423 4021 506 4086 Vosp.
518 4018 542 4080 6,
560 4021 705 4084 spectaculo
725 4018 784 4067 Cal.
798 4016 839 4080 56,
859 4020 960 4069 ttzeotro
973 4018 1125 4070 creuere.
1144 4019 1200 4068 Vit.
1214 4019 1243 4069 4:
1263 4021 1328 4069 item

192 4105 320 4153 excedere
338 4105 438 4155 tdeotro
455 4106 521 4155 Ner.
539 4101 581 4167 23,
600 4106 727 4155 excedere
744 4105 862 4153 sacrario
877 4104 955 4153 Dom.
978 4103 1016 4153 15.
1052 4105 1170 4154 Accedit
1187 4104 1327 4169 praeposi·

192 4189 231 4238 rio
249 4188 310 4237 Tib.
330 4189 363 4237 72
381 4206 395 4239 c
413 4191 526 4241 contricio
545 4190 692 4254 eprrttenr,
718 4188 783 4253 quin
802 4189 955 4239 convivium
975 4188 1131 4240 nonhabet
1148 4188 1204 4238 loci
1222 4189 1327 4254 signifi-

193 4274 331 4353 cationem
348 4275 499 4340 propriam,
525 4290 578 4339 qua
603 4274 805 4324 nortmanniam
828 4244 1004 4339 de·potertnte
1027 4277 1110 4340 putris
1128 4277 1202 4323 entre
1225 4274 1327 4322 dictum

193 4364 236 4409 est
252 4359 307 4419 vir.
325 4357 350 4409 6.
385 4359 505 4409 Diverso
527 4358 633 4409 ratione
656 4359 717 4425 regi
740 4366 857 4425 eppnret
880 4359 951 4424 quod
974 4364 1016 4413 est
1034 4357 1130 4408 Oluud.
1155 4357 1188 4408 23
1210 4363 1237 4406 ut
1260 4361 1328 4407 uttrc

191 4434 301 4521 lapidem
317 4445 417 4494 tertium
432 4449 534 4494 oetoret
552 4445 642 4511 epcedt
658 4443 689 4494 od
706 4444 777 4497 urbe.
