3220 5022
406 426 637 469 ινεοοιιιιιικτκ
662 429 749 469 mum
773 430 815 468 nn
838 428 972 470 Lvsmvs
998 429 1194 472 οοσοοοιιτιι
1310 398 1372 480 33Ῐ

231 588 307 631 τινες
323 570 372 624 καλ
396 576 504 639 χαλκαῖ
522 579 606 641 μυῖαι
624 573 836 643 συννεμόμενοιί
852 592 923 642 φασι
942 580 1001 636 τοῖς
1013 572 1175 647 κανθάροις
1189 580 1372 645 γαλκίζουσαι

231 639 266 705 τῇ
284 640 367 706 χροία
390 638 437 700 αἷς
455 638 486 692 οἷ
502 642 605 703 παῖδες
625 642 714 708 κηρία
738 641 828 708 φασὶν
848 640 1053 709 προστιθέντες
1071 637 1204 710 άφιοῖσιν.
1234 647 1285 697 Οδ.
1305 649 1372 698 VIII

231 708 289 759 376.
313 693 363 759 καλ
385 700 516 787 ἦνιέθος
534 705 658 760 παλαιὸν
681 702 754 762 ούτω
772 711 894 773 παίζειν,
935 709 985 762 καλ
1004 705 1175 778 έπεχωρίαζέ
1194 729 1264 777 φασι
1283 717 1371 765 Λακε-

232 775 394 841 δαιμονίοις
422 772 500 841 αγῶν
529 772 563 827 τά
588 773 794 843 σφαιρομάγια.
841 773 917 837 είκδς
941 774 974 830 δέ
991 782 1042 830 καλ
1059 775 1113 846 τὴν
1138 775 1197 831 διά
1217 782 1372 846 σφαίρας

231 837 354 894 παιδιάν
371 838 424 920 την
441 840 622 911 καλουμένην
645 841 788 911 ούρανίαν
804 841 941 914 τοιαύτην
959 840 1043 898 εἶναι.
1071 847 1155 898 τούτο
1173 841 1227 913 γάρ
1245 841 1372 914 ύποβαλ-

176 922 181 929 ·
232 912 273 961 λει
287 914 366 961 νοεῖν
383 910 576 978 υπερβολικῶς
595 908 690 978 βηθέν
706 908 738 964 τδ
757 910 807 972 έως
825 910 874 965 καλ
893 905 922 972 ές
940 909 1014 980 νέφη
1034 909 1199 977 βιπτεῖσθαι
1217 910 1270 981 τὴν
1287 919 1373 981 σφαῖ-

231 995 295 1043 ραν.
332 980 486 1045 σημείωσαι
506 974 538 1031 δὲ
556 977 606 1032 καί
624 973 667 1031 ὅτι
686 973 827 1059 ὀργησεως
844 976 922 1039 εἶδος
939 970 977 1048 ἦν
994 979 1044 1033 καλ
1058 975 1205 1048 ἡτοιαύτη
1224 976 1274 1035 διύ
1287 984 1373 1048 σφαί-

232 1063 283 1110 ρας
301 1040 419 1110 παιδιά,
438 1038 475 1105 ῶς
499 1047 583 1113 δηλοῖ
601 1046 649 1099 καλ
673 1040 688 1098 ὁ
711 1066 784 1100 ουτω
807 1042 934 1115 γράψας·
954 1049 1162 1116 θερμαυστρίς,
1187 1047 1238 1117 ὄργ
1260 1066 1302 1109 σις
1322 1045 1372 1102 διὰ

231 1113 331 1164 ποδῶν
358 1107 505 1172 σύντονος.
535 1112 606 1181 φησί
629 1116 700 1180 γοῦν
723 1115 843 1183 Κριτίας
871 1106 944 1167 ούτω
967 1108 1206 1183 άναπηδήσαντες
1231 1068 1272 1176 είς
1295 1108 1371 1181 ύψος

231 1176 287 1257 ητρδ
304 1180 357 1231 τού
373 1183 586 1248 κατενεχθῆναι
605 1175 652 1234 ἐπὶ
668 1183 726 1250 γῆν
743 1178 928 1261 παραλλαγάς
945 1178 1052 1242 πολλάς
1069 1189 1129 1243 τοῖς
1146 1184 1231 1246 ποτλν
1244 1179 1372 1249 έποίουν,

231 1265 246 1298 ο
270 1242 306 1314 δὴ
331 1249 568 1315 θερμαύστρίζειν
588 1246 691 1315 ἔλεγον.
728 1243 855 1302 ἐοίκασιν
878 1268 931 1302 ουν
953 1248 1002 1312 καλ
1026 1247 1056 1303 οἷ
1077 1251 1219 1317 βασιλικοὶ
1243 1245 1373 1305 ἐνταῦθα

231 1316 335 1374 παῖδες
357 1311 476 1367 τοιαύτά
500 1335 564 1368 τινα
587 1319 736 1380 παίζοντες
754 1316 803 1370 καλ
827 1312 880 1384 τὴν
897 1322 1027 1382 σφαῖραν
1044 1312 1241 1384 α’ναρριπτεῖν.
1278 1310 1321 1371 ὅτι
1340 1315 1372 1370 δέ

230 1375 248 1448 ἡ
268 1378 393 1449 βηθεῖσα
411 1375 535 1449 ούρανία
554 1380 632 1444 εἶδος
663 1375 693 1435 ’ν
715 1386 765 1452 τῆς
783 1379 833 1437 διά
851 1386 977 1451 σφαίρας
1000 1386 1135 1445 παιδιάς,
1159 1388 1246 1454 δηλοῖ
1266 1379 1282 1438 δ
1305 1380 1373 1452 γρά-

231 1461 290 1511 ψας
309 1443 353 1502 ὅτι
371 1445 476 1517 ταύτης
493 1444 512 1518 ἡ
531 1448 585 1517 μέν
603 1471 644 1512 τις
654 1403 772 1519 Κλέγετο
791 1445 924 1518 ούρανία,
948 1472 966 1519 η
987 1448 1018 1504 δέ
1037 1445 1203 1519 άπόρραξις,
1222 1448 1240 1521 ἦ
1261 1449 1292 1506 δέ
1312 1448 1373 1505 έπί-

231 1533 341 1581 σκυρος.
355 1510 373 1586 η’
388 1515 420 1569 δὲ
434 1519 584 1583 φαινίνδα.
616 1512 747 1586 ούρανί
751 1539 769 1570 α
787 1516 840 1586 μὲν
857 1513 875 1587 ἡ
895 1517 936 1579 είς
955 1512 1080 1585 ούρανόν
1092 1521 1141 1587 τῆς
1157 1524 1283 1589 σφαίρας
1301 1513 1372 1572 άνα·

232 1580 313 1652 βολή,
332 1576 370 1651 ἢν
388 1578 535 1671 ὁποιητης
549 1580 703 1655 έμφαίνειν
721 1588 805 1639 δοκεῖ
821 1581 852 1639 έν
869 1588 916 1651 τῷ·
935 1584 964 1639 οἳ
984 1580 1013 1639 δ’
1032 1581 1093 1640 έπεὶ
1112 1578 1165 1641 οὖν
1182 1595 1310 1655 σφαῖραν
1322 1606 1373 1639 κα-

231 1647 284 1719 λη“ν
301 1647 371 1718 μετὰ
391 1652 486 1719 χερσῖν
505 1657 602 1706 ελοντο
616 1652 784 1721 πορφυρέην
802 1653 850 1706 καλ
870 1648 935 1722 ἑξῆς
952 1647 989 1715 ῶς
1008 1651 1230 1736 προγέγραπται.
1264 1648 1372 1722 α’πόρ-

231 1719 332 1783 ραξις
352 1716 393 1785 δέ,
407 1712 452 1771 οτ’
464 1711 502 1772 οἶν
515 1721 570 1788 την
588 1728 716 1788 σφαῖραν
733 1717 772 1789 μη
791 1717 861 1787 πρὸς
874 1728 970 1785 τοῖχον
989 1714 1059 1775 άλλά
1079 1742 1149 1786 προς
1169 1721 1277 1790 έδαφος
1290 1725 1372 1790 σκλη·

231 1788 285 1849 ρῶς
298 1804 388 1867 φασιν
400 1780 560 1854 άράττωσιν
572 1806 641 1841 ωστε
653 1786 892 1856 άποκρουομένην
904 1786 1045 1842 άλλεσδαι
1059 1785 1155 1842 πάλιν.
1182 1784 1195 1844 ἒ
1201 1792 1243 1842 πί
1246 1806 1309 1842 σκυ
1338 1808 1372 1850 ος

232 1851 271 1917 δέ,
292 1874 309 1923 η
329 1849 450 1922 έχρῶντο
468 1852 498 1908 οἷ
514 1856 663 1920 παίζοντες
681 1852 755 1908 κατά
773 1854 873 1935 πληδη
892 1854 1054 1925 καλουμένη
1074 1852 1123 1910 διά
1141 1860 1224 1911 τούτο
1243 1856 1293 1910 καλ
1311 1809 1372 1911 fut-

230 1940 334 1981 κοινος.
375 1916 393 1990 ἡ
416 1915 445 1975 δ’
470 1916 541 1991 αύτὴ
565 1923 615 1975 καὶ
639 1918 772 1991 ίφηβική.
808 1919 955 1991 ωνόμαστο
980 1920 1011 1975 δέ
1031 1919 1196 1991 έπίσκυρος,
1225 1919 1325 1997 ἐπειδὴ
1344 1920 1374 1976 οἱ

230 1983 297 2042 κατ’
314 1982 405 2058 αύτην
418 1993 615 2057 σφαιρίζοντες
634 1987 681 2045 έπλ
694 1988 821 2058 λατύπης
840 1985 954 2051 ἑστῶτες
971 1981 1009 2059 ἢν
1027 1987 1133 2058 σκύρον
1148 1989 1253 2059 φαμέν,
1272 2011 1310 2052 ως
1322 1990 1372 2044 καλ

230 2049 357 2141 άλλαγού
381 2055 551 2126 δεδήλωται,
580 2061 650 2126 βολῇ
674 2060 799 2125 σφαίρας
822 2054 961 2126 άλληλους
985 2052 1146 2122 έξεδίωκον.
1187 2058 1237 2112 καὶ
1255 2055 1371 2126 τοιαύτη

168 2166 170 2169 ,
230 2121 313 2193 μἐνη
334 2119 494 2190 έπίσκυρος.
526 2127 701 2192 φαινίνδα
721 2122 768 2191 δέ,
787 2117 832 2177 ὅτ’
850 2117 888 2178 άν
906 2120 990 2192 έτέρῳ
1010 2125 1080 2192 φασί
1092 2123 1145 2193 τὴν
1158 2132 1286 2207 σφαῖραν
1304 2144 1371 2192 προ·

231 2187 395 2252 δεικνύντες
419 2186 503 2259 έτέρςο
526 2188 618 2261 αύτὴν
641 2188 844 2314 έπιπέγπωσιγ.
890 2184 927 2261 ἣν
949 2193 998 2245 καὶ
1017 2187 1253 2262 έτυμολογουντες
1272 2191 1302 2246 σι’
1319 2213 1372 2246 πα·

225 2259 306 2323 λαιολ
325 2257 437 2326 λέγουσι
456 2258 593 2327 γενέσθαι
613 2256 704 2329 αύτην
736 2278 788 2320 σως
806 2256 864 2313 απὸ
882 2262 934 2313 τού
952 2262 1127 2328 φενακίζειν,
1146 2256 1181 2314 ού
1199 2257 1277 2314 πάνυ
1291 2255 1371 2327 α’κρι-

231 2328 287 2396 βῶς
310 2319 398 2382 οὕτως
422 2322 680 2396 έτυμολογήσαντες
698 2323 734 2388 ῶς
754 2323 784 2381 έκ
805 2329 862 2381 τῶν
884 2324 1108 2395 προγραφέντων
1128 2323 1159 2382 έν
1177 2331 1211 2398 τῇ
1227 2331 1295 2398 ζῆτα
1315 2326 1371 2382 ἔστι

231 2397 347 2462 γνῶναι.
384 2389 427 2448 ὅτι
452 2392 484 2448 δέ
507 2393 538 2449 τὸ
564 2398 725 2463 σφαιρίζειν
743 2388 795 2448 ούκ
818 2388 901 2479 ὀλίγη
919 2401 1007 2463 μοῖρα
1033 2390 1176 2465 ένομίζετό
1206 2415 1276 2464 φασι
1303 2416 1371 2477 γυμ-

232 2464 378 2542 ναστγκῆς,
405 2459 462 2541 ἔστη
486 2461 662 2539 συμβάλλειν
682 2457 785 2543 καλιέκ
801 2465 854 2547 γῆς
877 2465 1029 2530 Ηροφίλου
1052 2464 1103 2516 τού
1127 2462 1228 2531 ίατρού
1246 2463 1371 2545 ,είκρνος

231 2548 402 2596 παρακειιαι
426 2550 480 2597 γαρ
508 2548 597 2597 φασιν
625 2533 698 2599 αυτῇ
721 2548 773 2584 συν
797 2528 902 2595 ιτέροις
924 2529 980 2583 τισὶ
1007 2538 1209 2599 γυμναστικοῖς
1238 2551 1372 2600 οργανοις

231 2597 280 2650 καλ
299 2603 417 2663 σφαῖρα.
458 2601 509 2651 τού
533 2595 564 2651 δὲ
588 2592 676 2663 άξίαν
699 2595 785 2666 λόγου
811 2598 860 2651 καλ
884 2594 937 2666 τὴν
955 2595 1156 2668 σφαιριστικὴν
1175 2596 1259 2665 εἶναι,
1279 2601 1372 2659 πίστις

230 2664 279 2719 καλ
296 2659 459 2732 Ἀθηναῖοι,
482 2667 603 2734 πολίτην
626 2662 815 2735 ποιησάμενοι
833 2659 1014 2732 Ἀλέξανδρον
1040 2663 1090 2718 τὸν
1108 2663 1271 2734 Καρύστιον
1288 2685 1371 2735 σφαι-

231 2730 330 2802 ριστήν
348 2732 398 2786 καλ
416 2725 592 2799 ύνδριάντας
611 2728 711 2801 έκείνῳ
729 2727 947 2802 άναστήσαντες.
984 2729 1121 2803 Μιλήσιοι
1149 2734 1198 2787 καλ
1217 2731 1322 2816 πολλάς
1341 2728 1372 2789 έκ

231 2803 286 2853 τῶν
310 2802 487 2867 στεφανιτῶν
505 2794 524 2853 οἷ
543 2796 623 2853 ῶνων
645 2795 873 2869 άπενεγκάμενοι
897 2803 979 2862 νίκας
1002 2798 1055 2871 τὴν
1079 2808 1208 2870 σφαῖραν
1226 2801 1267 2864 είς
1286 2798 1373 2855 ουδέν

231 2864 342 2944 τούτων
358 2870 500 2949 γρησίμην
520 2821 616 2935 έγνων.
654 2866 700 2922 διὸ
718 2871 768 2922 καί
786 2866 982 2938 παραιτητέον
1005 2864 1097 2939 αὐτὴν
1116 2866 1241 2936 ἔκριναν.
1278 2863 1321 2923 ὅτι
1341 2866 1372 2923 δέ

231 2937 286 2988 τῶν
305 2954 396 3004 ανιην
414 2931 573 2999 παιζόντων
590 2932 657 2998 τούς
674 2932 727 3001 μὲν
745 2939 884 2998 νικῶντας
902 2938 1028 3006 βασιλεῖς
1048 2933 1169 2991 έκάλουν
1187 2932 1224 2999 ῶς
1243 2932 1290 2991 lul
1309 2956 1372 3005 σεμ-

232 3002 339 3072 νῶματι
362 3004 414 3056 τού
438 3000 534 3071 ἔργου,
560 2996 643 3065 ὅνους
669 3002 700 3057 δέ
724 2999 790 3065 τούς
813 2999 997 3073 ἡττωμένους.
1043 3007 1160 3074 δηλοῦσι
1183 3005 1232 3059 καλ
1257 2999 1326 3059 αύτό
1344 3002 1374 3058 οἶ

231 3071 350 3124 παλαιοὶ
368 3068 586 3150 παραφέροντες
604 3072 652 3125 καλ
672 3067 792 3141 χρήσεις,
812 3068 864 3140 τὴν
875 3070 929 3140 μέν
942 3067 972 3125 έκ
985 3073 1037 3125 τού
1048 3068 1121 3127 κατά
1135 3068 1275 3127 Πλάτωνα
1289 3074 1372 3126 Θεαι-

231 3139 318 3208 τήτου
336 3156 482 3206 τοιαυτην·
502 3132 516 3190 ὁ
536 3135 568 3192 δέ
586 3133 721 3224 άμοιρτῶν
738 3140 921 3205 καθεδεῖται,
939 3132 1031 3205 ῶςπερ
1050 3139 1139 3208 φασὶν
1162 3138 1192 3193 ού
1209 3145 1373 3208 σφαιρίζον-

230 3225 286 3287 τες,
305 3199 372 3267 ὄνος
390 3197 421 3266 δς
441 3199 471 3259 δ’
489 3198 527 3258 άν
545 3226 742 3276 παραγενηται
761 3199 975 3275 α’ναμάρτητος,
1000 3203 1133 3274 βασιλεύς
1151 3202 1245 3275 ἡμῶν
1268 3208 1322 3275 τὴν
1340 3203 1373 3259 δέ

231 3268 288 3328 άπο
307 3278 465 3341 Κρατίνου,
486 3271 559 3354 οἴην
611 3335 619 3356 ,
720 3337 724 3345 Ι
783 3338 790 3353 Ι
1014 3337 1021 3354 .

519 3358 581 3394 ονοι
600 3339 735 3408 απωτέρω
753 3345 900 3409 κάθηνται
919 3342 968 3409 τῆς
987 3345 1082 3405 λυρας.

231 3406 297 3471 τούς
322 3405 376 3476 γάρ
399 3402 577 3477 ἡττωμένους
602 3402 685 3469 ὅνους
709 3412 863 3478 καθῆσθαι
889 3406 994 3477 έλεγον.
1032 3413 1060 3460 in
1085 3412 1125 3461 eis
1149 3427 1219 3475 quae
1244 3417 1373 3461 secuntur

231 3481 393 3530 Eustathitls
419 3479 612 3543 Athenaeum,
648 3497 727 3546 quem
756 3480 896 3542 nominat,
928 3479 1064 3529 adhibuit.
1106 3478 1142 3527 cf.
1171 3478 1330 3527 Athenaeus
1358 3478 1373 3528 I

232 3548 264 3597 15
284 3565 300 3599 a
319 3564 377 3614 sqq.
