3220 5022
376 423 612 466 successuum
638 425 725 466 orem
748 426 790 465 ns
816 425 930 467 occurs
951 426 1191 467 consecremus
1301 414 1360 475 351

220 577 287 632 tam
311 570 345 631 in
369 569 570 654 Campaniae
592 570 716 651 littore,
741 591 760 632 a
782 572 1028 634 cuius-nomine
1051 570 1205 657 Neapolis
1230 572 1362 637 Parthe-

221 693 304 754 nope
326 671 468 734 uocitata
488 673 688 737 aestumetur.

221 858 267 892 zos
284 842 349 890 hist
367 857 424 891 var.
444 840 527 892 1313.
544 868 571 876 —
587 844 698 892 licerius
712 844 779 893 Aca.
792 833 902 893 vll'tu:
922 843 1017 893 ‘Circe
1037 849 1129 894 autem
1148 844 1210 893 idco
1223 844 1295 893 Solis
1311 845 1361 895 fiu-

222 910 293 973 gitur
317 909 390 967 lilia,
419 912 486 973 quia
514 910 671 960 clarissima
693 913 823 971 meretrix
846 912 912 973 fuit,
944 917 972 961 et
999 912 1068 961 nihil
1092 916 1134 960 est
1163 913 1220 962 sole
1250 914 1359 964 elarius.

222 979 290 1026 haee
309 977 425 1025 libidine
444 993 494 1026 aua
512 984 540 1026 et
559 978 753 1027 blandimentis
772 979 894 1027 homiues
912 980 941 1027 in
959 979 1077 1028 lerinam
1094 980 1180 1029 uitam
1193 981 1229 1028 ab
1242 980 1362 1030 humana

221 1045 385 1105 deducebat,
408 1050 438 1092 ιιι
461 1045 570 1093 libidini
589 1052 617 1095 et
636 1047 824 1110 uoluptatibus
848 1062 959 1110 operam
983 1048 1089 1098 darent.
1125 1048 1268 1096 Horatius:
1303 1049 1361 1097 Sub

221 1113 331 1161 dourina
355 1113 501 1161 meretrice
521 1113 606 1161 t'rrisse
625 1114 712 1178 turpis
731 1119 760 1162 et
783 1112 898 1163 excors)
940 1114 976 1164 ef.
1001 1114 1086 1163 schol.
1110 1115 1215 1163 Lirean.
1239 1116 1276 1163 Vl
1300 1117 1359 1164 287.

221 1179 332 1228 Servius
349 1181 418 1228 Aen.
438 1180 480 1228 111
498 1181 549 1228 420
573 1180 668 1235 (schol.
689 1183 793 1231 Lucan.
817 1183 829 1229 Ι
848 1180 923 1243 alil:
961 1181 1128 1245 ‘Charybdis
1153 1190 1243 1231 autem
1268 1185 1296 1231 in
1319 1186 1360 1231 st-

222 1247 304 1295 ciliae
324 1251 404 1311 partc
421 1249 514 1311 posita
532 1249 634 1297 femina
647 1249 787 1309 (meretrix
798 1250 877 1298 ardel.
891 1250 986 1298 Lacca.
1005 1253 1022 1298 l.
1035 1252 1071 1311 e.)
1091 1248 1145 1299 icit
1161 1249 1360 1300 ueracissima'

335 1567 600 1620 SVPPLEMEN'PA
624 1568 725 1620 LIBRI
748 1570 797 1620 DE
821 1570 951 1620 CLARIS
976 1569 1248 1621 Msesrmcutvs

223 1671 387 1719 Lactantius
399 1670 433 1719 D.
446 1672 468 1719 l.
483 1672 495 1721 1
517 1670 558 1718 ll:
578 1671 659 1732 ‘Quid
674 1671 769 1735 loquar
787 1670 988 1721 obscenitatem
1002 1673 1118 1721 Veneris
1132 1673 1258 1722 onruihus
1271 1673 1361 1723 libidi-

222 1739 301 1786 nibus
325 1739 488 1802 prostitutae
513 1750 565 1787 uon
590 1739 699 1787 ‹leorum
724 1744 830 1789 tautum
847 1740 896 1788 sed
920 1746 948 1788 et
971 1739 1124 1789 homiuum?
1148 1740 1217 1793 haee
1237 1743 1308 1790 euim
1328 1760 1361 1792 ex

222 1808 326 1854 famoso
344 1806 441 1855 Martis
459 1814 552 1871 stupro
570 1808 666 1867 genuit
685 1807 876 1866 llarmoniarn,
897 1823 929 1855 ex
948 1809 1084 1856 Mercurio
1103 1808 1360 1873 Hermaphroditum

221 1874 267 1937 qui
286 1880 328 1922 est
346 1880 428 1923 uatus
446 1874 635 1936 androgynus,
660 1890 692 1922 er
713 1875 777 1923 ioue
796 1875 968 1937 Cupidinem,
989 1892 1021 1922 ex
1041 1875 1159 1923 Anchise
1178 1878 1307 1935 Aeneam,
1328 1894 1361 1925 ιιι

221 1942 290 1989 Bate
310 1942 428 2004 Eryceu,
448 1956 480 1989 ex
499 1941 605 1990 Adouio
623 1941 732 2005 quidem
750 1942 852 1990 nullum
871 1943 969 2005 potuit,
988 1943 1058 2006 quod
1078 1943 1220 1992 etiamtum
1240 1959 1307 2007 puer
1326 1945 1360 1992 ab

222 2022 288 2073 upro
307 2010 377 2057 lctus
396 2009 503 2057 occisus
522 2016 576 2057 est:
602 2024 672 2072 quae
689 2009 787 2073 prima,
807 2014 836 2057 ut
854 2010 882 2056 in
901 2009 1016 2057 historia
1035 2024 1116 2057 sacra
1134 2010 1298 2071 emitiuetur,
1318 2028 1360 2059 ar-

221 2080 274 2124 tem
294 2076 477 2125 meretriciam
496 2077 630 2137 instituit,
665 2082 811 2141 nectarque
832 2076 990 2125 audieribus
1009 2076 1036 2124 in
1056 2076 1145 2140 Cypro
1164 2077 1224 2137 fuit,
1244 2079 1282 2125 uti
1302 2079 1360 2127 ιιιι1-

222 2148 287 2207 gato
307 2158 419 2207 corpore
439 2149 584 2206 quaestum
601 2144 738 2203 faeereut3
764 2144 833 2207 quod
857 2144 959 2191 ideireo
978 2145 1132 2207 imperauit,
1152 2159 1185 2192 ue
1204 2144 1263 2193 sola
1281 2161 1360 2210 prae.-

220 2218 263 2259 ter
286 2210 357 2259 alias
376 2210 503 2258 mulieres
522 2212 659 2275 impudica
679 2218 706 2259 et
723 2213 841 2259 uirourm
861 2216 993 2275 appetens
1006 2210 1164 2261 uideretur.’
1203 2212 1277 2261 120:
1298 2215 1360 2261 ‘llo-

222 2278 286 2326 muli
304 2278 396 2326 nutris
415 2278 481 2342 lupa
498 2277 707 2345 honciribuscst
726 2277 828 2327 utl'ecta
846 2278 954 2328 ilicinis.
992 2284 1020 2325 et
1039 2280 1136 2327 ferrem
1156 2280 1180 2327 si
1200 2280 1300 2328 anirual
1320 2282 1360 2344 ip·

221 2358 279 2393 sum
299 2345 411 2407 luisset,
435 2347 513 2393 euius
537 2347 652 2409 figuram
676 2348 757 2409 gerit.
792 2352 888 2394 auctor
911 2352 953 2393 est
971 2346 1079 2405 binius,
1103 2347 1272 2396 Larentiuae
1300 2364 1360 2396 esse

221 2412 396 2462 simulacrum
422 2418 450 2461 et
476 2413 586 2478 quidem
610 2428 663 2462 uon
687 2414 809 2478 eorpmis
828 2414 874 2461 scd
898 2414 998 2461 mentis
1017 2428 1050 2462 ae
1069 2430 1179 2463 mortun¹
1218 2415 1270 2463 suit
1288 2417 1360 2464 euim

221 2481 347 2530 l‘arcstuli
370 2494 435 2529 uxor
459 2486 487 2529 et
504 2486 616 2546 propter
638 2481 742 2543 rudgati
762 2482 883 2545 eorporis
907 2481 1039 2529 uilitatem
1063 2481 1128 2545 lupa
1146 2482 1218 2530 inter
1236 2489 1361 2546 pastores

221 2549 248 2596 id
267 2554 310 2597 est
328 2549 455 2597 meretrix
474 2554 633 2613 nuncupata
652 2554 702 2607 est,
720 2549 798 2597 unde·
817 2549 900 2597 etium
919 2548 1035 2612 lupanar
1056 2549 1164 2597 dieitur.
1210 2551 1361 2614 exemplum

221 2616 330 2665 seilicet
349 2615 557 2665 Atheniensium
583 2617 609 2664 iu
634 2632 668 2665 ea
691 2616 836 2680 figuranda
861 2617 975 2666 Romani
1000 2618 1086 2665 secuti
1105 2623 1182 2677 suut,
1203 2618 1274 2681 apud
1294 2634 1361 2682 quos

221 2684 349 2732 meretrix
368 2684 502 2747 quaedaar
522 2684 630 2732 nomine
643 2685 771 2745 Leaena,
791 2700 851 2732 cum
870 2690 1014 2746 tyranuum
1027 2684 1183 2743 occidisset,
1204 2687 1268 2749 quia
1281 2687 1361 2734 nefas

222 2758 284 2799 erat
300 2750 475 2799 simulacrum
494 2751 626 2799 constitui
646 2753 797 2801 meretricis
816 2752 967 2816 intemplo,
987 2752 1115 2800 arrirualis
1128 2753 1360 2834 el'ligiemposue-

220 2824 291 2879 ruut,
312 2818 387 2866 errius
406 2833 505 2866 nomen
523 2819 646 2880 gerebat.
683 2819 776 2883 itaquo
799 2826 830 2868 ιιι
853 2819 893 2867 illi
917 2821 1110 2868 rrrouimeutum
1131 2836 1163 2868 ex
1185 2821 1294 2869 uouriue
1319 2822 1360 2869 sic

220 2887 267 2935 isti
286 2902 318 2933 ex
337 2886 508 2949 professione
528 2887 663 2935 iecerunt.
701 2886 780 2935 huius
792 2888 895 2935 nomini
909 2888 992 2936 etiam
1006 2888 1065 2935 dies
1084 2888 1170 2935 festus
1189 2888 1298 2937 duatus
1318 2893 1362 2937 est

221 2958 250 3002 et
268 2952 462 3002 larentinalia
480 2955 641 3030 epustituta
675 2968 727 3003 nec
746 2955 819 3003 hanc
838 2954 922 3003 solam
938 2956 1053 3003 ιιιιιιιιιιιί
1068 2957 1237 3004 meretricem
1257 2956 1359 3017 colunt,

220 3021 269 3070 sed
285 3018 424 3081 l’aulam(
413 3013 561 3085 (Φαβόλαν
576 3023 706 3071 Plutarch.
719 3029 816 3087 praeest
832 3026 866 3073 35
878 3039 904 3087 p.
919 3026 1002 3081 ms.
1006 3026 1147 3087 lqueque,
1164 3039 1242 3087 «praru
1258 3027 1361 3073 Hercu-

221 3088 255 3138 lis
273 3093 392 3137 scortum
411 3088 495 3137 fuisse
511 3089 620 3137 Verrius
637 3089 771 3139 scribit.
764 3105 819 3138 reru
837 3095 922 3154 quant
924 3106 941 3137 a
959 3090 1013 3139 ista
1031 3090 1221 3139 immortalitas
1239 3092 1362 3155 putanda

222 3162 273 3218 est,
288 3172 367 3236 quam
382 3157 465 3205 etiam
480 3158 638 3211 meretrices
652 3173 713 3205 ass<
716 3160 851 3220 quuntur‘l
841 3156 956 3205 l'llora
975 3174 1035 3205 erim
1049 3173 1163 3219 magnas
1176 3174 1241 3225 opes
1255 3176 1287 3207 ex
1301 3166 1361 3207 arte

222 3225 379 3273 meretricia
393 3224 577 3288 quaesicrisset
588 3224 716 3289 populum
729 3225 839 3288 scripsit
851 3224 949 3271 herede
944 3241 977 3271 ιιι
992 3230 1149 3288 certamque
1162 3228 1306 3289 pecuniam
1320 3243 1361 3274 re-

220 3292 312 3356 liquit,
327 3293 405 3358 euius
418 3308 451 3340 ex
465 3308 555 3341 annuo
569 3292 663 3343 fenore
676 3307 741 3341 suus
760 3297 809 3339 nat
799 3291 863 3340 talis
874 3290 935 3339 dics
948 3291 1135 3341 celebraretur
1153 3292 1273 3345 editione
1287 3292 1360 3341 lude-

221 3374 288 3419 ιιιιιι,
295 3358 667 3424 quosappellautlloralia
692 3358 760 3423 quod
774 3374 839 3421 quia
852 3358 961 3407 senatur
974 3359 1139 3423 flagitiosum
1152 3359 1310 3419 uidebatur
1326 3361 1361 3409 ab

220 3427 279 3491 ipso
292 3427 401 3476 nominc
416 3431 605 3489 argumentum
618 3428 686 3476 sirmi
699 3424 817 3490 placuit,
836 3431 866 3475 ut
878 3425 1022 3489 pudendae
1037 3427 1075 3474 rei
1093 3427 1226 3488 quaedam
1240 3427 1361 3489 dignitas

221 3494 373 3543 adderetur.
394 3493 474 3543 dcam
489 3492 623 3541 duxeruut
636 3508 696 3542 esse
711 3508 780 3556 cquae
794 3492 905 3541 floribus
918 3493 1023 3555 praesit
1036 3508 1150 3557 ciciraque
1163 3500 1289 3556 oportere
1303 3494 1360 3557 pla-

220 3561 295 3621 cari,
314 3568 344 3611 ut
358 3562 452 3623 fruges
465 3575 526 3608 eum
545 3559 688 3609 arboribus
703 3566 751 3608 aut
769 3559 873 3608 nitibus
892 3561 961 3608 bene
974 3575 1157 3624 prospereque.
1176 3561 1361 3609 florescerent.

220 3645 280 3679 eum
294 3629 414 3678 colorem
427 3627 556 3676 secutus'
550 3642 577 3674 ιιι
591 3627 674 3676 fastis
685 3633 768 3692 poeta
780 3642 833 3675 non
846 3626 995 3689 ignobilem
1009 3626 1154 3691 ιιιιιηιιιιιιιι
1169 3626 1254 3676 luisse
1267 3643 1361 3677 narra-

219 3697 269 3757 uit,
284 3713 354 3761 quae
368 3694 404 3745 sit
417 3695 526 3744 Chloris
538 3694 672 3755 uocitata,
686 3710 800 3758 eamque
814 3694 937 3774 Zephpro
952 3699 1063 3759 nuptam
1083 3710 1160 3757 quasi
1154 3694 1247 3744 'dotis
1260 3694 1320 3743 loeo
1332 3696 1361 3744 id

221 3780 364 3827 accepisse
371 3764 643 3823 uruncrraamarito
657 3768 687 3811 ιιι
699 3760 815 3811 haberet
827 3777 945 3810 omnium
957 3763 1050 3811 florum
1061 3768 1234 3826 patestatem.
1247 3762 1361 3813 honeste

220 3832 328 3895 quidem
347 3832 402 3881 ista
420 3831 556 3891 dicuntur,
575 3830 625 3878 sed
642 3829 786 3879 inhonesto
806 3830 974 3893 turpiterque
988 3831 1144 3878 creduntur.
1180 3845 1231 3879 nce
1250 3831 1360 3893 debent,

221 3914 282 3948 eum
300 3900 403 3948 ueritas
422 3897 563 3963 quaeritur
585 3896 739 3945 huiusmodi
763 3913 812 3946 uos
836 3896 993 3947 uelamenta
1017 3897 1154 3963 deripere.
1184 3898 1362 3948 celebrantur

220 3982 286 4030 ergo
304 3965 344 4014 illi
363 3966 420 4019 ludi
438 3981 499 4014 cum
512 3964 585 4013 omni
597 3963 716 4013 lasciuia
735 3965 932 4014 conuenienter
948 3966 1096 4015 memoriae
1113 3965 1274 4017 meretricis.
1297 3982 1361 4016 nam

220 4040 331 4098 praeter
354 4034 498 4083 uerborum
521 4031 664 4082 libentium
686 4033 783 4094 quibus
806 4032 964 4081 obscenitas
988 4033 1075 4083 omnis
1094 4032 1241 4083 effunditur
1259 4050 1361 4084 exuun·

220 4107 264 4150 ιιιι·
287 4101 371 4150 etiam
394 4101 518 4151 uestibus
541 4100 642 4165 populo
664 4100 810 4165 flagitante
841 4101 1001 4149 meretrices
1030 4116 1100 4164 quae
1126 4106 1190 4149 tunc
1219 4102 1361 4151 mimarum

221 4169 369 4232 funguutur
388 4169 480 4218 officio
500 4173 528 4216 et
546 4171 574 4216 iu
593 4174 749 4233 conspeetu·
761 4167 855 4231 populi
873 4183 958 4230 usquc
978 4168 1011 4216 ad
1030 4169 1190 4217 satietatem
1211 4170 1361 4232 impudico-

221 4251 278 4285 rum
297 4235 425 4286 luminum
445 4250 505 4285 curu
523 4235 657 4299 pudendis
675 4235 793 4285 motibus
812 4234 987 4285 detineatur.’
1025 4236 1131 4285 Gellius
1151 4237 1238 4294 v117,
1258 4238 1359 4300 5sqq.:

221 4303 305 4352 ‘Acca
323 4304 457 4353 Larentia
481 4317 579 4366 corpus
601 4302 629 4350 iu
652 4303 750 4367 uulgus
773 4302 859 4351 dabat
880 4303 1078 4367 pecuniamque
1104 4308 1258 4351 emeruerat
1276 4320 1308 4351 cx
1328 4320 1361 4353 co

221 4376 337 4434 quaestu
359 4371 480 4421 uberem.
520 4385 555 4418 sa
577 4374 759 4430 testamento,
786 4376 817 4419 ιιι
840 4370 868 4418 iu
886 4370 1008 4419 Antiatis
1026 4371 1142 4419 historia
1160 4371 1290 4434 seriptum
1309 4377 1361 4434 est,

221 4437 362 4487 Romulum
380 4454 483 4502 rogem,
502 4441 532 4485 ut
550 4437 660 4501 quidam
678 4443 771 4488 autem
790 4437 840 4486 alii
857 4437 1046 4501 tradiderunt,
1063 4438 1192 4502 populum
1210 4438 1362 4488 Romanum
