3202 4998
270 395 331 457 398
600 413 824 465 ovnusmouss
843 412 1067 454 svnrouiauan

271 564 415 623 oribatur.
462 566 565 643 itaque
595 564 661 621 fere
693 562 829 621 adducor
856 571 891 620 ut
915 583 981 620 cum
1006 562 1139 639 Bergkio
1164 563 1185 623 l.
1210 583 1236 622 c.
1258 562 1316 621 hoo
1343 564 1406 641 epi·

270 673 401 724 metrum
424 685 462 724 ex
487 665 610 724 diversa
631 664 744 723 diversi
767 665 923 742 scriptoris
944 664 1009 721 vita
1029 663 1221 743 desumptum
1249 652 1317 723 esso
1342 683 1405 722 cre·

270 765 348 823 (lam
380 775 472 846 atquo
494 767 593 846 possis
609 767 687 825 adeo
703 766 867 844 suspicari,
885 764 1089 824 Suetonianae
1105 767 1187 824 vitae
1205 764 1407 841 fragmentum

268 866 318 924 hio
333 876 487 926 servatum
502 888 570 928 esse
586 868 679 946 plane
696 868 727 925 in
742 866 871 925 eundem
891 865 1027 939 modum,
1051 887 1109 945 quo
1131 867 1162 924 in
1184 864 1268 922 libris
1288 866 1405 923 Lucani

268 969 351 1027 vitae
382 971 623 1029 commentatoris
653 969 718 1027 vita
743 968 932 1028 Suetoniana
963 970 1034 1026 item
1061 968 1199 1026 mutilata
1228 965 1404 1025 subiciatur.

269 1068 325 1126 sed
341 1089 408 1128 cum
424 1091 484 1129 non
499 1073 594 1130 ausim
610 1071 667 1130 hao
684 1070 722 1129 de
736 1090 769 1129 re
784 1079 898 1129 certum
912 1068 985 1149 quid
999 1067 1174 1147 decernere,
1189 1066 1266 1125 illud
1284 1065 1406 1145 quidem

268 1189 324 1247 pro
342 1172 498 1249 explorato
514 1172 629 1245 habeo,
645 1174 750 1251 inepta
765 1172 819 1230 illo
833 1170 928 1229 verba
945 1175 996 1229 sed
1010 1189 1078 1227 mox
1095 1178 1126 1227 ut
1144 1189 1162 1226 a
1181 1172 1278 1226 scitota
1302 1171 1404 1242 maqis·
1432 1248 1434 1253 Ι

268 1275 377 1344 trisque
400 1276 530 1343 diuertit,
551 1294 631 1354 quae
652 1277 682 1331 in
705 1274 851 1352 principio
876 1271 1076 1331 additamenti
1099 1271 1254 1346 leguntur,
1274 1270 1405 1345 ineptius

269 1372 361 1430 otiam
381 1393 400 1431 a
418 1373 540 1434 librario
556 1358 688 1455 quodam
704 1373 810 1433 addita
829 1393 914 1445 esse,
936 1372 1045 1452 quibus
1062 1373 1174 1433 ¹mortui
1191 1370 1280 1430 Persi
1294 1388 1405 1428 memo·

268 1473 343 1530 riam
359 1493 426 1530 oum
441 1477 586 1535 memoria
601 1476 663 1535 vivi
681 1477 889 1551 coniungeret.

354 1573 492 1633 Vidimus
515 1578 606 1653 igitur
624 1578 719 1636 vitam
739 1578 855 1636 Lucani
875 1575 1045 1635 mutilatam
1067 1573 1203 1652 suppleri
1223 1578 1404 1630 commenta·
1498 1608 1506 1625 t

269 1674 342 1732 toris
357 1675 436 1746 vita,
459 1679 511 1755 qui
531 1678 708 1736 Suetonium
731 1677 918 1750 adbibuerit,
940 1696 1042 1734 rursus
1061 1676 1241 1734 tenuitatem
1261 1673 1404 1752 reliquia·

269 1795 334 1833 rum
358 1796 438 1855 quae
462 1776 500 1836 de
522 1780 585 1837 vita
608 1781 694 1838 Persi
718 1789 896 1858 supersunt
925 1776 1106 1856 conpensari
1127 1775 1290 1853 antiquiori
1312 1772 1405 1833 Probi

269 1877 347 1949 vita,
370 1896 431 1956 qua
451 1879 518 1957 ipso
534 1881 696 1940 Suetonius
717 1900 790 1939 usus
812 1882 859 1940 sit.
891 1881 951 1939 iam
973 1879 1056 1936 vitae
1074 1875 1271 1952 Vergilianas
1290 1875 1406 1933 iactura

270 1976 384 2056 duplici
407 1979 496 2039 modo
519 1990 621 2060 potest
645 1982 796 2059 reparari:
826 1991 856 2039 et
878 1979 1056 2060 antiquioris
1081 1978 1225 2036 Suetonio
1247 1977 1330 2034 vitae
1353 1994 1404 2033 ex-

270 2081 381 2157 cerptis
412 2089 442 2139 et
462 2081 527 2139 vita
548 2082 677 2154 Donati,
704 2103 794 2160 quam
820 2104 838 2141 a
863 2082 990 2143 Suetoni
1016 2080 1197 2138 auctoritate
1218 2075 1354 2155 pendere
1374 2077 1405 2135 in

270 2188 374 2258 aperto
396 2182 444 2239 sit.
482 2182 590 2261 quibus
613 2183 829 2261 supplementis
851 2181 1007 2240 commode
1032 2179 1152 2239 additur
1167 2178 1231 2241 vita
1245 2178 1361 2254 Vergili
1387 2199 1405 2236 a

267 2282 353 2340 Foco
379 2284 575 2358 grammatico
600 2283 683 2342 urbis
705 2286 822 2343 Rornae
846 2281 985 2342 uorsibus
1011 2281 1103 2341 edita.
1144 2280 1210 2339 vita
1232 2279 1324 2355 igitur
1350 2278 1404 2336 illa

269 2382 412 2442 Suetonio
434 2385 585 2464 antiquior
611 2385 824 2443 commentario
846 2384 1017 2461 anteposita
1041 2391 1103 2453 ost,
1134 2382 1218 2439 cuius
1245 2380 1404 2458 plurimam

269 2492 385 2564 pariam
404 2485 469 2543 iure
484 2484 590 2545 Valeri
602 2484 694 2544 Probi
705 2506 815 2545 nomen
826 2505 900 2564 prae
920 2504 953 2543 se
972 2485 1052 2543 ferre
1072 2481 1243 2542 O.Iahniua
1258 2482 1289 2539 in
1305 2479 1404 2560 prole·

268 2586 406 2662 gomenis
422 2585 461 2644 ad
475 2587 615 2645 Persium
628 2607 658 2664 p.
673 2586 776 2646 CXLI
788 2607 855 2665 sqq.
870 2584 1102 2643 demonstravit:
1124 2583 1268 2661 quocirca
1278 2582 1317 2641 ad
1332 2602 1403 2641 erm·
1456 2588 1458 2592 ’

269 2684 339 2745 dem
354 2697 510 2745 auctorem
522 2687 615 2745 vitam
633 2687 749 2746 referre
766 2686 867 2744 nullus
884 2684 998 2744 dubito.
1032 2685 1117 2742 cuius
1135 2683 1316 2755 emendatio,
1334 2684 1405 2762 quia

269 2786 398 2845 eandem
414 2787 566 2845 fortunam
583 2807 675 2866 passa
692 2795 738 2845 est
755 2797 846 2864 atque
862 2785 1011 2845 Parsiana
1024 2786 1103 2856 vita,
1121 2783 1229 2843 cadom
1243 2785 1405 2864 prudentia

267 2886 455 2946 instituenda
485 2895 540 2945 est.
584 2887 666 2966 quod
693 2902 761 2945 cum
786 2887 905 2945 Kellios
931 2884 1126 2961 neglegeret,
1154 2885 1216 2945 tale
1240 2894 1404 2945 monstrum

269 2989 440 3047 sententiae
455 2990 629 3066 procreavit
648 3009 678 3067 p.
694 2997 742 3061 52,
760 3000 868 3066 seqq:
888 2990 923 3045 P.
948 2989 1089 3060 Veraitius
1103 2987 1188 3045 Maro
1207 2998 1294 3046 uatus
1313 2992 1405 3047 idibus

271 3092 437 3147 Octobribus
460 3090 564 3147 Crasso
588 3099 614 3147 ct
635 3092 769 3164 Pompeio
791 3091 953 3146 consulibus
972 3096 1064 3145 aratra
1088 3089 1187 3162 Μαρία
1211 3092 1294 3163 Polla
1317 3098 1405 3163 patra

269 3194 377 3248 rustico
399 3194 430 3248 iu
450 3194 513 3248 uico
538 3193 679 3259 Andibus,
709 3194 759 3264 qui
778 3192 857 3248 abest
875 3210 892 3247 a
913 3191 1035 3249 Mantua
1055 3195 1133 3249 mitia
1155 3209 1295 3264 passuum
1314 3194 1407 3249 XXX

269 3295 347 3349 tenui
370 3292 512 3365 facultate
537 3296 672 3349 nutritus.
711 3310 821 3369 nempe
847 3300 917 3349 sunt
937 3290 1016 3351 duae
1040 3294 1225 3364 sententiae,
1253 3312 1329 3371 quas
1353 3311 1403 3351 ex·

269 3400 390 3471 oerptor
404 3412 465 3451 non
480 3400 541 3449 tani
559 3393 766 3470 pronuntiavit
785 3412 874 3470 quam
891 3392 1038 3467 signavit,
1060 3402 1094 3451 ut
1114 3402 1184 3472 post
1202 3396 1295 3450 XXX
1311 3394 1421 3451 inter-¹·

157 3496 160 3505 '
267 3492 462 3571 pungendum
486 3494 535 3553 sit.
573 3503 706 3552 ceterum
735 3494 813 3551 sicut
839 3494 904 3570 ipse
935 3495 1166 3553 commentarius
1190 3492 1404 3552 emblematum

267 3592 354 3653 labes
374 3596 481 3666 traxit,
509 3595 552 3653 ita
575 3614 674 3673 neque
698 3594 769 3653 huic
791 3595 874 3652 vitae
895 3596 1034 3672 quamvis
1055 3594 1141 3654 brevi
1159 3592 1404 3672 interpolatricea

268 3714 374 3754 manus
398 3702 568 3773 paruerunt
606 3715 623 3754 e
646 3696 785 3772 margine
809 3695 889 3753 euim
911 3696 1105 3774 inrepserunt
1128 3715 1166 3755 ea
1189 3695 1318 3774 quaein
1343 3695 1404 3754 fine

268 3798 351 3856 vitae
371 3805 476 3855 extant
491 3817 521 3875 p.
540 3805 590 3869 sl,
610 3808 716 3877 lsqq.:
740 3800 816 3869 quod
831 3806 858 3854 et
878 3799 999 3856 Seruius
1020 3801 1114 3856 Varus
1133 3801 1187 3856 troc
1205 3805 1327 3856 testatur
1344 3801 1402 3870 api-

267 3907 443 3972 promurale:

396 4005 521 4060 iusserat
535 4002 607 4057 baec
622 4003 735 4073 rapidis
750 4002 860 4058 aboleri
872 4002 1004 4058 carmina
1017 4002 1141 4074 fiammis

477 4103 632 4174 Verpiiius,
649 4104 809 4175 Pluyqium
824 4118 899 4174 quae
913 4104 1043 4159 cecinere
1057 4106 1166 4160 ducem.

399 4204 494 4260 Tucca
508 4210 588 4260 uetat
609 4205 770 4276 Variusque
785 4206 871 4260 simul
874 4225 885 4265 ,·
907 4211 937 4260 tu
952 4209 1079 4262 maxima
1093 4206 1201 4262 Caesar

470 4322 527 4360 riou
542 4307 592 4362 tibi
606 4308 657 4362 seii
672 4306 772 4363 Latiae
787 4307 914 4361 consutis
927 4306 1074 4362 historiae.

268 4423 344 4484 quoe
374 4422 481 4463 versus
511 4424 571 4463 non
597 4404 687 4464 Servi
712 4405 787 4465 Vari
813 4404 868 4464 sed
894 4406 1012 4485 Sulpici
1038 4404 1303 4499 Karthaginierisis
1334 4423 1403 4464 esse
