3200 4992
223 410 282 476 138
599 432 642 471 us
664 431 751 473 vrars
775 431 989 473 rscvsrarsvs

223 588 262 651 ιε
291 599 411 642 auersa
437 577 647 642 obelismene.
688 594 730 674 3}
755 576 942 641 ceraunios.
972 603 1006 635 ss
1028 576 1140 641 obelus
1169 577 1365 662 adpunctus.

218 690 301 752 -<
316 676 429 743 obelus
444 699 518 741 cum
534 694 663 742 auersa.
684 689 719 753 >
739 676 829 764 diple
841 698 981 763 superne
997 676 1137 742 obelata.
1160 666 1202 753 ”>”
1220 665 1263 752 ”<“
1276 685 1366 742 recta

222 790 254 844 et
276 799 393 843 auersa
415 800 555 865 superne
574 777 734 845 obelatae.
770 769 808 847 >⁹<
830 778 885 842 chi
914 789 947 842 et
967 802 1015 845 ro·
1053 787 1073 871 ι
1098 778 1174 843 fiet
1195 801 1243 843 ro.
1272 765 1365 861 lan-

218 900 296 947 cora
319 880 476 964 superior.
533 880 538 964 Ι
563 900 684 943 ancora
705 878 853 943 inferior.
879 879 1004 963 alogus.

303 978 366 1044 His
389 979 468 1044 solis
491 966 811 1045 inhonorationem
826 979 927 1044 Ennii
943 980 1063 1044 Lucilii
1087 988 1119 1045 et
1136 980 1387 1046 historicorum³
1405 1042 1420 1053 ,

219 1083 271 1147 usi
295 1090 372 1146 sunt
386 1080 612 1165 Vargunteius
634 1081 763 1145 Ennius
780 1081 963 1167 Aeliusque
986 1090 1019 1144 et
1039 1089 1204 1166 postremo
1227 1082 1364 1163 Probus,

119 1224 127 1238 ,
219 1186 276 1271 qui
303 1181 377 1246 illas
407 1187 439 1245 in
460 1180 601 1267 Virgilio
624 1191 657 1247 et
679 1182 818 1247 Horatio
838 1191 872 1245 et
890 1180 1045 1246 Lucretio
1066 1184 1219 1268 apposuit
1241 1193 1277 1247 ut
1299 1181 1366 1248 Ho-

220 1305 310 1348 mero
333 1281 556 1346 Aristarchus.

309 1421 344 1429 -
378 1382 492 1446 obelus
526 1383 678 1450 uersibus
710 1384 885 1469 apponitur
916 1382 977 1446 hac
1009 1403 1117 1447 causa.
1170 1383 1364 1449 Pisistratus

219 1482 384 1570 quondam
402 1482 655 1549 Atheniensium
670 1492 831 1571 tyrsum
852 1482 1039 1548 inordinata
1056 1495 1089 1548 et
1105 1484 1243 1549 confusa
1257 1484 1364 1549 adhuc
1375 1493 1401 1535 ιθ

219 1588 309 1671 poesi
323 1584 461 1649 Homeri
481 1587 626 1670 praemio
641 1584 821 1650 sollicitare
845 1585 1016 1671 proposuit
1038 1587 1166 1673 eosqui
1186 1604 1258 1649 eam
1282 1586 1365 1650 ordi-

219 1695 337 1750 narent
370 1686 476 1776 iisque
507 1686 645 1772 praemii
675 1688 808 1750 nomine
835 1688 870 1750 in
898 1684 1045 1770 singulos
1073 1704 1188 1751 uersus
1218 1688 1365 1772 singulos

220 1786 332 1852 obolos
360 1787 537 1851 constituit.
578 1787 728 1852 mercede
760 1785 853 1851 multi
881 1778 1007 1849 inducti
1036 1807 1215 1874 pauperes,
1244 1787 1365 1874 quibus

219 1889 387 1971 ingenium
420 1886 594 1971 affluebat,
634 1890 789 1973 quoniam
822 1896 881 1951 aut
915 1888 1065 1952 inuenire
1101 1898 1159 1952 aut
1191 1888 1365 1975 disponere

224 1988 289 2071 (ιιι)
312 1986 453 2052 debebat
476 2011 543 2053 non
559 1998 726 2075 poterant,
757 1987 912 2075 fingendo
939 1987 1097 2074 plurimos
1119 2010 1235 2054 uersus
1258 1991 1365 2077 operis
1376 1998 1402 2037 ¹⁵

218 2088 424 2153 nobilitatem
440 2098 662 2176 corruperunt.
697 2090 784 2154 unde
803 2090 928 2169 euenit,
950 2098 986 2152 ut
1006 2099 1123 2177 postea
1136 2091 1366 2176 prudentiores

219 2189 301 2273 uiri,
330 2210 469 2276 quorum
491 2212 635 2254 summus
658 2192 693 2254 in
713 2190 775 2254 hac
801 2213 837 2255 re
867 2190 930 2254 fuit
957 2191 1185 2276 Aristarchus,
1215 2194 1366 2280 quotiens

128 2362 130 2365 v
219 2290 434 2383 inprobarent
450 2312 566 2355 uersus
589 2292 683 2377 quasi
705 2302 762 2357 aut
782 2293 885 2357 malos
902 2300 959 2354 aut
979 2313 1045 2355 non
1060 2291 1269 2373 Homericos,
1292 2295 1367 2360 obe·

220 2391 288 2455 lum
308 2392 479 2478 potissime
500 2392 679 2456 notandum
697 2394 935 2457 existimarent.
969 2384 1043 2456 ham
1067 2404 1099 2457 et
1113 2396 1215 2480 ipsius
1230 2394 1366 2461 Homeri

222 2494 372 2580 proprios
395 2493 544 2558 sednon
573 2516 613 2583 eo
639 2494 756 2579 dignos
781 2493 894 2557 eadem
916 2493 977 2558 hac
1002 2502 1080 2592 nota
1097 2483 1403 2560 ιιιιιιἀειιιιιιιιιιιιιι.ιο

221 2679 274 2728 quc
294 2663 414 2727 antiquis
439 2663 473 2712 ad
493 2662 698 2715 distinctionem
722 2666 918 2731 scripturarum
943 2667 1111 2716 carminibus
1133 2670 1161 2716 et
1178 2667 1303 2718 historiis
1320 2669 1367 2719 ad·

221 2738 382 2796 posuerunt.
414 2737 481 2779 nota
500 2736 543 2781 cst
556 2730 643 2797 ligura
655 2734 767 2798 propria
786 2734 814 2781 in
827 2730 940 2783 litterae
958 2735 1065 2785 modum
1083 2735 1175 2799 posita
1194 2736 1229 2784 ad
1244 2737 1366 2786 demons-

222 2798 349 2847 trandam
376 2813 597 2863 unamquamque
627 2801 706 2848 uerbi
734 2801 986 2866 sententiarumque
1015 2818 1048 2851 ac
1072 2817 1199 2851 uersuum
1222 2807 1367 2854 rationem.

222 2872 306 2914 notae
326 2871 417 2914 autem
435 2866 563 2916 uersibus
583 2872 756 2932 apponuntur
774 2883 887 2917 numero
905 2870 1005 2934 uiginti
1024 2884 1087 2931 sex,
1111 2885 1182 2934 quae
1201 2877 1263 2920 sunt
1281 2874 1367 2921 nomi-

222 2934 305 2982 nihus
325 2933 536 2997 infrascriptis.
572 2934 730 2985 Asteriscus
753 2936 861 3001 (liparas
883 2937 925 2985 uhi
947 2939 1055 3002 differre
1079 2954 1130 2987 ιιοιι
1146 2944 1267 3001 poterant
1284 2942 1368 3003 omisi)

224 3000 371 3063 adponitur
390 3000 418 3048 in
436 3001 492 3061 his,
512 3016 582 3064 qrrae
601 3002 703 3052 omissa
721 3010 797 3063 suunt,
818 3008 848 3052 ut
866 3004 1034 3053 inluciscant
1052 3021 1175 3069 peream
1191 3011 1367 3071 actamquae

220 3066 482 3137 ‹leesseuidentun
521 3069 604 3119 stella
636 3072 709 3119 enim
737 3061 827 3136 α’στὴρ
856 3071 956 3120 dicitur
979 3072 1088 3121 Graeco
1111 3087 1248 3133 sermone,
1275 3090 1291 3123 a
1315 3091 1368 3139 quo

221 3135 373 3183 asteriscus
393 3134 543 3185 deriuatus.
581 3136 686 3188 Obelus
704 3139 733 3187 id
752 3145 795 3188 est
812 3139 921 3203 uirgula
947 3140 1042 3189 iacens
1062 3142 1209 3205 apponitur
1227 3142 1256 3190 in
1274 3143 1368 3193 uerbis

219 3201 265 3250 uel
289 3203 318 3250 in
341 3204 489 3253 sententiis
513 3206 650 3269 superflue
674 3208 783 3256 iteratis
808 3206 907 3255 seu'iu
930 3207 973 3255 his
996 3207 1079 3267 locis,
1103 3208 1151 3257 ubi
1169 3206 1254 3257 lectio
1273 3210 1369 3275 aliqua

221 3268 348 3318 falsitate
361 3275 458 3320 notata
473 3277 528 3331 est,
549 3277 580 3320 ut
598 3274 677 3336 quasi
691 3275 795 3337 sagitta
808 3273 915 3337 iugulat
927 3289 1099 3340 superuacua
1113 3281 1196 3340 atque
1212 3275 1284 3327 falsa
1303 3292 1366 3327 con·

221 3336 318 3386 fodiat.
356 3339 462 3403 sagitta
481 3339 554 3388 enim
573 3356 674 3405 graece
693 3331 791 3406 ὄβελος
809 3341 918 3390 dicitur.
955 3342 1059 3391 Obelus
1078 3357 1195 3408 superne
1216 3343 1369 3409 adpunctus
1428 3354 1437 3362 “

220 3406 332 3470 ponitur
345 3407 373 3453 in
385 3406 429 3455 his
441 3406 475 3455 de
490 3407 588 3471 quibus
601 3408 745 3458 dubitatur
757 3414 847 3458 utrum
859 3408 919 3459 tolli
931 3408 1052 3459 debcant
1070 3425 1167 3460 necne.
1242 3412 1368 3461 Lemnis-

221 3486 274 3521 cus
290 3472 317 3521 id
336 3479 378 3523 est
396 3473 505 3537 uirgula
523 3476 596 3524 inter
613 3476 737 3540 geminos
755 3482 871 3540 punctos
894 3477 991 3526 iacens
1010 3478 1158 3542 apponitur
1180 3479 1209 3529 in
1228 3478 1270 3529 his
1287 3479 1367 3541 locis,

222 3554 292 3604 quae
317 3554 415 3590 sacrae
439 3543 593 3606 scripturae
617 3544 784 3608 interpretes
809 3543 905 3593 eodem
929 3559 1011 3594 sensu
1034 3545 1082 3595 sed
1101 3545 1219 3595 diuersis
1229 3548 1368 3596 'sermoni-

221 3607 273 3656 bus
292 3609 503 3658 transtulerunt.
524 3611 538 3672 γ’
558 3609 746 3675 Antigraphus
765 3627 825 3660 cum
850 3616 952 3676 puncto
971 3612 1132 3678 adponitur,
1156 3615 1205 3663 ubi
1230 3616 1260 3663 in
1278 3620 1368 3664 trans-

221 3674 374 3725 lotionibus
393 3676 518 3728 diversus
536 3693 633 3728 sensus
650 3677 778 3728 hahetur.
813 3679 969 3729 Arteriseus
989 3696 1048 3730 curn
1068 3681 1158 3731 obelo.
1189 3682 1241 3732 hoe
1259 3683 1369 3748 proprie

221 3741 398 3793 Aristarchus
421 3744 551 3795 utebatur
575 3746 603 3794 in
625 3745 669 3794 his
698 3745 825 3796 uersibus
849 3748 895 3810 qui
919 3763 973 3797 non
1001 3764 1050 3797 suo
1079 3749 1140 3798 loco
1167 3750 1251 3813 positi
1281 3755 1366 3800 erant.

221 3805 249 3862 Γ
268 3811 465 3876 Peragraphus
483 3815 594 3878 ponitur
611 3814 648 3863 ad
666 3813 836 3879 separandas
855 3829 899 3862 rea
918 3832 935 3866 a
948 3816 1030 3866 rehus
1049 3817 1162 3880 quaein
1180 3832 1286 3867 conexu
1304 3833 1368 3868 cou-

221 3924 240 3929 δ
252 3923 552 4044 —hsripmrobelam
568 3970 597 4024 P
608 3961 622 4047 ΙΙ
637 3977 655 4030 3
672 3964 794 4025 obelata
812 3970 840 4026 P
853 3898 902 4048 ssipi
916 3971 944 4027 P
956 3964 970 4049 ΙΙ
985 3969 1118 4028 anchora
1139 3971 1167 4026 P
1179 3966 1230 4045 (sic
1244 3968 1368 4049 semper)

221 4044 234 4132 ΙΙ
251 4055 328 4126 alepi
346 4058 414 4110 notu
436 4055 580 4109 intercidit
595 4045 608 4133 ll
629 4062 645 4112 ὁ
663 4051 768 4110 hennii
787 4055 814 4111 P
832 4051 845 4133 ll
869 4053 982 4113 Lucilii
999 4056 1160 4128 Bcrplcius:
1181 4054 1253 4113 lucii
1271 4059 1299 4115 P
1318 4049 1332 4137 ll
1351 4064 1369 4117 6

222 4186 428 4263 Vargunteius
445 4172 605 4260 Bcrplcius:
625 4207 731 4245 uarros
748 4186 876 4247 hennius
895 4191 924 4246 P
935 4183 949 4269 ΙΙ
964 4187 1134 4267 Aeliusque
1149 4195 1269 4264 scripsi:
1294 4189 1366 4248 hae-

223 4270 283 4329 lias
296 4291 332 4329 ae
356 4290 414 4329 uae
424 4271 450 4329 P
462 4270 588 4329 Laelius
599 4271 771 4331 Archelaus
783 4278 856 4331 corsi.
873 4273 1020 4347 Berplrius
1034 4268 1047 4355 ΙΙ
1066 4283 1095 4335 ll
1110 4275 1239 4353 quicum
1252 4278 1384 4348 scripsi·

221 4354 294 4434 quia
305 4290 360 4436 Pl}
375 4354 552 4413 ordinarent
566 4360 687 4433 scripsi.-
704 4356 898 4417 ordinassent
911 4359 938 4414 P
951 4352 956 4436 l
982 4368 1015 4421 13
1030 4357 1135 4417 obelos
1149 4363 1176 4418 P
1187 4355 1202 4440 ll
1220 4370 1249 4421 15
1266 4369 1300 4418 ut
1317 4363 1369 4416 od-

167 4484 176 4501 ι
221 4443 281 4497 didi
294 4434 308 4520 {l
326 4449 359 4501 18
379 4438 555 4517 inprobaret
574 4443 602 4499 P
616 4435 628 4521 ll
648 4450 681 4503 19
697 4440 906 4501 crhistimaret
917 4432 951 4500 'P
971 4437 1025 4523 l²⁰
1041 4452 1073 4504 et
1085 4445 1112 4500 P
