3218 5000
635 427 677 468 ns
700 428 841 471 sarvars
865 428 973 469 aranu
1314 413 1377 477 229

232 592 310 657 bes:
355 592 408 657 hio
428 601 681 657 strennorms.
727 607 862 655 oraorvs
885 592 941 677 qui
969 599 1001 655 et
1028 608 1237 656 rnnnscrss:
1282 592 1335 656 hic
1358 614 1378 655 a

234 694 358 759 dextris
374 693 605 782 septentrionis
620 694 774 756 intonans
790 692 870 756 lacit
885 695 978 757 niues
998 703 1030 758 et
1045 693 1242 778 grandinum
1259 716 1377 778 coagu-

233 795 382 860 lationes.
427 810 560 872 AQVJLO
582 795 637 881 qui
660 805 693 858 et
720 809 856 857 nonnas
882 802 1019 859 uocatur
1046 816 1089 857 ex
1115 794 1181 859 alto
1210 794 1294 859 flans
1322 818 1376 879 ge·

233 896 318 961 lidus
338 896 445 983 adque
468 897 574 961 siccus
596 904 629 959 et
649 896 719 958 sine
740 892 868 980 pluuia,
891 896 947 981 qui
970 918 1035 961 non
1050 895 1184 960 discutit
1197 896 1301 961 nubes
1319 895 1377 961 sed

212 999 376 1082 astringit.
420 996 584 1061 secundus
610 1006 781 1060 uentorum
803 995 980 1061 cardinalis
1003 1012 1240 1075 svesonnnvs,
1268 998 1379 1084 quiet

234 1114 445 1163 senatores:
495 1097 548 1162 hic
577 1096 619 1162 ab
654 1105 726 1161 ortu
760 1097 838 1161 solis
870 1099 996 1162 intonat
1022 1106 1055 1162 et
1085 1106 1136 1162 est
1165 1108 1376 1185 temperatus.

177 1250 181 1255 .
233 1216 444 1263 vvn'rvauvs·
463 1202 519 1287 qui
540 1207 572 1264 et
594 1213 738 1262 csscms
760 1199 897 1263 uocatur
917 1198 1086 1264 dexterior
1108 1198 1291 1265 subsolani:
1325 1199 1378 1264 hic

233 1356 325 1405 nentis
343 1354 543 1422 principalibus
560 1354 711 1404 declaratis
730 1369 776 1403 eos
795 1354 841 1418 qui
859 1353 926 1419 ipsis
944 1354 1041 1406 dextra
1057 1355 1194 1420 laeuaque
1212 1355 1298 1405 iuncti
1316 1360 1380 1404 sunt

234 1422 396 1473 indicemus.
434 1438 552 1474 auerno
575 1423 669 1486 itaque
693 1421 812 1471 solstitio
836 1420 864 1470 id
888 1428 931 1470 est
954 1422 988 1471 ab
1012 1422 1140 1471 orientali
1164 1423 1276 1473 cardine
1295 1423 1376 1472 sumi-

234 1506 293 1540 mus
312 1491 460 1551 exordium,
480 1507 513 1540 cx
532 1504 583 1554 quo
602 1494 700 1539 uentus
719 1489 805 1538 oritur
821 1478 984 1565 α’πῃλιιότης
1002 1490 1030 1538 id
1048 1495 1090 1539 est
1107 1490 1280 1541 subsolanus.
1314 1490 1378 1539 huic

235 1574 253 1608 a
270 1558 367 1607 dextra
384 1558 506 1623 iungitur
523 1556 652 1614 καικίαςε
673 1573 689 1606 a
707 1556 820 1606 sinistra
839 1569 921 1619 roone
939 1558 998 1607 siue
1016 1557 1169 1608 nulturnus.
1197 1550 1377 1608 merididnnm

236 1630 327 1675 antem
347 1626 487 1675 cardinem
506 1625 626 1690 possidet
650 1615 732 1680 νότος
755 1623 782 1673 id
806 1630 848 1673 est
871 1628 971 1675 auster.
1007 1624 1072 1674 huic
1096 1641 1112 1674 a
1136 1626 1233 1676 dextra
1256 1626 1379 1691 iungitur

235 1685 403 1752 λευκόνοτος
427 1693 454 1742 id
478 1700 520 1742 est
543 1692 622 1742 albus
640 1696 734 1741 notus:
759 1692 909 1741 asinistra
932 1683 1078 1757 λιβόνοτος
1096 1693 1124 1742 id
1148 1699 1190 1743 est
1208 1709 1295 1743 corus.
1332 1709 1377 1743 oc·

235 1761 401 1811 cidentalcm
420 1777 485 1810 uero
504 1760 645 1809 cardinem
663 1764 741 1808 tenet
758 1752 879 1824 ζέφυρος
897 1760 925 1809 id
949 1764 991 1809 est
1008 1760 1244 1825 subnespertinus.
1278 1760 1343 1811 huic
1362 1776 1379 1810 a

235 1829 332 1878 (lextra
350 1829 473 1894 iungitur
491 1824 543 1890 λὶψ
561 1828 619 1876 siue
638 1826 761 1876 Africus:
781 1842 797 1875 a
810 1826 924 1877 sinistra
936 1821 1025 1889 ῖοίπυξ
1038 1828 1097 1878 sine
1109 1829 1245 1878 fanonins.
1269 1834 1378 1893 septen-

234 1895 379 1945 trionalem
397 1911 463 1945 nero
482 1894 623 1945 cardinem
640 1896 752 1943 sortitus
770 1899 813 1944 est
831 1884 992 1958 duceretur
1010 1896 1069 1945 siae
1082 1896 1248 1976 septentrio:
1268 1897 1313 1946 cni
1331 1896 1378 1945 ad·

235 1963 333 2014 haeret
352 1980 368 2012 a
387 1964 484 2012 dextra
502 1960 647 2027 θρασκίας
664 1962 724 2010 siue
744 1963 857 2011 circius:
882 1978 899 2011 a
918 1963 1031 2012 sinistra
1049 1960 1153 2030 βορεας
1170 1964 1198 2013 id
1217 1969 1259 2013 est
1277 1963 1378 2026 aquilo.

235 2030 330 2081 horam
354 2031 459 2095 impetu
481 2030 569 2079 maria
592 2045 663 2094 quae
685 2044 736 2078 sna
758 2034 856 2094 sponte
875 2029 1025 2093 tranquilla
1048 2034 1111 2080 sunt
1134 2036 1162 2080 et
1180 2031 1275 2096 quieta
1299 2030 1379 2079 undis

236 2100 429 2148 aestuantibus
452 2098 589 2148 saeuiunt,
629 2097 724 2147 boram
745 2097 812 2146 flatu
835 2113 883 2162 pro
907 2104 1007 2147 natura
1025 2104 1177 2163 temporum
1195 2098 1240 2147 nel
1258 2098 1379 2148 loconun

236 2182 269 2215 ex
287 2165 418 2231 procellis
440 2167 577 2215 serenitas
601 2164 722 2220 redditur
745 2168 775 2214 et
796 2179 888 2214 rrrrsus
911 2165 939 2213 in
958 2164 1094 2229 procellas
1113 2180 1212 2215 serena
1230 2169 1378 2215 mutantur.

235 2249 298 2283 uam
323 2233 443 2283 secundo
467 2234 617 2298 spiramine
641 2235 750 2296 optatos
775 2230 873 2281 classis
896 2231 1003 2299 inuenit
1026 2238 1133 2297 portus,
1164 2234 1280 2283 aduerso
1303 2238 1378 2281 stare
1449 2290 1453 2301 ,

235 2301 280 2349 nel
300 2301 410 2366 regredi
428 2306 477 2350 aut
499 2300 646 2349 discrimen
663 2298 800 2348 sustinere
819 2298 999 2364 compellitur.
1037 2304 1065 2349 et
1086 2298 1150 2351 ideo
1172 2300 1288 2351 difficile
1311 2315 1379 2349 nau·

236 2369 356 2433 fragium
374 2368 500 2433 pertulit,
520 2367 566 2431 qui
584 2372 728 2417 uentorum
745 2365 879 2416 rationem
895 2367 1046 2432 diligenter
1064 2366 1202 2431 inspexit!
1238 2367 1379 2432 ampelius

237 2434 282 2495 (ex
300 2436 395 2501 Nigidi
414 2435 507 2499 Figuli
524 2434 603 2484 libris
621 2433 654 2483 de
674 2435 774 2495 ventis)
793 2433 821 2482 5:
842 2434 893 2483 ‘De
913 2433 1012 2484 uentis.
1049 2435 1132 2484 Venti
1156 2434 1225 2484 liunt
1248 2452 1281 2485 ex
1306 2434 1379 2484 aeris

236 2511 309 2553 motu
329 2510 356 2553 et
369 2503 564 2563 inclinatione3
583 2506 648 2551 sunt
666 2505 756 2551 autem
774 2501 920 2566 generales
938 2506 1078 2566 quattuor:
1098 2517 1178 2552 curus
1192 2503 1263 2552 idem
1277 2502 1381 2567 apelio-

236 2576 279 2619 tes
297 2571 369 2621 idem
387 2571 528 2620 uolturnus
548 2570 722 2619 oboriente:
747 2569 782 2617 ab
801 2569 946 2619 occidente
965 2568 1100 2635 zephyrus
1118 2570 1190 2619 idem
1209 2586 1288 2620 eorus
1306 2570 1380 2618 idem

236 2639 379 2688 sanonius:
399 2637 491 2702 aquilo
509 2637 608 2686 boreas
628 2638 770 2702 aparctias
788 2636 860 2685 idem
878 2653 895 2687 a
913 2638 1116 2701 septentrione:
1142 2643 1222 2688 notus
1236 2637 1307 2687 idem
1325 2636 1379 2686 libs

237 2712 266 2756 et
285 2711 378 2755 auster
401 2710 429 2754 et
451 2705 556 2755 alricus
580 2720 597 2753 a
619 2704 742 2754 meridie.
787 2703 817 2754 hi
845 2709 908 2753 suat
935 2710 1065 2768 quattuor
1092 2705 1244 2770 generales.
1292 2705 1379 2754 ceteri

237 2773 374 2839 speciales
393 2772 600 2834 adscribuntur,
625 2776 656 2820 nt
675 2771 757 2836 iapyx
776 2771 909 2837 zephyro,
930 2773 975 2837 qui
994 2772 1029 2821 ab
1047 2773 1163 2837 Iapygio
1182 2773 1300 2838 Apuliae
1319 2788 1378 2837 pro·

237 2841 372 2891 montorio
391 2841 451 2901 flou
470 2840 632 2889 leuconotus
655 2845 719 2888 noto
745 2854 805 2888 cum
828 2839 951 2888 serenior
968 2840 1030 2901 ilat3
1055 2840 1157 2890 circius
1176 2840 1299 2905 aquiloni
1318 2854 1378 2889 curn

237 2908 426 2958 uehementior
444 2906 552 2957 Gallias
575 2907 687 2971 perflat:
712 2908 778 2956 item
801 2908 921 2966 etesiae,
946 2908 993 2971 qui
1016 2908 1097 2957 statis
1120 2907 1217 2957 diebus
1240 2909 1309 2957 flant
1332 2923 1380 2972 per

238 2973 394 3026 aestatem'
430 2976 539 3025 Seneca
556 2974 588 3023 N.
608 2975 641 3035 Q.
661 2974 684 3023 V
707 2972 748 3022 16:
768 2973 860 3023 ‘Venti
879 2978 997 3038 quatuor
1015 2980 1078 3025 suut
1097 2976 1124 3024 in
1143 2980 1231 3025 ortum
1250 2989 1379 3026 occasum

237 3043 379 3094 meridiem
403 3043 680 3107 septemtrionemque
704 3041 797 3090 diuisi.
838 3043 925 3091 ceteri
950 3057 1017 3107 quos
1040 3044 1128 3092 uariis
1151 3044 1308 3093 nominibus
1332 3042 1379 3091 ad·

238 3111 372 3177 pellamus
390 3108 434 3159 his
452 3108 637 3175 applicantur.

390 3192 470 3227 eurus
489 3177 524 3226 ad
542 3176 674 3226 Auroram
692 3175 893 3240 Nabataeaque
913 3192 999 3242 regna
1018 3178 1137 3228 recessit

388 3242 560 3308 Persidaque
578 3249 606 3293 et
624 3243 711 3292 radiis
728 3243 794 3309 iuga
812 3244 923 3294 subdita
941 3245 1094 3294 matutinis.

388 3327 489 3376 uesper
506 3318 535 3361 et
553 3311 668 3361 occiduo
688 3326 758 3375 quae
777 3311 860 3361 litora
878 3311 936 3361 sole
953 3316 1100 3377 tepescunt

390 3379 514 3444 proxima
532 3384 596 3428 sunt
615 3378 750 3443 zephyris.
786 3379 928 3442 Scythiam
947 3385 1104 3445 septemque
1124 3379 1228 3429 triones

389 3447 508 3497 horrifer
527 3446 631 3495 inuasit
648 3446 759 3496 boreas:
781 3446 921 3496 contraria
938 3446 1020 3515 tellus

389 3514 506 3563 nubibus
525 3513 648 3563 adsiduis
666 3514 813 3579 plunioque
832 3514 969 3564 madescit
987 3515 1021 3564 ab
1041 3519 1142 3564 austro.

238 3583 281 3633 nal
301 3583 325 3632 si
343 3581 455 3632 breuius
478 3580 539 3630 illos
563 3581 701 3645 conplecti
720 3582 821 3645 mauis,
847 3583 874 3631 in
893 3597 975 3631 unam
993 3587 1197 3647 tempestatem,
1217 3581 1287 3645 quod
1306 3581 1381 3630 nullo

237 3651 315 3701 modo
334 3650 393 3700 lieri
412 3653 516 3714 potest,
537 3655 753 3712 congregentur:

389 3731 445 3766 nna
465 3730 599 3781 aurasque
619 3720 751 3780 notasque
770 3723 852 3766 ruunt
871 3717 1022 3782 creberque
1040 3716 1170 3782 procellis

392 3784 504 3834 Africus
897 3781 902 3791 '

244 3881 439 3890 a———--—-

325 3932 336 3982 l
354 3921 488 3999 apartias
502 3922 528 3978 A
546 3920 680 3997 epartius
695 3924 722 3978 B
737 3915 750 4001 ΙΙ
766 3921 875 3980 dicitur
895 3925 961 3981 add.
982 3918 1070 4003 BA²l
1092 3922 1205 4001 tracias
1221 3926 1244 3979 A
1260 3925 1382 3981 tractus

239 4011 266 4065 B
280 4000 294 4088 ΙΙ
310 4005 349 4065 ad
361 4011 384 4063 A
396 4005 457 4064 had
473 4002 511 4063 ΒΙ
528 3996 542 4085 ll
556 4011 574 4064 2
586 4002 720 4065 dexteris
733 4010 759 4063 B
774 4000 787 4086 ΙΙ
804 4004 1028 4065 consolationes
1046 4014 1068 4064 A
1099 4006 1326 4083 coagulationes
1343 4002 1382 4063 A²

238 4087 474 4171 quoagulatione
492 4086 530 4146 B¹
550 4088 762 4166 coagulatione
781 4085 817 4147 13²
838 4083 852 4171 ΙΙ
873 4090 1009 4168 esquilo
1024 4101 1133 4150 uentus
1152 4086 1216 4149 ΒΑ2
1235 4085 1249 4172 ΙΙ
1272 4089 1382 4149 boreus

242 4170 325 4255 Bllt
346 4173 473 4233 discut&
491 4171 526 4232 A¹
548 4165 563 4253 ll
584 4172 695 4253 nabes]
718 4175 839 4253 pluuias
862 4171 898 4232 B¹
915 4171 928 4253 ll
945 4175 1000 4234 sed
1021 4196 1074 4233 om.
1095 4170 1178 4256 Allo
1200 4176 1322 4234 strinxit
1344 4170 1380 4231 A¹
1415 4245 1421 4255 ι

237 4264 288 4318 sed
307 4265 371 4318 eorl.
390 4278 466 4316 mna.
483 4278 562 4317 corr.
577 4253 591 4339 Η
607 4258 783 4319 secunduli
797 4254 810 4339 ΙΙ
826 4258 988 4319 cardinalis
1003 4263 1027 4317 A
1042 4255 1086 4340 116
1102 4260 1251 4339 spoliatos
1269 4263 1293 4316 A
1310 4279 1382 4336 apo·

223 4332 328 4402 'listas
345 4348 376 4402 B
392 4338 406 4423 Η
427 4354 493 4401 orto
513 4341 549 4400 Βι
573 4343 587 4423 l]
606 4352 621 4407 Ἰ
639 4344 797 4403 uultumus
811 4344 878 4423 ipse
893 4348 961 4407 AB,·
982 4344 1049 4422 ipse
1064 4347 1155 4403 delevi
1169 4340 1182 4424 ll
1198 4342 1311 4402 calcias
1328 4345 1382 4399 AB

241 4427 377 4488 calchias
398 4429 577 4503 ‘Tranquilli
596 4429 706 4488 uersus’
