3194 5004
270 403 333 464 482
686 426 719 466 rs
733 426 832 467 vrrau
846 428 996 468 rnuuuru

272 575 311 633 de
333 576 462 653 singulis
484 575 702 655 discrepantiis
725 577 798 657 quid
819 577 946 636 tandem
966 579 1011 637 rei
1035 587 1116 638 esset
1139 580 1277 659 quaesivi
1299 600 1316 640 e
1342 583 1408 642 viro

272 666 534 758 praestantissimo
552 676 663 737 Oarolo
678 677 850 737 Benedicto
865 680 979 738 Hasio:
1003 681 1087 739 cuius
1108 681 1339 761 incomparabili
1354 684 1407 742 hu·

270 782 417 839 monitate
433 789 494 839 tam
511 789 542 838 et
557 789 697 859 prompte
710 788 741 839 et
755 780 850 857 plene
862 799 1043 859 responsum
1056 788 1116 855 est,
1133 791 1167 843 ut
1181 784 1241 842 iam
1256 793 1408 865 tamquam

272 902 337 941 cum
353 882 523 961 pulvisculo
541 881 706 941 exhaustus
723 900 791 940 esse
808 900 875 940 cum
889 882 1048 942 thesaurus
1064 884 1117 942 ille
1132 884 1279 944 bonitatis
1295 887 1407 945 Parisi-

272 986 368 1044 nusd
390 993 451 1042 tum
466 985 560 1061 longo
576 983 614 1041 ab
636 984 688 1043 illo
705 984 868 1041 intervallo
885 983 1002 1044 distans
1019 988 1046 1042 B
1066 985 1166 1045 videri
1188 985 1311 1046 debeat.
1341 988 1408 1046 Nisi
1514 1007 1520 1018 ·

272 1085 355 1166 quod
370 1107 431 1145 uuo
448 1085 487 1143 de
509 1086 575 1143 loco
592 1086 722 1143 fortasse
744 1104 807 1142 non
822 1104 946 1163 prorsus
962 1085 1002 1144 ad
1017 1088 1178 1147 veritatem
1200 1096 1328 1149 testatus
1344 1110 1408 1148 sum

272 1187 472 1247 adnotatione
488 1185 528 1245 ad
543 1208 574 1265 p.
587 1193 630 1260 97,
646 1194 693 1247 12:
708 1185 760 1245 ubi
772 1192 867 1245 amari
880 1190 915 1246 ab
930 1180 984 1247 bis‘
997 1193 1098 1248 credat
1111 1209 1179 1249 esse
1193 1191 1263 1248 inA
1278 1190 1406 1263 vidntur,

271 1310 335 1348 non
353 1291 398 1346 bia
412 1288 599 1368 simpliciter.

357 1392 380 1449 C
397 1389 613 1448 Leidensis
628 1388 857 1463 membraneus,
873 1391 906 1449 in
921 1391 1082 1451 Vossianis
1101 1401 1164 1455 186:
1188 1395 1240 1473 qui
1257 1392 1410 1455 dubitatur

272 1512 343 1550 num
366 1492 445 1550 forte
461 1492 575 1550 saeculi
591 1502 650 1548 xlv
666 1492 715 1550 sit.
752 1492 791 1551 In
812 1491 904 1550 Italia
925 1494 1072 1573 scriptum
1094 1515 1161 1554 esse
1184 1504 1239 1553 otto
1261 1496 1410 1574 scriptura

272 1614 328 1673 pro
344 1601 454 1671 oetop.
471 1601 518 1664 32,
538 1592 699 1653 llindieio
717 1603 772 1651 est.
809 1594 902 1652 Hunc
922 1594 1014 1654 habui
1031 1616 1098 1654 cum
1112 1596 1185 1654 mibi
1202 1598 1355 1656 conlatum
1370 1597 1408 1656 ab

271 1696 413 1772 Eugeuio
428 1693 567 1753 Mehlero
583 1702 646 1753 tum
661 1715 682 1752 a
695 1693 858 1783 Schepeno
874 1694 982 1755 cibis

356 1793 643 1854 DDresdeusis
667 1796 781 1854 ‘.Elect
797 1792 870 1868 5399,
887 1797 964 1875 Reg.
981 1798 1020 1857 D.
1038 1796 1117 1871 101',
1140 1800 1279 1878 partim
1270 1821 1303 1859 rn
1318 1807 1409 1859 mem·

271 1897 376 1956 branis
398 1897 539 1975 partim
531 1917 564 1955 m
587 1897 698 1956 chartis
721 1898 861 1976 scriptus
906 1898 1071 1979 Schopeno
1094 1901 1230 1961 Ioannes
1252 1903 1410 1962 Vahlenus

273 1999 409 2059 contulit.

357 2106 386 2160 Ε
400 2109 431 2160 et
446 2105 474 2159 F
492 2101 649 2160 Vaticanis
664 2099 883 2174 membraneis,
905 2101 960 2161 illo
976 2101 1162 2163 Vrbinati
1177 2112 1244 2177 354,
1267 2104 1327 2164 boc
1340 2106 1410 2165 Re·

273 2206 388 2284 ginae
407 2212 487 2276 1496,
503 2204 548 2263 uti
563 2203 650 2282 potui
665 2200 703 2260 ab
720 2201 836 2261 Ottone
852 2202 1025 2263 Ribbeckio
1042 2206 1180 2265 conlatis.

358 2310 381 2366 G
402 2305 710 2385 Neapolitanum
731 2305 827 2362 musei
841 2304 1007 2364 Borbonici
1022 2316 1071 2368 all
1088 2308 1162 2367 item
1183 2307 1412 2367 membraneum

273 2421 395 2487 rogatus
412 2428 430 2466 a
444 2428 492 2468 mc
509 2407 661 2483 Georgius
677 2406 769 2464 Thilo
786 2408 950 2485 excerpsit.

249 2548 257 2559 ·
357 2510 503 2583 Accedit,
527 2508 582 2568 sed
603 2517 721 2567 tantum
743 2509 776 2567 in
792 2508 909 2567 Donati
925 2510 1059 2568 auctario
1081 2508 1127 2590 (p.
1143 2510 1192 2588 35)
1214 2511 1371 2592 inspectus
1392 2533 1411 2572 a

275 2613 411 2693 Carpere
426 2611 553 2672 Barthio
569 2609 824 2669 Adversariorum
838 2610 891 2669 lib.
908 2622 944 2668 VI
960 2630 1027 2690 cap.
1043 2620 1077 2674 at
1092 2612 1192 2672 codex
1206 2613 1332 2686 Italus
1348 2616 1410 2689 ille,

275 2734 365 2795 quem
385 2714 506 2773 tametsi
519 2696 672 2771 ¹Barthius
695 2711 962 2770 ‘vetustissimum’
983 2713 1071 2787 dicit,
1093 2722 1196 2774 tamen
1212 2736 1275 2774 uon
1293 2715 1410 2776 dubita·

272 2816 320 2874 bis
344 2816 379 2874 in
405 2824 573 2875 ceterorum
599 2834 724 2873 numero
751 2814 940 2873 noviciorum
959 2813 1085 2875 habere.
1106 2848 1148 2857 -
1168 2817 1217 2875 De
1237 2817 1411 2877 Linden-

272 2917 425 2976 bruehii
440 2917 537 2995 copiis
551 2934 607 2974 ms.
624 2923 770 2994 quantum
785 2916 859 2975 satis
874 2916 956 2974 iufra
972 2914 1097 2976 dicetur.
1363 2902 1366 2909 ⁴

357 3019 397 3078 In
422 3019 469 3077 his
496 3015 651 3077 codicibus
680 3024 826 3096 qnantum
850 3016 912 3076 fide
935 3026 966 3077 et
987 3020 1167 3078 auctoritate
1189 3020 1300 3079 ceteris
1321 3028 1410 3080 retus

274 3122 476 3181 Parisinus
493 3123 517 3178 Α
532 3126 683 3199 praestet,
706 3119 831 3197 longum
847 3126 893 3178 est
914 3120 1093 3197 singillatim
1108 3123 1263 3202 persequi.
1299 3123 1328 3182 A
1341 3132 1411 3203 ‘quo

275 3225 341 3283 sive
356 3232 480 3282 auctore
495 3222 562 3281 sive
579 3220 655 3280 duee
676 3221 825 3299 proficisci
841 3220 1016 3281 emendatio
1034 3223 1131 3281 omnis
1150 3231 1185 3282 ut
1205 3243 1224 3281 a
1243 3225 1411 3284 certissimo

275 3324 476 3385 fundamento
493 3323 612 3395 debuit,
630 3343 719 3403 quam
735 3331 836 3381 autem
852 3321 904 3381 diu
920 3331 971 3382 aut
986 3324 1125 3402 profecta
1139 3345 1202 3384 non
1220 3334 1267 3385 est
1281 3336 1411 3386 autnon

275 3430 348 3488 satis
376 3434 555 3487 constanter
580 3423 748 3504 pependit,
775 3422 925 3483 editorum
947 3442 1071 3504 operam
1093 3426 1289 3487 multifariam
1311 3429 1410 3487 elusit.

274 3531 352 3590 Earn
367 3529 587 3611 praestantiam
602 3527 678 3586 raris
694 3525 844 3605 exemplis
859 3527 973 3604 singuli
994 3546 1011 3586 e
1033 3530 1141 3588 esteris
1163 3528 1232 3587 libri
1248 3530 1411 3589 eommuni-

276 3644 362 3693 eant:
388 3632 557 3710 insigniore
583 3629 730 3687 memoria
750 3626 989 3687 Dresdcnsis
1009 3630 1042 3688 in
1066 3634 1247 3704 nigerrimum
1267 3652 1298 3711 p.
1312 3640 1367 3704 39,
1384 3640 1410 3704 4,

260 3735 393 3794 ‘leviore
408 3735 441 3793 iu
455 3736 563 3792 scribet
582 3739 632 3803 99,
649 3738 681 3805 63
701 3729 776 3788 item
791 3729 977 3808 aliquotiens
997 3731 1050 3790 vel
1063 3733 1356 3812 Neapolitanus
1378 3741 1412 3792 ut

276 3858 306 3916 p.
323 3842 366 3909 27,
386 3844 417 3897 12
431 3838 478 3907 ol,
494 3843 545 3907 99,
562 3839 734 3904 isumctur,
751 3840 802 3904 32,
820 3840 853 3895 13
867 3838 1031 3906 cosconius,
1055 3835 1107 3893 rel
1122 3835 1364 3912 Baginensis
1378 3842 1413 3893 ut

277 3959 307 4017 p.
323 3945 373 4011 97,
389 3946 407 3999 4
423 3938 451 3995 C.
467 3957 523 4016 pro
539 3954 617 4005 cum,
634 3943 683 4007 30,
699 3941 714 3996 7
731 3936 883 3993 uehemens
900 3952 976 4005 esse,
1002 3944 1049 4009 31,
1068 3945 1099 3997 13
1117 3936 1286 4010 fabularum
1302 3940 1412 3995 dondu-

276 4059 341 4096 ram
359 4041 480 4114 fecerit,
496 4048 545 4110 35,
568 4046 585 4101 3
605 4039 673 4105 libo,
701 4038 886 4110 suelleyius,
912 4037 963 4095 vel
985 4036 1092 4096 sociati
1116 4008 1358 4116 Reginebsis
1382 4046 1414 4097 et

276 4139 515 4201 Dresdensis
530 4147 564 4199 ut
578 4159 609 4218 p.
625 4146 673 4213 29,
690 4147 706 4200 5
722 4132 860 4207 amatam,
883 4146 931 4212 99,
954 4148 987 4200 10
1000 4156 1111 4196 summu
1125 4158 1251 4215 quoque,
1273 4140 1326 4199 vel
1346 4156 1413 4198 cum

217 4295 227 4318 ,
276 4243 498 4321 Reginensi
523 4238 736 4301 Leidensis
760 4249 791 4299 et
811 4240 1020 4299 Parisinus
1037 4241 1110 4320 Bp.
1127 4250 1173 4316 96,
1190 4246 1321 4316 §spurici
1339 4244 1412 4299 belli,

278 4346 457 4405 Generatim
473 4345 554 4403 enirn
570 4342 718 4402 iudicanti
733 4342 845 4422 reliqui
861 4362 966 4403 omnes
976 4344 1127 4402 communi
1142 4343 1269 4404 vilitatis
1284 4344 1413 4403 notione

274 4430 497 4519 censebuntur,
523 4454 557 4505 ut
581 4445 634 4524 qui
655 4444 707 4503 vel
727 4442 954 4527 transcribendi
972 4445 1172 4522 neglegentia
1187 4447 1238 4505 vel
1253 4446 1333 4504 mala
1348 4463 1413 4503 cor-

306 4615 319 4645 Q
