3200 4992
511 314 553 354 en
578 312 799 354 eaanuarrcre
822 314 862 353 ss
885 314 1090 355 arrarenrnvs
1310 295 1368 357 103

235 460 325 527 simis
351 458 538 525 doctoribus
565 481 700 546 peregre
725 458 929 549 docuerunt,
954 440 1093 525 maxime
1127 462 1159 525 in
1187 460 1297 525 Gallia
1323 470 1370 526 to·

235 569 326 647 gata,
369 562 453 625 inter
471 582 551 647 quos
573 560 730 626 Octauius
751 559 879 625 Teucer
900 573 933 626 et
958 560 1154 627 Sescennius
1180 562 1318 627 Iacobus
1339 573 1371 626 ct

236 663 360 750 Oppius
376 662 515 744 Obares3
547 661 601 726 bio
617 662 748 748 quidem
763 646 811 726 ¹ad
826 663 972 727 ultimam
993 672 1147 747 aetatem,
1171 674 1203 729 et
1221 652 1371 730 eumiam
1400 714 1405 721 .
1442 722 1444 729 .

236 787 300 830 non
323 766 474 850 ingressu
496 763 590 827 modo
613 762 805 828 deficeretur
826 764 884 829 sed
907 773 939 828 et
959 765 1043 829 uisu.

216 882 227 919 t
260 881 263 887 '
321 864 508 953 Appellatio
522 865 806 953 grammaticorum
821 866 948 931 Graeca
965 867 1197 932 consuetudine
1217 866 1407 945 inualuit34

236 969 293 1034 sed
322 969 416 1032 initio
442 966 574 1031 litterati
604 966 816 1031 uocabantur.
862 968 1034 1032 Cornelius
1060 991 1186 1056 quoque
1205 964 1313 1056 Nep'os
1335 968 1371 1032 li·

236 1070 338 1152 bello,
359 1090 423 1156 quo
446 1067 619 1151 distinguit
641 1067 818 1132 litteratum
840 1069 883 1134 ab
910 1043 1059 1153 erudito:
1085 1072 1242 1135 litteratos
1272 1069 1371 1154 uulgo

236 1172 365 1259 quidem
380 1168 544 1256 appellari
566 1170 612 1232 ait
627 1192 682 1234 eos
703 1172 763 1258 qui
778 1169 953 1256 diligenter
968 1171 1090 1259 aliquid
1108 1183 1140 1237 et
1160 1182 1254 1235 acute
1271 1172 1374 1236 scien-

235 1284 348 1361 terque
367 1273 493 1358 possint
520 1282 578 1336 aut
596 1271 704 1336 dicere
729 1279 786 1334 aut
811 1271 967 1354 scribere,
995 1284 1137 1338 ceterum
1167 1275 1297 1361 proprie
1325 1275 1374 1337 sic

139 1359 143 1365 ⁴
204 1372 448 1463 reappellandos
469 1381 639 1458 poetarum
658 1373 867 1460 interpretes,
894 1375 949 1459 qui
972 1397 992 1439 a
1012 1374 1147 1439 Graecis
1170 1375 1374 1460 grammatici

236 1477 450 1541 nominentur.
495 1473 626 1539 eosdem
648 1473 844 1539 litteratores
867 1479 1027 1541 uocitatos
1049 1476 1193 1542 Messala
1210 1477 1373 1542 Coruinus

236 1581 270 1644 in
292 1576 434 1664 quadam
455 1576 593 1661 epistola
610 1575 769 1657 ostendit,
797 1598 862 1640 non
890 1600 962 1642 esse
991 1578 1054 1643 sibi
1075 1579 1187 1644 dicens
1209 1602 1277 1644 rem
1299 1600 1372 1641 curn

236 1681 336 1744 FurIo
355 1676 531 1759 Bibaculo,
559 1700 601 1742 ne
628 1699 701 1740 cum
722 1676 839 1742 Ticida
866 1680 997 1765 quidem
1025 1690 1082 1745 aut
1110 1680 1289 1746 litteratore
1310 1680 1374 1745 Oa-

193 1794 198 1805 '
236 1794 332 1863 tone,
370 1778 536 1864 significat
568 1779 654 1843 enim
683 1779 769 1843 baud
799 1777 1087 1865 dubieValerium
1121 1781 1277 1847 Catonem
1299 1804 1375 1869 poe·
1412 1795 1416 1801 '

203 1896 302 1950 istam
324 1880 422 1947 simul
440 1882 751 1968 grammaticamque
771 1884 986 1949 notissimum.
1012 1895 1101 1952 ⁸sunt
1123 1885 1178 1970 qui
1198 1884 1375 1949 litteratum

236 2009 256 2049 a
278 1985 456 2074 litteratore
479 1982 691 2067 distinguant,
715 1992 751 2047 ut
770 1983 889 2049 Graeci
910 1986 1156 2070 grammaticum
1179 1995 1400 2070 agramma-'

207 2088 329 2168 tiata,
358 2094 390 2150 et
419 2082 509 2148 illum
540 2085 671 2171 quidem
698 2085 861 2165 absolute,
894 2087 980 2150 hunc
1009 2086 1216 2151 mediocriter
1244 2088 1374 2151 doctum

237 2188 435 2253 existiment.
474 2208 609 2273 quorum
631 2188 816 2272 opinionem
837 2186 986 2252 Orbilius
1006 2190 1104 2252 etiarn
1126 2187 1284 2275 exemplis
1300 2211 1374 2253 oon·

237 2290 527 2378 firmatqnamque
555 2286 642 2373 apud
664 2290 802 2353 maiores
823 2290 885 2369 ait,
900 2311 987 2353 -cum
1008 2288 1133 2353 familia
1159 2288 1298 2354 alicuius
1319 2312 1374 2354 ue-

205 2390 320 2456 ionalis
335 2378 579 2477 produceretur,
607 2411 670 2454 non
690 2400 811 2455 temere
829 2411 924 2476 quem
939 2389 1113 2455 litteratum
1135 2392 1168 2454 in
1189 2390 1295 2473 titulo,
1314 2391 1373 2455 sed

237 2494 450 2570 litteratorem
477 2489 611 2554 inscribi
635 2491 763 2556 solitum
788 2514 878 2573 esse,
908 2494 1001 2578 quasi
1030 2514 1095 2556 non
1123 2491 1302 2579 perlectum
1324 2491 1374 2556 lit·

238 2596 316 2659 teris
339 2592 397 2657 sed
420 2591 588 2656 imbutum.

184 2694 188 2703 ⁴
322 2695 457 2760 Veteres
478 2695 683 2780 grammatici
714 2704 746 2758 et
768 2694 961 2760 rhetoricam
984 2694 1161 2776 docebant,
1190 2718 1229 2759 ac
1259 2695 1373 2761 multo·

238 2821 311 2864 rum
330 2797 371 2863 de
392 2805 530 2884 utraque
550 2806 620 2861 arte
643 2797 864 2860 commentarii
884 2797 1042 2862 feruntur.
1079 2797 1257 2863 secundum
1278 2819 1375 2884 quam

203 2899 507 2966 reconsuetudinem
533 2898 729 2983 posteriores
757 2920 885 2985 quoque
907 2901 1057 2965 existimo
1086 2900 1286 2989 quamquam
1310 2901 1374 2963 iam

173 3032 177 3043 ·
238 3002 388 3067 discretis
413 2999 672 3087 prefessionibus
700 2999 801 3064 nibilo
827 3001 935 3065 minus
957 3001 1010 3064 uel
1034 3001 1208 3065 retinuisse
1233 3002 1286 3065 uel
1310 3001 1374 3065 ins·

238 3268 358 3340 scripsi:
373 3282 443 3320 narn
455 3265 521 3319 libri
565 3273 574 3322 1
593 3260 675 3337 galia
690 3255 735 3342 ἸΗ
751 3254 963 3321 ‘LSeso'ennius
987 3262 1104 3318 VNGIO
1122 3258 1345 3320 FescenninsL
1361 3254 1374 3340 ΗΗ

239 3349 370 3409 Iacchus
392 3348 439 3407 Vo
451 3347 560 3405 Iaocus
573 3347 646 3403 ΝΜ
654 3347 773 3405 Laccus
786 3349 808 3403 L
823 3341 836 3426 ΗΗ
851 3345 974 3408 tCares
995 3347 1024 3402 N
1035 3340 1048 3426 Η
1066 3344 1168 3403 docuit
1180 3344 1218 3403 ad
1234 3348 1255 3402 G
1272 3339 1284 3423 ΗΗ
1300 3360 1317 3404 ⁴
1331 3344 1374 3401 in-

218 3462 221 3471 *
239 3452 366 3513 graessu
378 3435 407 3490 N
414 3432 445 3490 in
456 3449 562 3509 gressu
582 3433 629 3489 VG
645 3429 658 3511 Η
673 3430 847 3489 deficerer
860 3429 1045 3489 difficeretur
1056 3433 1074 3487 1
1086 3424 1098 3509 ΗΗ
1114 3442 1130 3491 5
1145 3430 1240 3487 ualuit
1256 3430 1375 3487 Ginuo·

239 3520 322 3579 luit]
326 3513 338 3600 Η
350 3517 486 3579 bliterati
498 3518 547 3573 NL
559 3518 611 3577 (sic
622 3524 746 3589 semper)
763 3511 776 3595 ΗΗ
790 3523 805 3577 7
819 3514 910 3591 uulgo
919 3513 1040 3593 quidem
1050 3517 1143 3573 ΝΜΟ
1155 3514 1277 3594 quidem
1284 3513 1374 3589 uulgo

248 3600 333 3679 Vile
345 3599 629 3681 diligenteraliquid
642 3603 688 3659 VL
695 3600 809 3681 aliquid
818 3600 980 3677 diligenter
989 3602 1082 3658 ΝΜΟ
1093 3595 1102 3677 ΗΗ
1114 3608 1271 3660 ticoterum
1285 3600 1376 3656 VNIO

241 3700 375 3751 ceterum
393 3691 416 3746 G
432 3688 620 3745 coeterumL
640 3684 653 3764 Η
676 3697 709 3747 lo
730 3687 931 3764 inter-praeter
951 3687 980 3741 N
997 3678 1011 3765 ΗΗ
1031 3683 1188 3759 gramatici
1210 3686 1228 3741 Ι
1244 3685 1295 3751 (rie
1310 3685 1376 3757 sere

239 3778 363 3849 semper)
379 3767 393 3854 ΗΗ
410 3783 439 3833 11
457 3772 623 3829 caecitates
640 3773 657 3828 l
669 3766 682 3852 Η
696 3771 842 3829 Messalla
860 3771 904 3829 Μ
915 3763 927 3850 ΗΗ
948 3777 977 3828 11
993 3769 1122 3847 epistola
1138 3788 1193 3826 sua
1209 3771 1228 3826 I
1240 3761 1253 3850 Η
1271 3778 1303 3831 13
1319 3770 1377 3839 net

140 3910 146 3921 ·
243 3879 265 3935 0
288 3868 338 3935 ne‘
354 3878 376 3933 L
390 3871 404 3955 Η
419 3872 564 3932 'PicidaL
579 3875 767 3947 (Portunus):
779 3872 891 3949 'Pigida
907 3872 1024 3929 VNGIG
1039 3864 1052 3952 ΗΗ
1072 3880 1102 3931 il
1121 3863 1197 3929 laud
1211 3871 1231 3928 Ι
1241 3864 1255 3952 Η
1274 3866 1376 3933 16113-

705 3962 717 3992 l

241 4024 305 4073 tore
330 4016 354 4070 V
365 4012 520 4071 literatorc
539 4013 561 4067 L
575 4004 588 4090 Η
605 4008 771 4086 distingant
787 4013 809 4067 L
823 4004 837 4090 Η
854 4008 947 4069 Greci
962 4010 985 4064 L
1000 4003 1013 4088 ΗΗ
1028 4009 1206 4084 gramatista
1217 4009 1236 4066 I
1246 3999 1260 4087 Η
1278 4012 1312 4079 17,
1326 4003 1377 4063 ab·

242 4116 371 4187 solutum
397 4116 469 4173 ΝΜ
479 4106 493 4195 ΗΗ
510 4114 682 4173 existimant
698 4115 720 4170 G
736 4106 749 4193 ΗΗ
767 4120 797 4174 19
809 4130 930 4192 nanque
949 4112 996 4169 Vo
1019 4102 1032 4188 ΗΗ
1051 4118 1086 4170 10
1099 4109 1187 4169 titulo
1204 4111 1243 4167 O:
1280 4098 1379 4165 titulo8

242 4205 265 4260 G
280 4201 384 4259 titulos
403 4200 498 4257 VLNI
514 4193 527 4280 Η
548 4207 582 4258 11
593 4198 728 4257 inbutum
744 4200 767 4255 G
782 4190 796 4277 ΗΗ
811 4205 846 4258 13
857 4206 886 4253 et
903 4216 955 4254 om.
971 4195 994 4251 L
1014 4190 1027 4275 ΗΗ
1049 4194 1269 4253 rebetboricam
1287 4186 1329 4268 [Η
1344 4198 1378 4254 15

242 4357 416 4418 quanquam
430 4340 453 4395 G
469 4304 498 4409 ip.
515 4355 546 4408 q.
563 4337 582 4394 Ι
592 4329 606 4416 Η
621 4335 680 4392 iam
703 4334 748 4390 VL
760 4340 822 4390 tarn
837 4332 902 4391 (lin
916 4341 977 4391 tarn
989 4332 1061 4390 ΝΜ
1070 4324 1086 4413 ΗΗ
1101 4339 1136 4393 16
1153 4327 1266 4388 nichilo
1285 4330 1312 4385 i'
