3202 4998
716 453 820 497 casvr
844 456 855 495 r
1300 441 1361 505 379

192 603 285 665 'dem
301 603 332 663 ui
345 601 438 665 fallor
449 621 488 663 es
501 598 626 665 scholiis
638 604 827 665 Horatianis.
853 606 933 687 quod
951 606 1101 669 emblema
1115 610 1145 668 iu
1159 628 1253 673 eausa
1266 612 1361 675 luisse

213 705 351 778 videtur,
374 712 408 765 ut
428 704 522 765 verba
537 706 648 787 quibus
670 707 741 771 olim
756 707 837 788 apud
853 708 1033 770 Suetonium
1045 709 1086 773 ad
1101 720 1235 773 saturam
1250 717 1359 777 transi·

214 818 262 867 tus
279 807 368 867 fieret
390 806 619 871 interciderent.
650 808 705 868 sed
723 830 843 871 conexa
855 812 932 871 haec
949 812 1045 873 luisse
1061 814 1154 873 etiam
1168 834 1250 875 nunc
1266 816 1359 896 dispi-

214 910 302 971 citur.
332 926 402 967 nam
419 928 487 969 cum
502 909 620 969 iambus
636 930 759 995 parmen
777 912 960 977 maledicum
978 911 1111 990 dicatur,
1130 922 1360 981 commentario-

213 1010 260 1070 lus
278 1010 318 1071 de
336 1018 441 1071 satura
455 1012 500 1070 sic
516 1011 637 1091 incipit:
660 1023 764 1073 sutura
778 1019 884 1095 dicitur
898 1035 1018 1076 carmen
1032 1020 1114 1091 apud
1122 1020 1269 1078 Romanos
1282 1038 1361 1081 auae

214 1116 326 1188 uiridem
350 1116 526 1173 maledicum.
558 1113 642 1195 qnod
664 1114 746 1179 haud
770 1116 976 1195 spernendum
999 1128 1047 1177 est
1069 1118 1215 1181 indicium
1234 1129 1358 1183 saturae

213 1213 370 1275 historiam
384 1211 594 1276 Suetonianae
609 1214 796 1296 praefationi
812 1217 1002 1281 reddendam
1011 1239 1094 1292 esse,
1110 1219 1186 1283 licet
1199 1224 1264 1285 eius
1275 1242 1358 1285 meu·

214 1317 256 1374 tio
274 1314 355 1376 absit
370 1316 408 1377 ab
425 1317 654 1377 enumeratione
669 1320 841 1399 specierum
855 1322 978 1399 saepius
996 1318 1145 1383 adhibita.
1178 1322 1267 1385 aliter
1281 1322 1358 1385 iudi·

214 1416 345 1479 eandum
362 1426 409 1479 est
426 1417 465 1478 de
481 1419 687 1501 disputatione
701 1420 893 1500 insequenti,
911 1443 972 1503 qua
990 1422 1162 1485 bucolicum
1177 1445 1275 1503 genus
1288 1446 1358 1506 per-

212 1526 370 1583 tractatur.
401 1520 481 1600 quod
502 1540 560 1583 nec
577 1531 824 1583 commemoratur
845 1524 876 1583 in
895 1523 1091 1603 discriptione
1108 1527 1274 1589 communis
1293 1547 1357 1587 cer·

180 1654 188 1671 x
212 1623 303 1687 minis
322 1642 381 1682 neo
404 1631 527 1705 poterat
546 1623 640 1684 facile
661 1626 903 1701 commemorari,
923 1646 991 1687 cum
1012 1637 1046 1685 ut
1059 1626 1153 1687 Probi
1169 1628 1271 1691 verbis
1290 1637 1359 1689 utar

215 1726 345 1785 omniurn
369 1723 491 1785 illarum
512 1726 683 1804 specierum
699 1724 855 1804 Vergilius
873 1728 996 1809 quidem
1017 1728 1142 1809 eclogas
1167 1730 1198 1788 iu
1213 1730 1359 1793 bucolicis

212 1828 358 1906 posuerit.
390 1834 424 1885 ut
438 1827 572 1905 suspicio
593 1824 778 1899 suboriatur,
799 1828 982 1901 Diomedem
1003 1829 1082 1889 hacc
1105 1850 1144 1891 ex
1164 1833 1265 1901 reteri
1278 1852 1356 1895 com·

213 1929 363 1989 mentatio
379 1925 576 1989 Suetonianis
591 1927 757 1988 addidisse.
788 1948 867 2008 quae
886 1931 1078 1991 confirmatur
1098 1932 1142 1993 itu
1157 1941 1192 1992 ut
1208 1931 1358 1993 dubitatio

214 2030 309 2091 omnis
324 2026 451 2089 tollatur
471 2029 515 2091 eis
531 2048 611 2110 quae
629 2030 660 2091 in
676 2030 737 2091 fine
755 2030 911 2109 leguntur:
929 2041 1037 2106 pateat
1058 2040 1151 2095 autem
1172 2038 1288 2109 quidam
1305 2038 1359 2097 hoe

127 2152 134 2165 ·
211 2150 305 2209 penus
315 2135 460 2205 ¹carruiais
475 2137 602 2206 prunum
621 2134 761 2207 Daphnin
776 2137 974 2207 conposuisse,
993 2134 1094 2199 deiude
1109 2138 1180 2194 alios
1194 2140 1376 2211 conplures,

177 2313 180 2317 ‚
213 2239 288 2294 iuter
308 2252 381 2310 quoe
402 2229 585 2294 'Theocritum
605 2235 838 2311 Syracusanum,
861 2253 944 2311 quem
965 2245 1063 2297 auster
1088 2241 1225 2297 imitatur.
1260 2247 1358 2299 aroster

215 2336 369 2415 Vergilius
386 2345 444 2409 est,
467 2337 519 2416 qui
534 2357 598 2399 non
609 2338 708 2416 potuit
725 2338 770 2397 sic
792 2335 926 2397 indicari
942 2338 1001 2399 nisi
1021 2338 1053 2401 iu
1068 2338 1210 2415 scholiis,
1231 2339 1283 2400 ubi
1302 2358 1357 2419 pa·

213 2446 295 2499 teret
309 2436 348 2497 ad
366 2458 456 2519 quem
474 2432 551 2497 haec
569 2439 751 2517 significatio
767 2437 929 2498 referenda
946 2448 1037 2499 esset.

279 2528 283 2535 ⁴
299 2539 385 2620 Quas
401 2540 655 2618 interpolationes
671 2561 773 2601 omnes
791 2561 830 2603 ex
843 2540 932 2601 bonis
942 2541 1116 2603 auctoribus
1132 2550 1272 2621 receptes
1289 2562 1357 2604 esse

212 2642 353 2724 adparet.
379 2641 507 2703 sednon
522 2642 706 2722 temperarit
718 2642 777 2703 sibi
787 2642 972 2717 Diomedes,
989 2644 1062 2725 quin
1077 2642 1181 2707 decue
1194 2644 1356 2707 Suetoniu-

212 2765 284 2813 nam
299 2740 535 2825 disputationem
551 2753 693 2822 augeret,
713 2744 810 2807 veluti
828 2745 887 2818 eis,
910 2765 990 2825 quae
1014 2747 1044 2804 ln
1065 2745 1126 2807 fine
1136 2748 1304 2811 commenti
1319 2747 1358 2811 de

214 2847 317 2926 elegia
330 2868 362 2927 p.
378 2855 411 2910 19
424 2844 577 2923 leguntur.
612 2846 650 2905 cl.
666 2862 745 2928 quae
761 2867 792 2927 p.
807 2856 842 2911 15
859 2867 879 2907 a
893 2845 996 2907 verbis
1014 2845 1144 2911 Suetoni
1160 2849 1286 2913 seclusi.

298 2948 387 3009 Haeo
408 2940 517 3031 babuit
541 2945 703 3009 Suetonius
724 2966 805 3028 quae
825 2948 1018 3030 praeferetur
1032 2949 1111 3010 libro
1135 2949 1173 3011 de
1189 2953 1304 3032 poetis,
1327 2953 1358 3013 in

213 3051 323 3133 quibus
342 3068 411 3111 enm
424 3048 559 3110 Probum
573 3052 763 3130 potissimum
780 3060 935 3113 auctorem
949 3051 1093 3113 habuisse
1109 3072 1201 3133 supra
1215 3054 1356 3117 vidimus.

213 3172 314 3234 neque
335 3161 438 3212 tamen
459 3151 518 3212 boo
542 3153 587 3215 sic
609 3153 745 3232 accipias
763 3151 873 3225 velim,
893 3153 985 3234 quasi
1002 3152 1167 3215 Suetonius
1181 3155 1257 3214 nibil
1273 3154 1358 3217 aliud

214 3256 325 3333 egerit,
349 3272 439 3336 quem
460 3263 495 3313 ut
515 3273 555 3315 ex
579 3253 710 3315 diversis
732 3253 922 3313 diversorum
940 3263 1112 3334 poematum
1134 3257 1357 3317 commentariis

213 3376 306 3417 unum
326 3358 399 3417 artis
422 3355 564 3435 poeticae
586 3374 695 3435 corpus
718 3356 917 3417 concinuerit.
957 3352 1013 3416 sed
1036 3364 1135 3417 tamen
1159 3375 1219 3436 que
1239 3358 1357 3417 ratione

213 3459 347 3530 Probum
364 3456 551 3532 adbibuerit,
574 3476 656 3517 nunc
682 3454 805 3537 quidem
826 3464 967 3517 accurate
985 3455 1104 3516 definiri
1125 3458 1241 3538 nequit.
1276 3479 1356 3519 corn-

213 3580 319 3620 munes
338 3568 438 3621 autern
453 3558 612 3641 utriusque
629 3566 768 3621 auctores
786 3566 908 3638 praeter
923 3556 1083 3618 Horatium
1098 3556 1137 3617 de
1156 3566 1221 3619 arte
1235 3560 1359 3639 poetica

212 3663 311 3725 Varro
334 3670 366 3723 et
385 3658 617 3738 Theophrastus
638 3661 768 3721 fuerunt.
803 3678 931 3743 quorum
954 3658 1037 3721 illius
1051 3660 1226 3737 ‚auctoritas
1249 3670 1358 3743 quater

214 3762 351 3824 adfertur
368 3756 415 3843 (p.
431 3746 463 3836 o',
484 3773 509 3825 5.
525 3768 557 3835 7,
574 3768 616 3825 14.
634 3772 681 3833 le,
698 3770 742 3825 12.
757 3771 806 3838 21,
822 3757 856 3842 Ξ]
870 3770 900 3821 et
915 3761 1014 3823 altero
1031 3759 1154 3841 quidem
1169 3761 1238 3822 loco
1251 3762 1357 3823 titrrlns

213 3864 285 3925 libri
300 3863 437 3925 additurr
473 3872 516 3923 eat
536 3872 632 3922 autem
653 3865 707 3922 boc
723 3869 849 3938 porrum
870 3868 899 3923 in
919 3866 1044 3925 secando
1064 3866 1136 3922 libro
1160 3869 1357 3941 quaestorum

213 3968 425 4027 Plautiaarum.
463 3960 503 4024 ad
525 3964 773 4044 Theophrastum
790 3965 888 4029 semel
906 3962 1030 4047 quidem
1045 3965 1234 4047 nominatim
1247 3986 1356 4047 provo-

215 4077 316 4142 catur,
332 4066 386 4127 sed
402 4067 575 4129 accmatius
591 4086 655 4128 rem
669 4068 847 4149 inspicienti
862 4066 985 4127 dubium
1000 4086 1141 4131 essenon
1156 4077 1268 4148 potest,
1284 4071 1358 4150 quin

214 4189 417 4250 quaecunque
437 4167 601 4231 denatura
620 4169 809 4249 singulorum
829 4186 976 4247 generum
997 4167 1139 4233 dieantur
1158 4186 1197 4231 ex
1217 4190 1256 4231 eo
1270 4190 1357 4248 repe·

215 4269 309 4331 tenda
333 4272 401 4335 siut.
442 4292 551 4332 nornen
573 4272 654 4332 enirn
677 4268 847 4333 definitioni
869 4268 1046 4348 tragoediae
1069 4269 1248 4351 adponitur:
1295 4278 1356 4329 tra·

214 4372 317 4448 paedia
326 4374 374 4433 tat
386 4376 522 4434 heroicae
537 4375 677 4447 fortunae
691 4377 721 4437 a
736 4376 869 4432 aduersis
882 4374 1098 4459 conprehensi).
1125 4393 1144 4430 u
1161 4374 1359 4447 Theophrasto

214 4478 255 4535 ita
277 4477 396 4553 definita
413 4484 471 4535 eet.-
497 4471 647 4561 τραγῳδία
668 4469 750 4537 ἐστὶν
765 4462 900 4556 ἡρωικῆς
914 4465 1007 4553 τύχης
1024 4472 1203 4552 aromatite.
1234 4492 1313 4554 quae
1331 4475 1359 4539 si
