<?xml version="1.0" encoding="UTF-8"?>
<!DOCTYPE html PUBLIC "-//W3C//DTD XHTML 1.0 Transitional//EN"
    "http://www.w3.org/TR/xhtml1/DTD/xhtml1-transitional.dtd">
<html xmlns="http://www.w3.org/1999/xhtml" xml:lang="en" lang="en">
 <head>
  <title>
</title>
<meta http-equiv="Content-Type" content="text/html;charset=utf-8" />
  <meta name='ocr-system' content='tesseract 3.04.00' />
  <meta name='ocr-capabilities' content='ocr_page ocr_carea ocr_par ocr_line ocrx_word'/>
</head>
<body>
  <div class='ocr_page' id='page_1' title='image "./csuetonitranqui01ritsgoog_0267.png"; bbox 0 0 3218 5000; ppageno 0'>
   <div class='ocr_carea' id='block_1_1' title="bbox 252 393 893 457">
    <p class='ocr_par' dir='ltr' id='par_1_1' title="bbox 252 393 893 457">
     <span class='ocr_line' id='line_1_1' title="bbox 252 393 893 457; baseline -0.011 0"><span class='ocrx_word' id='word_1_1' title='bbox 252 393 316 457; x_wconf 76' lang='lat'>240</span> <span class='ocrx_word' id='word_1_2' title='bbox 760 407 893 454; x_wconf 78' lang='lat' dir='ltr'>raarvu</span> 
     </span>
    </p>
   </div>
   <div class='ocr_carea' id='block_1_2' title="bbox 249 572 1394 941">
    <p class='ocr_par' dir='ltr' id='par_1_2' title="bbox 249 572 1394 941">
     <span class='ocr_line' id='line_1_2' title="bbox 251 572 1394 661; baseline -0.001 -24"><span class='ocrx_word' id='word_1_3' title='bbox 251 595 353 661; x_wconf 87' lang='lat' dir='ltr'>aquas</span> <span class='ocrx_word' id='word_1_4' title='bbox 379 574 479 658; x_wconf 79' lang='lat' dir='ltr'>erigit</span> <span class='ocrx_word' id='word_1_5' title='bbox 513 596 548 637; x_wconf 89' lang='lat' dir='ltr'>se</span> <span class='ocrx_word' id='word_1_6' title='bbox 577 594 730 639; x_wconf 85' lang='lat' dir='ltr'>oceanus.</span> <span class='ocrx_word' id='word_1_7' title='bbox 768 575 895 637; x_wconf 56' lang='lat' dir='ltr'>oceani&gt;</span> <span class='ocrx_word' id='word_1_8' title='bbox 912 582 1021 637; x_wconf 86' lang='lat' dir='ltr'>autem</span> <span class='ocrx_word' id='word_1_9' title='bbox 1054 572 1247 657; x_wconf 78' lang='lat' dir='ltr'>magnitudo</span> <span class='ocrx_word' id='word_1_10' title='bbox 1282 574 1394 638; x_wconf 83' lang='lat' dir='ltr'>incon·</span> 
     </span>
     <span class='ocr_line' id='line_1_3' title="bbox 249 671 1392 762; baseline 0 -25"><span class='ocrx_word' id='word_1_11' title='bbox 249 671 406 760; x_wconf 87' lang='lat' dir='ltr'>parabilis</span> <span class='ocrx_word' id='word_1_12' title='bbox 439 683 472 738; x_wconf 89' lang='lat' dir='ltr'>et</span> <span class='ocrx_word' id='word_1_13' title='bbox 500 674 779 739; x_wconf 83' lang='lat' dir='ltr'>intransmeabilis</span> <span class='ocrx_word' id='word_1_14' title='bbox 803 674 942 738; x_wconf 89' lang='lat' dir='ltr'>latitudo</span> <span class='ocrx_word' id='word_1_15' title='bbox 969 673 1169 761; x_wconf 80' lang='lat' dir='ltr'>perhibetur.</span> <span class='ocrx_word' id='word_1_16' title='bbox 1206 674 1392 762; x_wconf 91' lang='lat' dir='ltr'>philosophi</span> 
     </span>
     <span class='ocr_line' id='line_1_4' title="bbox 250 774 1394 862; baseline -0.001 -24"><span class='ocrx_word' id='word_1_17' title='bbox 250 784 359 838; x_wconf 88' lang='lat' dir='ltr'>autem</span> <span class='ocrx_word' id='word_1_18' title='bbox 387 775 495 858; x_wconf 84' lang='lat' dir='ltr'>aiunt,</span> <span class='ocrx_word' id='word_1_19' title='bbox 529 775 617 862; x_wconf 88' lang='lat' dir='ltr'>qaod</span> <span class='ocrx_word' id='word_1_20' title='bbox 643 783 719 861; x_wconf 90' lang='lat' dir='ltr'>post</span> <span class='ocrx_word' id='word_1_21' title='bbox 750 796 907 840; x_wconf 81' lang='lat' dir='ltr'>oceanum</span> <span class='ocrx_word' id='word_1_22' title='bbox 937 784 1025 839; x_wconf 84' lang='lat' dir='ltr'>terra</span> <span class='ocrx_word' id='word_1_23' title='bbox 1051 775 1142 839; x_wconf 92' lang='lat' dir='ltr'>nulla</span> <span class='ocrx_word' id='word_1_24' title='bbox 1171 775 1215 838; x_wconf 88' lang='lat' dir='ltr'>sit</span> <span class='ocrx_word' id='word_1_25' title='bbox 1237 775 1295 838; x_wconf 80' lang='lat' dir='ltr'>aad</span> <span class='ocrx_word' id='word_1_26' title='bbox 1326 774 1394 838; x_wconf 88' lang='lat' dir='ltr'>solo</span> 
     </span>
     <span class='ocr_line' id='line_1_5' title="bbox 250 874 1393 941; baseline -0.001 -2"><span class='ocrx_word' id='word_1_27' title='bbox 250 874 351 940; x_wconf 86' lang='lat' dir='ltr'>denso</span> <span class='ocrx_word' id='word_1_28' title='bbox 368 897 443 940; x_wconf 84' lang='lat' dir='ltr'>aare</span> <span class='ocrx_word' id='word_1_29' title='bbox 465 874 600 940; x_wconf 89' lang='lat' dir='ltr'>nubium</span> <span class='ocrx_word' id='word_1_30' title='bbox 621 876 828 941; x_wconf 82' lang='lat' dir='ltr'>contineatur</span> <span class='ocrx_word' id='word_1_31' title='bbox 843 896 933 939; x_wconf 88' lang='lat' dir='ltr'>mare</span> <span class='ocrx_word' id='word_1_32' title='bbox 949 875 1034 940; x_wconf 83' lang='lat' dir='ltr'>aient</span> <span class='ocrx_word' id='word_1_33' title='bbox 1055 887 1086 940; x_wconf 89' lang='lat' dir='ltr'>et</span> <span class='ocrx_word' id='word_1_34' title='bbox 1108 884 1196 940; x_wconf 88' lang='lat' dir='ltr'>terra</span> <span class='ocrx_word' id='word_1_35' title='bbox 1218 875 1393 940; x_wconf 86' lang='lat' dir='ltr'>subterius.</span> 
     </span>
    </p>
   </div>
   <div class='ocr_carea' id='block_1_3' title="bbox 144 1051 1421 1269">
    <p class='ocr_par' dir='ltr' id='par_1_3' title="bbox 144 1051 1421 1269">
     <span class='ocr_line' id='line_1_6' title="bbox 144 1051 1421 1161; baseline -0.004 -19"><span class='ocrx_word' id='word_1_36' title='bbox 144 1051 245 1128; x_wconf 72' lang='lat'>¹55*</span> <span class='ocrx_word' id='word_1_37' title='bbox 341 1077 409 1142; x_wconf 85' lang='lat' dir='ltr'>Cur</span> <span class='ocrx_word' id='word_1_38' title='bbox 440 1094 536 1140; x_wconf 75' lang='lat' dir='ltr'>naara</span> <span class='ocrx_word' id='word_1_39' title='bbox 564 1078 669 1141; x_wconf 90' lang='lat' dir='ltr'>maius</span> <span class='ocrx_word' id='word_1_40' title='bbox 698 1100 762 1142; x_wconf 91' lang='lat' dir='ltr'>non</span> <span class='ocrx_word' id='word_1_41' title='bbox 793 1077 852 1141; x_wconf 89' lang='lat' dir='ltr'>fiat</span> <span class='ocrx_word' id='word_1_42' title='bbox 882 1099 921 1141; x_wconf 90' lang='lat' dir='ltr'>ao</span> <span class='ocrx_word' id='word_1_43' title='bbox 947 1078 1046 1140; x_wconf 79' lang='lat' dir='ltr'>tantis</span> <span class='ocrx_word' id='word_1_44' title='bbox 1081 1075 1255 1141; x_wconf 89' lang='lat' dir='ltr'>fluuiorum</span> <span class='ocrx_word' id='word_1_45' title='bbox 1291 1077 1421 1161; x_wconf 79' lang='lat' dir='ltr'>copiiss</span> 
     </span>
     <span class='ocr_line' id='line_1_7' title="bbox 205 1176 1390 1269; baseline -0.001 -28"><span class='ocrx_word' id='word_1_46' title='bbox 205 1264 208 1269; x_wconf 48' lang='lat'><em>,</em></span> <span class='ocrx_word' id='word_1_47' title='bbox 250 1176 434 1243; x_wconf 85' lang='lat' dir='ltr'>nullatenus</span> <span class='ocrx_word' id='word_1_48' title='bbox 460 1187 587 1242; x_wconf 87' lang='lat' dir='ltr'>creseat</span> <span class='ocrx_word' id='word_1_49' title='bbox 607 1205 680 1244; x_wconf 70' lang='grc' dir='ltr'><strong><em>ιιι.</em></strong></span> <span class='ocrx_word' id='word_1_50' title='bbox 723 1180 813 1243; x_wconf 87' lang='lat' dir='ltr'>uenti</span> <span class='ocrx_word' id='word_1_51' title='bbox 832 1180 965 1265; x_wconf 90' lang='lat' dir='ltr'>rapiunt</span> <span class='ocrx_word' id='word_1_52' title='bbox 993 1186 1027 1240; x_wconf 88' lang='lat' dir='ltr'>et</span> <span class='ocrx_word' id='word_1_53' title='bbox 1046 1197 1150 1264; x_wconf 89' lang='lat' dir='ltr'>uapor</span> <span class='ocrx_word' id='word_1_54' title='bbox 1171 1176 1325 1264; x_wconf 89' lang='lat' dir='ltr'>calorque</span> <span class='ocrx_word' id='word_1_55' title='bbox 1340 1200 1390 1240; x_wconf 87' lang='lat' dir='ltr'>ao-</span> 
     </span>
    </p>
   </div>
   <div class='ocr_carea' id='block_1_4' title="bbox 252 1362 1399 2631">
    <p class='ocr_par' dir='ltr' id='par_1_4' title="bbox 252 1362 1398 2243">
     <span class='ocr_line' id='line_1_8' title="bbox 252 1362 1396 1431; baseline -0.002 -15"><span class='ocrx_word' id='word_1_56' title='bbox 252 1382 321 1431; x_wconf 87' lang='lat' dir='ltr'>quas</span> <span class='ocrx_word' id='word_1_57' title='bbox 345 1367 438 1417; x_wconf 91' lang='lat' dir='ltr'>emissi</span> <span class='ocrx_word' id='word_1_58' title='bbox 462 1367 601 1417; x_wconf 78' lang='lat' dir='ltr'>anhelitus</span> <span class='ocrx_word' id='word_1_59' title='bbox 623 1367 669 1418; x_wconf 88' lang='lat' dir='ltr'>uel</span> <span class='ocrx_word' id='word_1_60' title='bbox 696 1366 804 1417; x_wconf 84' lang='lat' dir='ltr'>reducti</span> <span class='ocrx_word' id='word_1_61' title='bbox 826 1367 906 1417; x_wconf 86' lang='lat' dir='ltr'>modo</span> <span class='ocrx_word' id='word_1_62' title='bbox 929 1366 1026 1416; x_wconf 84' lang='lat' dir='ltr'>inflent</span> <span class='ocrx_word' id='word_1_63' title='bbox 1043 1366 1132 1416; x_wconf 78' lang='lat' dir='ltr'>maria</span> <span class='ocrx_word' id='word_1_64' title='bbox 1150 1366 1229 1416; x_wconf 88' lang='lat' dir='ltr'>modo</span> <span class='ocrx_word' id='word_1_65' title='bbox 1246 1362 1396 1416; x_wconf 64' lang='lat' dir='ltr'>reuocent!</span> 
     </span>
     <span class='ocr_line' id='line_1_9' title="bbox 252 1432 1396 1501; baseline -0.003 -17"><span class='ocrx_word' id='word_1_66' title='bbox 252 1435 412 1485; x_wconf 82' lang='lat' dir='ltr'>Ambrosius</span> <span class='ocrx_word' id='word_1_67' title='bbox 429 1435 464 1483; x_wconf 91' lang='lat' dir='ltr'>H.</span> <span class='ocrx_word' id='word_1_68' title='bbox 484 1435 541 1485; x_wconf 90' lang='lat'>1111</span> <span class='ocrx_word' id='word_1_69' title='bbox 560 1434 584 1496; x_wconf 83' lang='grc' dir='ltr'>λ,</span> <span class='ocrx_word' id='word_1_70' title='bbox 604 1432 651 1483; x_wconf 83' lang='lat'>30:</span> <span class='ocrx_word' id='word_1_71' title='bbox 681 1436 814 1500; x_wconf 73' lang='lat' dir='ltr'>‘Ampotis</span> <span class='ocrx_word' id='word_1_72' title='bbox 837 1450 944 1501; x_wconf 88' lang='lat' dir='ltr'>quoque</span> <span class='ocrx_word' id='word_1_73' title='bbox 966 1441 1037 1499; x_wconf 87' lang='lat' dir='ltr'>quae</span> <span class='ocrx_word' id='word_1_74' title='bbox 1056 1435 1084 1483; x_wconf 90' lang='lat' dir='ltr'>in</span> <span class='ocrx_word' id='word_1_75' title='bbox 1103 1450 1208 1484; x_wconf 84' lang='lat' dir='ltr'>oceano</span> <span class='ocrx_word' id='word_1_76' title='bbox 1227 1449 1288 1483; x_wconf 87' lang='lat' dir='ltr'>esse</span> <span class='ocrx_word' id='word_1_77' title='bbox 1306 1433 1396 1499; x_wconf 90' lang='lat' dir='ltr'>perhi-</span> 
     </span>
     <span class='ocr_line' id='line_1_10' title="bbox 252 1501 1398 1566; baseline -0.003 -15"><span class='ocrx_word' id='word_1_78' title='bbox 252 1502 342 1563; x_wconf 83' lang='lat' dir='ltr'>betur,</span> <span class='ocrx_word' id='word_1_79' title='bbox 363 1517 424 1550; x_wconf 88' lang='lat' dir='ltr'>eum</span> <span class='ocrx_word' id='word_1_80' title='bbox 442 1501 557 1566; x_wconf 83' lang='lat' dir='ltr'>reliquls</span> <span class='ocrx_word' id='word_1_81' title='bbox 575 1501 672 1551; x_wconf 86' lang='lat' dir='ltr'>diebus</span> <span class='ocrx_word' id='word_1_82' title='bbox 691 1502 814 1552; x_wconf 85' lang='lat' dir='ltr'>ordinem</span> <span class='ocrx_word' id='word_1_83' title='bbox 827 1517 903 1552; x_wconf 88' lang='lat' dir='ltr'>saum</span> <span class='ocrx_word' id='word_1_84' title='bbox 922 1516 1035 1551; x_wconf 88' lang='lat' dir='ltr'>seruare</span> <span class='ocrx_word' id='word_1_85' title='bbox 1055 1501 1173 1565; x_wconf 87' lang='lat' dir='ltr'>dicatur,</span> <span class='ocrx_word' id='word_1_86' title='bbox 1190 1501 1283 1551; x_wconf 89' lang='lat' dir='ltr'>lunari</span> <span class='ocrx_word' id='word_1_87' title='bbox 1302 1506 1398 1551; x_wconf 86' lang='lat' dir='ltr'>exortu</span> 
     </span>
     <span class='ocr_line' id='line_1_11' title="bbox 253 1569 1396 1634; baseline -0.002 -15"><span class='ocrx_word' id='word_1_88' title='bbox 253 1570 368 1619; x_wconf 87' lang='lat' dir='ltr'>euidens</span> <span class='ocrx_word' id='word_1_89' title='bbox 385 1569 564 1620; x_wconf 76' lang='lat' dir='ltr'>annotationis</span> <span class='ocrx_word' id='word_1_90' title='bbox 583 1584 652 1620; x_wconf 85' lang='lat' dir='ltr'>suaa</span> <span class='ocrx_word' id='word_1_91' title='bbox 669 1571 756 1619; x_wconf 83' lang='lat' dir='ltr'>fertm</span> <span class='ocrx_word' id='word_1_92' title='bbox 775 1569 907 1619; x_wconf 86' lang='lat' dir='ltr'>iudicium</span> <span class='ocrx_word' id='word_1_93' title='bbox 924 1569 1005 1627; x_wconf 83' lang='lat' dir='ltr'>dare,</span> <span class='ocrx_word' id='word_1_94' title='bbox 1025 1576 1056 1618; x_wconf 87' lang='lat' dir='ltr'>ut</span> <span class='ocrx_word' id='word_1_95' title='bbox 1073 1584 1149 1619; x_wconf 87' lang='lat' dir='ltr'>mare</span> <span class='ocrx_word' id='word_1_96' title='bbox 1167 1570 1256 1634; x_wconf 89' lang='lat' dir='ltr'>ipsum</span> <span class='ocrx_word' id='word_1_97' title='bbox 1269 1569 1396 1617; x_wconf 85' lang='lat' dir='ltr'>oeoiden-</span> 
     </span>
     <span class='ocr_line' id='line_1_12' title="bbox 253 1636 1397 1703; baseline -0.002 -18"><span class='ocrx_word' id='word_1_98' title='bbox 253 1637 325 1699; x_wconf 82' lang='lat' dir='ltr'>tale‚</span> <span class='ocrx_word' id='word_1_99' title='bbox 350 1637 378 1685; x_wconf 89' lang='lat' dir='ltr'>in</span> <span class='ocrx_word' id='word_1_100' title='bbox 402 1651 454 1700; x_wconf 91' lang='lat' dir='ltr'>quo</span> <span class='ocrx_word' id='word_1_101' title='bbox 477 1642 620 1702; x_wconf 81' lang='lat' dir='ltr'>spectatur</span> <span class='ocrx_word' id='word_1_102' title='bbox 643 1639 774 1703; x_wconf 83' lang='lat' dir='ltr'>ampotis,</span> <span class='ocrx_word' id='word_1_103' title='bbox 802 1638 885 1687; x_wconf 87' lang='lat' dir='ltr'>solito</span> <span class='ocrx_word' id='word_1_104' title='bbox 904 1636 1022 1701; x_wconf 89' lang='lat' dir='ltr'>amplius</span> <span class='ocrx_word' id='word_1_105' title='bbox 1046 1637 1164 1689; x_wconf 78' lang='lat' dir='ltr'>accedat</span> <span class='ocrx_word' id='word_1_106' title='bbox 1183 1652 1216 1686; x_wconf 87' lang='lat' dir='ltr'>ao</span> <span class='ocrx_word' id='word_1_107' title='bbox 1235 1636 1350 1685; x_wconf 86' lang='lat' dir='ltr'>recedat</span> <span class='ocrx_word' id='word_1_108' title='bbox 1369 1641 1397 1684; x_wconf 87' lang='lat' dir='ltr'>et</span> 
     </span>
     <span class='ocr_line' id='line_1_13' title="bbox 253 1704 1396 1770; baseline -0.001 -18"><span class='ocrx_word' id='word_1_109' title='bbox 253 1706 356 1753; x_wconf 88' lang='lat' dir='ltr'>maiore</span> <span class='ocrx_word' id='word_1_110' title='bbox 376 1709 457 1753; x_wconf 88' lang='lat' dir='ltr'>aestu</span> <span class='ocrx_word' id='word_1_111' title='bbox 476 1707 592 1765; x_wconf 79' lang='lat' dir='ltr'>teratur,</span> <span class='ocrx_word' id='word_1_112' title='bbox 618 1711 758 1770; x_wconf 79' lang='lat' dir='ltr'>tamquam</span> <span class='ocrx_word' id='word_1_113' title='bbox 776 1704 857 1754; x_wconf 85' lang='lat' dir='ltr'>lanae</span> <span class='ocrx_word' id='word_1_114' title='bbox 877 1704 1040 1769; x_wconf 90' lang='lat' dir='ltr'>quibusdam</span> <span class='ocrx_word' id='word_1_115' title='bbox 1062 1704 1279 1770; x_wconf 77' lang='lat' dir='ltr'>aspirationibus</span> <span class='ocrx_word' id='word_1_116' title='bbox 1297 1709 1396 1753; x_wconf 88' lang='lat' dir='ltr'>retror-</span> 
     </span>
     <span class='ocr_line' id='line_1_14' title="bbox 254 1770 1396 1836; baseline -0.001 -16"><span class='ocrx_word' id='word_1_117' title='bbox 254 1787 311 1821; x_wconf 89' lang='lat' dir='ltr'>sum</span> <span class='ocrx_word' id='word_1_118' title='bbox 335 1770 461 1821; x_wconf 88' lang='lat' dir='ltr'>trahatur</span> <span class='ocrx_word' id='word_1_119' title='bbox 484 1778 512 1820; x_wconf 86' lang='lat' dir='ltr'>et</span> <span class='ocrx_word' id='word_1_120' title='bbox 536 1773 633 1821; x_wconf 88' lang='lat' dir='ltr'>iterum</span> <span class='ocrx_word' id='word_1_121' title='bbox 657 1773 754 1822; x_wconf 88' lang='lat' dir='ltr'>iisdem</span> <span class='ocrx_word' id='word_1_122' title='bbox 783 1772 927 1836; x_wconf 81' lang='lat' dir='ltr'>impulsum</span> <span class='ocrx_word' id='word_1_123' title='bbox 957 1788 990 1821; x_wconf 88' lang='lat' dir='ltr'>ae</span> <span class='ocrx_word' id='word_1_124' title='bbox 1019 1776 1168 1820; x_wconf 85' lang='lat' dir='ltr'>retractam</span> <span class='ocrx_word' id='word_1_125' title='bbox 1192 1772 1219 1819; x_wconf 92' lang='lat' dir='ltr'>in</span> <span class='ocrx_word' id='word_1_126' title='bbox 1241 1786 1396 1820; x_wconf 87' lang='lat' dir='ltr'>mensuram</span> 
     </span>
     <span class='ocr_line' id='line_1_15' title="bbox 252 1836 1396 1904; baseline -0.002 -16"><span class='ocrx_word' id='word_1_127' title='bbox 252 1840 391 1904; x_wconf 88' lang='lat' dir='ltr'>propriam</span> <span class='ocrx_word' id='word_1_128' title='bbox 415 1836 602 1889; x_wconf 83' lang='lat' dir='ltr'>refundatur.’</span> <span class='ocrx_word' id='word_1_129' title='bbox 639 1856 671 1890; x_wconf 79' lang='lat' dir='ltr'>ex</span> <span class='ocrx_word' id='word_1_130' title='bbox 689 1839 778 1889; x_wconf 82' lang='lat' dir='ltr'>Basili</span> <span class='ocrx_word' id='word_1_131' title='bbox 796 1839 857 1889; x_wconf 84' lang='lat' dir='ltr'>hex.</span> <span class='ocrx_word' id='word_1_132' title='bbox 877 1856 940 1904; x_wconf 78' lang='lat' dir='ltr'>pag.</span> <span class='ocrx_word' id='word_1_133' title='bbox 958 1839 989 1887; x_wconf 85' lang='lat' dir='ltr'>ol</span> <span class='ocrx_word' id='word_1_134' title='bbox 1011 1855 1034 1887; x_wconf 86' lang='grc' dir='ltr'><strong><em>α.</em></strong></span> <span class='ocrx_word' id='word_1_135' title='bbox 1054 1866 1086 1872; x_wconf 82' lang='lat'>—</span> <span class='ocrx_word' id='word_1_136' title='bbox 1121 1839 1287 1888; x_wconf 79' lang='lat' dir='ltr'>Plutarchus</span> <span class='ocrx_word' id='word_1_137' title='bbox 1310 1840 1340 1888; x_wconf 92' lang='lat' dir='ltr'>P.</span> <span class='ocrx_word' id='word_1_138' title='bbox 1365 1839 1396 1888; x_wconf 90' lang='lat' dir='ltr'>P.</span> 
     </span>
     <span class='ocr_line' id='line_1_16' title="bbox 253 1895 1397 1973; baseline -0.003 -17"><span class='ocrx_word' id='word_1_139' title='bbox 253 1908 295 1956; x_wconf 78' lang='grc' dir='ltr'>ΙΙΙ</span> <span class='ocrx_word' id='word_1_140' title='bbox 318 1906 360 1958; x_wconf 77' lang='lat'>17:</span> <span class='ocrx_word' id='word_1_141' title='bbox 392 1904 458 1964; x_wconf 79' lang='grc' dir='ltr'>Πῶς</span> <span class='ocrx_word' id='word_1_142' title='bbox 481 1896 644 1971; x_wconf 68' lang='grc' dir='ltr'><strong><em>ἀμπώτιδες</em></strong></span> <span class='ocrx_word' id='word_1_143' title='bbox 667 1905 796 1972; x_wconf 83' lang='grc' dir='ltr'><strong><em>γίνονται</em></strong></span> <span class='ocrx_word' id='word_1_144' title='bbox 819 1904 869 1956; x_wconf 84' lang='grc' dir='ltr'><strong><em>καλ</em></strong></span> <span class='ocrx_word' id='word_1_145' title='bbox 892 1904 1068 1972; x_wconf 82' lang='grc' dir='ltr'><strong><em>πλημμῦραι.</em></strong></span> <span class='ocrx_word' id='word_1_146' title='bbox 1108 1895 1293 1973; x_wconf 74' lang='grc' dir='ltr'><strong><em>Ἀριστοτέλης</em></strong></span> <span class='ocrx_word' id='word_1_147' title='bbox 1311 1897 1397 1969; x_wconf 84' lang='grc' dir='ltr'><strong><em>Ἡρα-</em></strong></span> 
     </span>
     <span class='ocr_line' id='line_1_17' title="bbox 254 1964 1397 2053; baseline -0.002 -29"><span class='ocrx_word' id='word_1_148' title='bbox 254 1972 384 2038; x_wconf 80' lang='grc' dir='ltr'><strong><em>κλείδης,</em></strong></span> <span class='ocrx_word' id='word_1_149' title='bbox 413 1964 470 2023; x_wconf 79' lang='grc' dir='ltr'>ὑπὸ</span> <span class='ocrx_word' id='word_1_150' title='bbox 493 1973 544 2023; x_wconf 81' lang='grc' dir='ltr'>τοῦ</span> <span class='ocrx_word' id='word_1_151' title='bbox 566 1966 670 2053; x_wconf 32' lang='lat' dir='ltr'>tillon*</span> <span class='ocrx_word' id='word_1_152' title='bbox 694 1968 728 2024; x_wconf 80' lang='grc' dir='ltr'>τώ</span> <span class='ocrx_word' id='word_1_153' title='bbox 752 1975 869 2024; x_wconf 79' lang='grc' dir='ltr'><strong><em>πλεῖστα</em></strong></span> <span class='ocrx_word' id='word_1_154' title='bbox 898 1973 954 2023; x_wconf 86' lang='grc' dir='ltr'>τών</span> <span class='ocrx_word' id='word_1_155' title='bbox 983 1968 1154 2039; x_wconf 75' lang='grc' dir='ltr'><strong><em>πνευμάτων</em></strong></span> <span class='ocrx_word' id='word_1_156' title='bbox 1176 1973 1325 2032; x_wconf 78' lang='grc' dir='ltr'><strong><em>κινοῦντος</em></strong></span> <span class='ocrx_word' id='word_1_157' title='bbox 1348 1969 1397 2023; x_wconf 83' lang='grc' dir='ltr'><strong><em>καλ</em></strong></span> 
     </span>
     <span class='ocr_line' id='line_1_18' title="bbox 254 2031 1398 2120; baseline -0.003 -28"><span class='ocrx_word' id='word_1_158' title='bbox 254 2034 530 2107; x_wconf 74' lang='grc' dir='ltr'><strong><em>συμπεριφέροντος·</em></strong></span> <span class='ocrx_word' id='word_1_159' title='bbox 569 2032 620 2107; x_wconf 82' lang='grc' dir='ltr'><strong><em>αφ’</em></strong></span> <span class='ocrx_word' id='word_1_160' title='bbox 648 2059 688 2091; x_wconf 91' lang='grc' dir='ltr'>ων</span> <span class='ocrx_word' id='word_1_161' title='bbox 716 2033 914 2108; x_wconf 75' lang='grc' dir='ltr'><strong><em>ἐμβαλλόντων</em></strong></span> <span class='ocrx_word' id='word_1_162' title='bbox 935 2034 989 2120; x_wconf 71' lang='grc' dir='ltr'>μέν</span> <span class='ocrx_word' id='word_1_163' title='bbox 1013 2035 1243 2106; x_wconf 79' lang='grc' dir='ltr'><strong><em>προωθουμένην</em></strong></span> <span class='ocrx_word' id='word_1_164' title='bbox 1266 2031 1398 2091; x_wconf 80' lang='grc' dir='ltr'><strong><em>α’νσιιλεῐν</em></strong></span> 
     </span>
     <span class='ocr_line' id='line_1_19' title="bbox 253 2099 1396 2176; baseline -0.002 -16"><span class='ocrx_word' id='word_1_165' title='bbox 253 2104 306 2176; x_wconf 81' lang='grc' dir='ltr'>την</span> <span class='ocrx_word' id='word_1_166' title='bbox 328 2099 504 2175; x_wconf 73' lang='grc' dir='ltr'><strong><em>Ἀτλαντικὴν</em></strong></span> <span class='ocrx_word' id='word_1_167' title='bbox 527 2101 679 2160; x_wconf 77' lang='grc' dir='ltr'><strong><em>θάλασσάν</em></strong></span> <span class='ocrx_word' id='word_1_168' title='bbox 701 2106 750 2160; x_wconf 81' lang='grc' dir='ltr'><strong><em>καὶ</em></strong></span> <span class='ocrx_word' id='word_1_169' title='bbox 776 2109 1003 2174; x_wconf 77' lang='grc' dir='ltr'><strong><em>παρασκευαζειν</em></strong></span> <span class='ocrx_word' id='word_1_170' title='bbox 1025 2102 1078 2175; x_wconf 81' lang='grc' dir='ltr'>τήν</span> <span class='ocrx_word' id='word_1_171' title='bbox 1095 2104 1286 2174; x_wconf 80' lang='grc' dir='ltr'><strong><em>πλημμύραν,</em></strong></span> <span class='ocrx_word' id='word_1_172' title='bbox 1311 2124 1396 2159; x_wconf 85' lang='grc' dir='ltr'><strong><em>κατα·</em></strong></span> 
     </span>
     <span class='ocr_line' id='line_1_20' title="bbox 255 2165 1395 2243; baseline -0.002 -16"><span class='ocrx_word' id='word_1_173' title='bbox 255 2178 274 2227; x_wconf 91' lang='grc' dir='ltr'><strong><em>λ</em></strong></span> <span class='ocrx_word' id='word_1_174' title='bbox 291 2168 400 2242; x_wconf 77' lang='grc' dir='ltr'><strong><em>γόντων</em></strong></span> <span class='ocrx_word' id='word_1_175' title='bbox 428 2167 459 2226; x_wconf 80' lang='grc' dir='ltr'>δ’</span> <span class='ocrx_word' id='word_1_176' title='bbox 476 2167 760 2243; x_wconf 82' lang='grc' dir='ltr'><strong><em>οἷντιπερισπωμένην</em></strong></span> <span class='ocrx_word' id='word_1_177' title='bbox 783 2169 967 2243; x_wconf 82' lang='grc' dir='ltr'><strong><em>ὑποβαίνειν,</em></strong></span> <span class='ocrx_word' id='word_1_178' title='bbox 993 2165 1061 2240; x_wconf 77' lang='grc' dir='ltr'><strong><em>ὅπερ</em></strong></span> <span class='ocrx_word' id='word_1_179' title='bbox 1080 2170 1157 2226; x_wconf 85' lang='grc' dir='ltr'><strong><em>εἶναι</em></strong></span> <span class='ocrx_word' id='word_1_180' title='bbox 1180 2170 1233 2241; x_wconf 79' lang='grc' dir='ltr'>την</span> <span class='ocrx_word' id='word_1_181' title='bbox 1256 2167 1395 2241; x_wconf 78' lang='grc' dir='ltr'><strong><em>ἄμπωτιν.</em></strong></span> 
     </span>
    </p>

    <p class='ocr_par' dir='ltr' id='par_1_5' title="bbox 256 2234 1399 2631">
     <span class='ocr_line' id='line_1_21' title="bbox 284 2234 1398 2311; baseline 0 -18"><span class='ocrx_word' id='word_1_182' title='bbox 284 2238 376 2302; x_wconf 82' lang='grc' dir='ltr'><strong><em>υθέας</em></strong></span> <span class='ocrx_word' id='word_1_183' title='bbox 393 2234 408 2293; x_wconf 84' lang='grc' dir='ltr'>ὁ</span> <span class='ocrx_word' id='word_1_184' title='bbox 428 2239 652 2311; x_wconf 76' lang='grc' dir='ltr'><strong><em>Μασσαλιώτης,</em></strong></span> <span class='ocrx_word' id='word_1_185' title='bbox 677 2243 712 2310; x_wconf 82' lang='grc' dir='ltr'>τῇ</span> <span class='ocrx_word' id='word_1_186' title='bbox 730 2237 869 2310; x_wconf 75' lang='grc' dir='ltr'><strong><em>πληρώσει</em></strong></span> <span class='ocrx_word' id='word_1_187' title='bbox 892 2238 942 2310; x_wconf 77' lang='grc' dir='ltr'>της</span> <span class='ocrx_word' id='word_1_188' title='bbox 960 2236 1080 2309; x_wconf 82' lang='grc' dir='ltr'><strong><em>σελήνης</em></strong></span> <span class='ocrx_word' id='word_1_189' title='bbox 1103 2236 1154 2302; x_wconf 77' lang='grc' dir='ltr'>τώς</span> <span class='ocrx_word' id='word_1_190' title='bbox 1171 2240 1342 2311; x_wconf 76' lang='grc' dir='ltr'><strong><em>πλημμύρας</em></strong></span> <span class='ocrx_word' id='word_1_191' title='bbox 1359 2261 1398 2309; x_wconf 77' lang='grc' dir='ltr'><strong><em>γι-</em></strong></span> 
     </span>
     <span class='ocr_line' id='line_1_22' title="bbox 256 2303 1399 2385; baseline 0 -23"><span class='ocrx_word' id='word_1_192' title='bbox 256 2312 374 2373; x_wconf 79' lang='grc' dir='ltr'><strong><em>νεσθαι,</em></strong></span> <span class='ocrx_word' id='word_1_193' title='bbox 399 2310 434 2377; x_wconf 82' lang='grc' dir='ltr'>τῇ</span> <span class='ocrx_word' id='word_1_194' title='bbox 448 2310 489 2385; x_wconf 43' lang='grc' dir='ltr'><strong><em>,δε</em></strong></span> <span class='ocrx_word' id='word_1_195' title='bbox 507 2306 621 2377; x_wconf 78' lang='grc' dir='ltr'><strong><em>μειώσει</em></strong></span> <span class='ocrx_word' id='word_1_196' title='bbox 640 2305 690 2371; x_wconf 77' lang='grc' dir='ltr'><strong><em>τοὶς</em></strong></span> <span class='ocrx_word' id='word_1_197' title='bbox 708 2303 884 2377; x_wconf 77' lang='grc' dir='ltr'><strong><em>α’μπώτιιλας.</em></strong></span> <span class='ocrx_word' id='word_1_198' title='bbox 921 2304 1041 2362; x_wconf 82' lang='grc' dir='ltr'><strong><em>Πλάτων</em></strong></span> <span class='ocrx_word' id='word_1_199' title='bbox 1065 2303 1112 2362; x_wconf 70' lang='lat' dir='ltr'>luz</span> <span class='ocrx_word' id='word_1_200' title='bbox 1136 2304 1189 2377; x_wconf 76' lang='grc' dir='ltr'>τὴν</span> <span class='ocrx_word' id='word_1_201' title='bbox 1212 2306 1323 2377; x_wconf 78' lang='grc' dir='ltr'><strong><em>αἰώραν</em></strong></span> <span class='ocrx_word' id='word_1_202' title='bbox 1347 2306 1399 2377; x_wconf 88' lang='grc' dir='ltr'>φέ-</span> 
     </span>
     <span class='ocr_line' id='line_1_23' title="bbox 256 2366 1398 2463; baseline -0.001 -34"><span class='ocrx_word' id='word_1_203' title='bbox 256 2366 414 2445; x_wconf 75' lang='grc' dir='ltr'><strong><em>ρεται’τών</em></strong></span> <span class='ocrx_word' id='word_1_204' title='bbox 437 2374 567 2429; x_wconf 74' lang='lat' dir='ltr'>adnitar·</span> <span class='ocrx_word' id='word_1_205' title='bbox 591 2374 746 2459; x_wconf 60' lang='lat' dir='ltr'>alvqryu&#39;p</span> <span class='ocrx_word' id='word_1_206' title='bbox 772 2396 836 2430; x_wconf 89' lang='grc' dir='ltr'><strong><em>τινα</em></strong></span> <span class='ocrx_word' id='word_1_207' title='bbox 861 2372 971 2463; x_wconf 73' lang='grc' dir='ltr'><strong><em>αἰώραν</em></strong></span> <span class='ocrx_word' id='word_1_208' title='bbox 997 2374 1049 2429; x_wconf 76' lang='grc' dir='ltr'><strong><em>διώ</em></strong></span> <span class='ocrx_word' id='word_1_209' title='bbox 1067 2395 1144 2456; x_wconf 69' lang='grc' dir='ltr'><strong><em>τινος</em></strong></span> <span class='ocrx_word' id='word_1_210' title='bbox 1162 2373 1303 2455; x_wconf 78' lang='grc' dir='ltr'><strong><em>τρήματος</em></strong></span> <span class='ocrx_word' id='word_1_211' title='bbox 1321 2395 1398 2443; x_wconf 89' lang='grc' dir='ltr'><strong><em>περι-</em></strong></span> 
     </span>
     <span class='ocr_line' id='line_1_24' title="bbox 256 2439 1399 2514; baseline -0.002 -16"><span class='ocrx_word' id='word_1_212' title='bbox 256 2442 402 2513; x_wconf 78' lang='grc' dir='ltr'><strong><em>φέρουσαν</em></strong></span> <span class='ocrx_word' id='word_1_213' title='bbox 425 2446 609 2512; x_wconf 87' lang='grc' dir='ltr'><strong><em>παλίρροιαν,</em></strong></span> <span class='ocrx_word' id='word_1_214' title='bbox 639 2464 681 2513; x_wconf 86' lang='grc' dir='ltr'>υφ</span> <span class='ocrx_word' id='word_1_215' title='bbox 714 2440 747 2514; x_wconf 78' lang='grc' dir='ltr'>ἧς</span> <span class='ocrx_word' id='word_1_216' title='bbox 770 2439 1032 2513; x_wconf 73' lang='grc' dir='ltr'><strong><em>α’ντιιιυμαινεσθαι</em></strong></span> <span class='ocrx_word' id='word_1_217' title='bbox 1055 2463 1090 2496; x_wconf 89' lang='grc' dir='ltr'><strong><em>τα</em></strong></span> <span class='ocrx_word' id='word_1_218' title='bbox 1113 2447 1232 2512; x_wconf 76' lang='grc' dir='ltr'><strong><em>πελαφη.</em></strong></span> <span class='ocrx_word' id='word_1_219' title='bbox 1276 2446 1399 2513; x_wconf 86' lang='grc' dir='ltr'><strong><em>Τίμαιος</em></strong></span> 
     </span>
     <span class='ocr_line' id='line_1_25' title="bbox 256 2505 1399 2631; baseline 0 -67"><span class='ocrx_word' id='word_1_220' title='bbox 256 2513 321 2574; x_wconf 77' lang='grc' dir='ltr'><strong><em>τοὺς</em></strong></span> <span class='ocrx_word' id='word_1_221' title='bbox 340 2505 533 2631; x_wconf 61' lang='grc' dir='ltr'><strong><em>έηιβοίλλσντας</em></strong></span> <span class='ocrx_word' id='word_1_222' title='bbox 551 2510 696 2593; x_wconf 76' lang='grc' dir='ltr'><strong><em>ποταμούς</em></strong></span> <span class='ocrx_word' id='word_1_223' title='bbox 721 2510 763 2596; x_wconf 72' lang='grc' dir='ltr'><strong><em>εἰς</em></strong></span> <span class='ocrx_word' id='word_1_224' title='bbox 785 2509 838 2581; x_wconf 81' lang='grc' dir='ltr'>την</span> <span class='ocrx_word' id='word_1_225' title='bbox 855 2505 1033 2580; x_wconf 77' lang='grc' dir='ltr'><strong><em>Ἀτλαντικὴν</em></strong></span> <span class='ocrx_word' id='word_1_226' title='bbox 1051 2506 1100 2564; x_wconf 73' lang='grc' dir='ltr'><strong><em>διὰ</em></strong></span> <span class='ocrx_word' id='word_1_227' title='bbox 1114 2515 1164 2581; x_wconf 79' lang='grc' dir='ltr'>της</span> <span class='ocrx_word' id='word_1_228' title='bbox 1175 2514 1314 2591; x_wconf 70' lang='grc' dir='ltr'><strong><em>Κελτικῆς</em></strong></span> <span class='ocrx_word' id='word_1_229' title='bbox 1326 2506 1399 2591; x_wconf 72' lang='grc' dir='ltr'><strong><em>σ’ρει-</em></strong></span> 
     </span>
    </p>
   </div>
   <div class='ocr_carea' id='block_1_5' title="bbox 256 2575 1399 2729">
    <p class='ocr_par' dir='ltr' id='par_1_6' title="bbox 256 2575 1399 2729">
     <span class='ocr_line' id='line_1_26' title="bbox 256 2575 1399 2659; baseline -0.001 -26"><span class='ocrx_word' id='word_1_230' title='bbox 256 2582 307 2649; x_wconf 75' lang='grc' dir='ltr'>υής</span> <span class='ocrx_word' id='word_1_231' title='bbox 326 2592 469 2659; x_wconf 49' lang='lat' dir='ltr'>aptarat,</span> <span class='ocrx_word' id='word_1_232' title='bbox 497 2583 705 2648; x_wconf 86' lang='grc' dir='ltr'><strong><em>προωθσυντας</em></strong></span> <span class='ocrx_word' id='word_1_233' title='bbox 727 2598 780 2648; x_wconf 85' lang='grc' dir='ltr'><strong><em>μεν</em></strong></span> <span class='ocrx_word' id='word_1_234' title='bbox 802 2586 866 2641; x_wconf 78' lang='grc' dir='ltr'><strong><em>ταῖς</em></strong></span> <span class='ocrx_word' id='word_1_235' title='bbox 891 2575 903 2632; x_wconf 85' lang='grc' dir='ltr'><strong><em>έ</em></strong></span> <span class='ocrx_word' id='word_1_236' title='bbox 930 2576 1008 2655; x_wconf 63' lang='lat' dir='ltr'>dilato</span> <span class='ocrx_word' id='word_1_237' title='bbox 1026 2579 1076 2633; x_wconf 82' lang='grc' dir='ltr'><strong><em>καλ</em></strong></span> <span class='ocrx_word' id='word_1_238' title='bbox 1093 2583 1266 2648; x_wconf 88' lang='grc' dir='ltr'><strong><em>πλημμυραν</em></strong></span> <span class='ocrx_word' id='word_1_239' title='bbox 1284 2598 1399 2633; x_wconf 90' lang='grc' dir='ltr'><strong><em>ποιουν-</em></strong></span> 
     </span>
     <span class='ocr_line' id='line_1_27' title="bbox 256 2600 1398 2729; baseline 0 -30"><span class='ocrx_word' id='word_1_240' title='bbox 256 2668 321 2711; x_wconf 85' lang='grc' dir='ltr'><strong><em>τας,</em></strong></span> <span class='ocrx_word' id='word_1_241' title='bbox 345 2643 524 2727; x_wconf 67' lang='grc' dir='ltr'><strong><em>υφέληιοντας</em></strong></span> <span class='ocrx_word' id='word_1_242' title='bbox 544 2645 576 2700; x_wconf 75' lang='grc' dir='ltr'>δὲ</span> <span class='ocrx_word' id='word_1_243' title='bbox 594 2654 657 2709; x_wconf 80' lang='grc' dir='ltr'><strong><em>ταῖς</em></strong></span> <span class='ocrx_word' id='word_1_244' title='bbox 674 2640 859 2708; x_wconf 69' lang='grc' dir='ltr'><strong><em>ἀναπαύλαις</em></strong></span> <span class='ocrx_word' id='word_1_245' title='bbox 874 2600 926 2729; x_wconf 54' lang='lat' dir='ltr'>qud</span> <span class='ocrx_word' id='word_1_246' title='bbox 941 2643 1109 2716; x_wconf 78' lang='grc' dir='ltr'><strong><em>αμπώτιδας</em></strong></span> <span class='ocrx_word' id='word_1_247' title='bbox 1120 2644 1398 2727; x_wconf 55' lang='grc' dir='ltr'><strong><em>,κατασκευάζοντας</em></strong></span> 
     </span>
    </p>
   </div>
   <div class='ocr_carea' id='block_1_6' title="bbox 1372 2716 1384 2729">
    <p class='ocr_par' dir='ltr' id='par_1_7' title="bbox 1372 2716 1384 2729">
     <span class='ocr_line' id='line_1_28' title="bbox 1372 2716 1384 2729; baseline 0 -3"><span class='ocrx_word' id='word_1_248' title='bbox 1372 2716 1384 2729; x_wconf 56' lang='grc' dir='ltr'><em>η</em></span> 
     </span>
    </p>
   </div>
   <div class='ocr_carea' id='block_1_7' title="bbox 256 2711 1404 3800">
    <p class='ocr_par' dir='ltr' id='par_1_8' title="bbox 256 2711 1400 3053">
     <span class='ocr_line' id='line_1_29' title="bbox 257 2711 1400 2783; baseline 0 -16"><span class='ocrx_word' id='word_1_249' title='bbox 257 2714 398 2775; x_wconf 86' lang='grc' dir='ltr'><strong><em>Σέλευκος</em></strong></span> <span class='ocrx_word' id='word_1_250' title='bbox 417 2732 432 2766; x_wconf 91' lang='lat' dir='ltr'>o</span> <span class='ocrx_word' id='word_1_251' title='bbox 449 2712 662 2782; x_wconf 82' lang='grc' dir='ltr'><strong><em>μαθηματικός,</em></strong></span> <span class='ocrx_word' id='word_1_252' title='bbox 681 2717 769 2768; x_wconf 79' lang='grc' dir='ltr'><strong><em>τινων</em></strong></span> <span class='ocrx_word' id='word_1_253' title='bbox 787 2715 836 2769; x_wconf 78' lang='grc' dir='ltr'><strong><em>καὶ</em></strong></span> <span class='ocrx_word' id='word_1_254' title='bbox 855 2733 937 2777; x_wconf 87' lang='grc' dir='ltr'><strong><em>ουτος</em></strong></span> <span class='ocrx_word' id='word_1_255' title='bbox 954 2711 1007 2783; x_wconf 77' lang='grc' dir='ltr'>τήν</span> <span class='ocrx_word' id='word_1_256' title='bbox 1025 2717 1089 2783; x_wconf 70' lang='grc' dir='ltr'>γῆν,</span> <span class='ocrx_word' id='word_1_257' title='bbox 1108 2726 1292 2769; x_wconf 85' lang='grc' dir='ltr'><strong><em>αντικοπτειν</em></strong></span> <span class='ocrx_word' id='word_1_258' title='bbox 1310 2734 1363 2768; x_wconf 87' lang='grc' dir='ltr'><strong><em>αυτ</em></strong></span> <span class='ocrx_word' id='word_1_259' title='bbox 1386 2734 1400 2775; x_wconf 89' lang='grc' dir='ltr'><strong><em>ς</em></strong></span> 
     </span>
     <span class='ocr_line' id='line_1_30' title="bbox 256 2735 1400 2861; baseline 0.003 -28"><span class='ocrx_word' id='word_1_260' title='bbox 256 2785 290 2850; x_wconf 84' lang='grc' dir='ltr'>τῇ</span> <span class='ocrx_word' id='word_1_261' title='bbox 315 2781 477 2861; x_wconf 61' lang='grc' dir='ltr'><strong><em>δι’νηφησλ</em></strong></span> <span class='ocrx_word' id='word_1_262' title='bbox 499 2781 549 2834; x_wconf 82' lang='grc' dir='ltr'><strong><em>καὶ</em></strong></span> <span class='ocrx_word' id='word_1_263' title='bbox 573 2785 608 2851; x_wconf 81' lang='grc' dir='ltr'>τῇ</span> <span class='ocrx_word' id='word_1_264' title='bbox 629 2778 740 2851; x_wconf 78' lang='grc' dir='ltr'><strong><em>κινήσει</em></strong></span> <span class='ocrx_word' id='word_1_265' title='bbox 764 2779 818 2851; x_wconf 82' lang='grc' dir='ltr'>τὴν</span> <span class='ocrx_word' id='word_1_266' title='bbox 841 2779 1035 2851; x_wconf 81' lang='grc' dir='ltr'><strong><em>περιστροφὴν</em></strong></span> <span class='ocrx_word' id='word_1_267' title='bbox 1058 2785 1108 2851; x_wconf 77' lang='grc' dir='ltr'>τῆς</span> <span class='ocrx_word' id='word_1_268' title='bbox 1132 2780 1264 2850; x_wconf 76' lang='grc' dir='ltr'><strong><em>σελήνης·</em></strong></span> <span class='ocrx_word' id='word_1_269' title='bbox 1292 2785 1343 2836; x_wconf 78' lang='grc' dir='ltr'>τοῦ</span> <span class='ocrx_word' id='word_1_270' title='bbox 1364 2735 1400 2836; x_wconf 68' lang='lat' dir='ltr'>dl</span> 
     </span>
     <span class='ocr_line' id='line_1_31' title="bbox 256 2844 1400 2919; baseline 0.001 -16"><span class='ocrx_word' id='word_1_271' title='bbox 256 2850 364 2918; x_wconf 75' lang='grc' dir='ltr'><strong><em>μεταξυ</em></strong></span> <span class='ocrx_word' id='word_1_272' title='bbox 382 2846 553 2917; x_wconf 81' lang='grc' dir='ltr'><strong><em>αμφοτέρων</em></strong></span> <span class='ocrx_word' id='word_1_273' title='bbox 576 2850 632 2902; x_wconf 85' lang='grc' dir='ltr'>τών</span> <span class='ocrx_word' id='word_1_274' title='bbox 649 2848 785 2917; x_wconf 74' lang='grc' dir='ltr'><strong><em>σωμάτων</em></strong></span> <span class='ocrx_word' id='word_1_275' title='bbox 807 2844 1090 2919; x_wconf 86' lang='grc' dir='ltr'><strong><em>α’ντιπερισπωμένσυ</em></strong></span> <span class='ocrx_word' id='word_1_276' title='bbox 1108 2847 1269 2919; x_wconf 82' lang='grc' dir='ltr'><strong><em>πνεύματος</em></strong></span> <span class='ocrx_word' id='word_1_277' title='bbox 1286 2852 1334 2904; x_wconf 84' lang='grc' dir='ltr'><strong><em>καὶ</em></strong></span> <span class='ocrx_word' id='word_1_278' title='bbox 1354 2844 1400 2918; x_wconf 84' lang='grc' dir='ltr'>έμ-</span> 
     </span>
     <span class='ocr_line' id='line_1_32' title="bbox 256 2909 1399 2990; baseline 0.002 -20"><span class='ocrx_word' id='word_1_279' title='bbox 256 2919 412 2990; x_wconf 84' lang='grc' dir='ltr'><strong><em>πίπτοντος</em></strong></span> <span class='ocrx_word' id='word_1_280' title='bbox 436 2914 477 2977; x_wconf 77' lang='grc' dir='ltr'><strong><em>εἰς</em></strong></span> <span class='ocrx_word' id='word_1_281' title='bbox 501 2913 532 2969; x_wconf 82' lang='grc' dir='ltr'>τὸ</span> <span class='ocrx_word' id='word_1_282' title='bbox 549 2909 724 2970; x_wconf 73' lang='grc' dir='ltr'><strong><em>Ἀτλαντικὸν</em></strong></span> <span class='ocrx_word' id='word_1_283' title='bbox 746 2916 882 2985; x_wconf 77' lang='grc' dir='ltr'><strong><em>πέλαγος,</em></strong></span> <span class='ocrx_word' id='word_1_284' title='bbox 906 2915 979 2971; x_wconf 74' lang='grc' dir='ltr'><strong><em>κατὰ</em></strong></span> <span class='ocrx_word' id='word_1_285' title='bbox 997 2914 1083 2986; x_wconf 82' lang='grc' dir='ltr'><strong><em>λόγον</em></strong></span> <span class='ocrx_word' id='word_1_286' title='bbox 1100 2911 1177 2988; x_wconf 75' lang='grc' dir='ltr'><strong><em>αὐτῷ</em></strong></span> <span class='ocrx_word' id='word_1_287' title='bbox 1200 2920 1399 2986; x_wconf 71' lang='grc' dir='ltr'><strong><em>συγκυκᾶσθαι</em></strong></span> 
     </span>
     <span class='ocr_line' id='line_1_33' title="bbox 258 2982 489 3053; baseline -0.009 -16"><span class='ocrx_word' id='word_1_288' title='bbox 258 2982 311 3053; x_wconf 75' lang='grc' dir='ltr'>τὴν</span> <span class='ocrx_word' id='word_1_289' title='bbox 328 2982 489 3037; x_wconf 73' lang='grc' dir='ltr'><strong><em>θάλασσαν.</em></strong></span> 
     </span>
    </p>

    <p class='ocr_par' dir='ltr' id='par_1_9' title="bbox 257 3051 1404 3800">
     <span class='ocr_line' id='line_1_34' title="bbox 348 3051 1400 3109; baseline 0.001 -4"><span class='ocrx_word' id='word_1_290' title='bbox 348 3051 424 3108; x_wconf 80' lang='lat'>155*</span> <span class='ocrx_word' id='word_1_291' title='bbox 441 3055 561 3105; x_wconf 75' lang='lat' dir='ltr'>Isidorus</span> <span class='ocrx_word' id='word_1_292' title='bbox 580 3055 613 3105; x_wconf 92' lang='lat' dir='ltr'>de</span> <span class='ocrx_word' id='word_1_293' title='bbox 633 3062 732 3106; x_wconf 90' lang='lat' dir='ltr'>natura</span> <span class='ocrx_word' id='word_1_294' title='bbox 750 3073 840 3106; x_wconf 89' lang='lat' dir='ltr'>rerum</span> <span class='ocrx_word' id='word_1_295' title='bbox 858 3056 903 3107; x_wconf 79' lang='lat' dir='ltr'>al:</span> <span class='ocrx_word' id='word_1_296' title='bbox 933 3058 1003 3107; x_wconf 80' lang='lat' dir='ltr'>‘Cur</span> <span class='ocrx_word' id='word_1_297' title='bbox 1021 3073 1096 3107; x_wconf 87' lang='lat' dir='ltr'>mara</span> <span class='ocrx_word' id='word_1_298' title='bbox 1116 3073 1169 3107; x_wconf 91' lang='lat' dir='ltr'>non</span> <span class='ocrx_word' id='word_1_299' title='bbox 1189 3062 1304 3109; x_wconf 83' lang='lat' dir='ltr'>creseat.</span> <span class='ocrx_word' id='word_1_300' title='bbox 1337 3056 1400 3107; x_wconf 87' lang='lat' dir='ltr'>Cur</span> 
     </span>
     <span class='ocr_line' id='line_1_35' title="bbox 257 3123 1401 3190; baseline 0.003 -18"><span class='ocrx_word' id='word_1_301' title='bbox 257 3138 346 3173; x_wconf 89' lang='lat' dir='ltr'>maro</span> <span class='ocrx_word' id='word_1_302' title='bbox 466 3131 617 3185; x_wconf 83' lang='lat' dir='ltr'>creseat,</span> <span class='ocrx_word' id='word_1_303' title='bbox 652 3123 779 3174; x_wconf 84' lang='lat' dir='ltr'>Clemens</span> <span class='ocrx_word' id='word_1_304' title='bbox 803 3126 950 3190; x_wconf 82' lang='lat' dir='ltr'>episeopus</span> <span class='ocrx_word' id='word_1_305' title='bbox 977 3124 1046 3174; x_wconf 82' lang='lat' dir='ltr'>dicit</span> <span class='ocrx_word' id='word_1_306' title='bbox 1075 3141 1106 3175; x_wconf 91' lang='lat' dir='ltr'>eo</span> <span class='ocrx_word' id='word_1_307' title='bbox 1136 3125 1207 3190; x_wconf 64' lang='lat' dir='ltr'>(prod</span> <span class='ocrx_word' id='word_1_308' title='bbox 1235 3125 1401 3184; x_wconf 79' lang='lat' dir='ltr'>naturaliter</span> 
     </span>
     <span class='ocr_line' id='line_1_36' title="bbox 258 3190 1400 3259; baseline 0.002 -19"><span class='ocrx_word' id='word_1_309' title='bbox 258 3191 333 3240; x_wconf 85' lang='lat' dir='ltr'>salsa</span> <span class='ocrx_word' id='word_1_310' title='bbox 357 3206 430 3256; x_wconf 87' lang='lat' dir='ltr'>aqua</span> <span class='ocrx_word' id='word_1_311' title='bbox 453 3190 583 3241; x_wconf 88' lang='lat' dir='ltr'>fluentum</span> <span class='ocrx_word' id='word_1_312' title='bbox 606 3192 685 3241; x_wconf 84' lang='lat' dir='ltr'>dulce</span> <span class='ocrx_word' id='word_1_313' title='bbox 710 3193 738 3241; x_wconf 92' lang='lat' dir='ltr'>in</span> <span class='ocrx_word' id='word_1_314' title='bbox 763 3209 792 3242; x_wconf 87' lang='lat' dir='ltr'>se</span> <span class='ocrx_word' id='word_1_315' title='bbox 817 3198 957 3259; x_wconf 78' lang='lat' dir='ltr'>receptum</span> <span class='ocrx_word' id='word_1_316' title='bbox 982 3198 1141 3254; x_wconf 82' lang='lat' dir='ltr'>consumat,</span> <span class='ocrx_word' id='word_1_317' title='bbox 1164 3200 1194 3241; x_wconf 89' lang='lat' dir='ltr'>at</span> <span class='ocrx_word' id='word_1_318' title='bbox 1212 3192 1279 3243; x_wconf 91' lang='lat' dir='ltr'>illud</span> <span class='ocrx_word' id='word_1_319' title='bbox 1297 3192 1400 3243; x_wconf 83' lang='lat' dir='ltr'>salsum</span> 
     </span>
     <span class='ocr_line' id='line_1_37' title="bbox 257 3259 1401 3325; baseline 0.001 -17"><span class='ocrx_word' id='word_1_320' title='bbox 257 3260 342 3309; x_wconf 87' lang='lat' dir='ltr'>maris</span> <span class='ocrx_word' id='word_1_321' title='bbox 364 3259 525 3308; x_wconf 78' lang='lat' dir='ltr'>&#39;alimentum</span> <span class='ocrx_word' id='word_1_322' title='bbox 549 3265 784 3325; x_wconf 84' lang='lat' dir='ltr'>quantascumque</span> <span class='ocrx_word' id='word_1_323' title='bbox 807 3261 945 3325; x_wconf 82' lang='lat' dir='ltr'>receperit</span> <span class='ocrx_word' id='word_1_324' title='bbox 967 3259 1062 3325; x_wconf 87' lang='lat' dir='ltr'>oopiaa</span> <span class='ocrx_word' id='word_1_325' title='bbox 1086 3275 1232 3325; x_wconf 87' lang='lat' dir='ltr'>aquarum,</span> <span class='ocrx_word' id='word_1_326' title='bbox 1263 3261 1401 3310; x_wconf 90' lang='lat' dir='ltr'>nihilomi-</span> 
     </span>
     <span class='ocr_line' id='line_1_38' title="bbox 258 3327 1400 3393; baseline 0.001 -17"><span class='ocrx_word' id='word_1_327' title='bbox 258 3327 476 3378; x_wconf 83' lang='lat' dir='ltr'>nusexhuuriat.</span> <span class='ocrx_word' id='word_1_328' title='bbox 512 3327 581 3376; x_wconf 89' lang='lat' dir='ltr'>adde</span> <span class='ocrx_word' id='word_1_329' title='bbox 601 3328 685 3377; x_wconf 89' lang='lat' dir='ltr'>etiam</span> <span class='ocrx_word' id='word_1_330' title='bbox 704 3328 776 3393; x_wconf 90' lang='lat' dir='ltr'>quod</span> <span class='ocrx_word' id='word_1_331' title='bbox 794 3329 890 3377; x_wconf 86' lang='lat' dir='ltr'>uenti</span> <span class='ocrx_word' id='word_1_332' title='bbox 909 3329 1124 3379; x_wconf 73' lang='lat' dir='ltr'>...consumi</span> <span class='ocrx_word' id='word_1_333' title='bbox 1161 3327 1292 3379; x_wconf 84' lang='lat' dir='ltr'>Salomon</span> <span class='ocrx_word' id='word_1_334' title='bbox 1308 3334 1400 3378; x_wconf 85' lang='lat' dir='ltr'>autem</span> 
     </span>
     <span class='ocr_line' id='line_1_39' title="bbox 258 3394 1402 3461; baseline 0.001 -17"><span class='ocrx_word' id='word_1_335' title='bbox 258 3395 339 3444; x_wconf 83' lang='lat' dir='ltr'>dicit:</span> <span class='ocrx_word' id='word_1_336' title='bbox 368 3394 410 3443; x_wconf 86' lang='lat' dir='ltr'>Ad</span> <span class='ocrx_word' id='word_1_337' title='bbox 434 3394 523 3443; x_wconf 83' lang='lat' dir='ltr'>locum</span> <span class='ocrx_word' id='word_1_338' title='bbox 546 3395 617 3444; x_wconf 89' lang='lat' dir='ltr'>unda</span> <span class='ocrx_word' id='word_1_339' title='bbox 647 3402 749 3445; x_wconf 81' lang='lat' dir='ltr'>exeunt</span> <span class='ocrx_word' id='word_1_340' title='bbox 775 3397 886 3445; x_wconf 87' lang='lat' dir='ltr'>flumina</span> <span class='ocrx_word' id='word_1_341' title='bbox 909 3400 1092 3446; x_wconf 88' lang='lat' dir='ltr'>reuertuntur.</span> <span class='ocrx_word' id='word_1_342' title='bbox 1134 3396 1206 3446; x_wconf 88' lang='lat' dir='ltr'>unde</span> <span class='ocrx_word' id='word_1_343' title='bbox 1230 3396 1402 3461; x_wconf 82' lang='lat' dir='ltr'>intellegitur</span> 
     </span>
     <span class='ocr_line' id='line_1_40' title="bbox 258 3462 1401 3528; baseline 0.001 -16"><span class='ocrx_word' id='word_1_344' title='bbox 258 3478 333 3512; x_wconf 88' lang='lat' dir='ltr'>mare</span> <span class='ocrx_word' id='word_1_345' title='bbox 363 3462 425 3511; x_wconf 87' lang='lat' dir='ltr'>ideo</span> <span class='ocrx_word' id='word_1_346' title='bbox 454 3477 508 3511; x_wconf 91' lang='lat' dir='ltr'>aon</span> <span class='ocrx_word' id='word_1_347' title='bbox 538 3478 677 3524; x_wconf 84' lang='lat' dir='ltr'>erescere,</span> <span class='ocrx_word' id='word_1_348' title='bbox 707 3464 779 3528; x_wconf 89' lang='lat' dir='ltr'>quod</span> <span class='ocrx_word' id='word_1_349' title='bbox 801 3480 851 3528; x_wconf 88' lang='lat' dir='ltr'>per</span> <span class='ocrx_word' id='word_1_350' title='bbox 873 3463 1003 3528; x_wconf 89' lang='lat' dir='ltr'>quosdam</span> <span class='ocrx_word' id='word_1_351' title='bbox 1032 3463 1155 3514; x_wconf 85' lang='lat' dir='ltr'>occultos</span> <span class='ocrx_word' id='word_1_352' title='bbox 1177 3469 1284 3514; x_wconf 80' lang='lat' dir='ltr'>meatus</span> <span class='ocrx_word' id='word_1_353' title='bbox 1312 3479 1401 3527; x_wconf 85' lang='lat' dir='ltr'>aquae</span> 
     </span>
     <span class='ocr_line' id='line_1_41' title="bbox 258 3527 1401 3597; baseline 0.002 -18"><span class='ocrx_word' id='word_1_354' title='bbox 258 3531 402 3580; x_wconf 86' lang='lat' dir='ltr'>reuolutae</span> <span class='ocrx_word' id='word_1_355' title='bbox 421 3530 449 3579; x_wconf 88' lang='lat' dir='ltr'>in</span> <span class='ocrx_word' id='word_1_356' title='bbox 469 3530 560 3579; x_wconf 83' lang='lat' dir='ltr'>tontes</span> <span class='ocrx_word' id='word_1_357' title='bbox 579 3546 643 3580; x_wconf 88' lang='lat' dir='ltr'>suos</span> <span class='ocrx_word' id='word_1_358' title='bbox 661 3531 780 3580; x_wconf 87' lang='lat' dir='ltr'>refluant</span> <span class='ocrx_word' id='word_1_359' title='bbox 804 3527 832 3580; x_wconf 80' lang='grc' dir='ltr'>εἰ</span> <span class='ocrx_word' id='word_1_360' title='bbox 861 3532 944 3581; x_wconf 85' lang='lat' dir='ltr'>solito</span> <span class='ocrx_word' id='word_1_361' title='bbox 969 3546 1051 3582; x_wconf 85' lang='lat' dir='ltr'>eursu</span> <span class='ocrx_word' id='word_1_362' title='bbox 1074 3548 1124 3597; x_wconf 87' lang='lat' dir='ltr'>per</span> <span class='ocrx_word' id='word_1_363' title='bbox 1147 3546 1211 3582; x_wconf 85' lang='lat' dir='ltr'>suos</span> <span class='ocrx_word' id='word_1_364' title='bbox 1235 3547 1331 3582; x_wconf 87' lang='lat' dir='ltr'>amnes</span> <span class='ocrx_word' id='word_1_365' title='bbox 1354 3531 1401 3581; x_wconf 87' lang='lat' dir='ltr'>do·</span> 
     </span>
     <span class='ocr_line' id='line_1_42' title="bbox 258 3599 1402 3664; baseline 0.002 -17"><span class='ocrx_word' id='word_1_366' title='bbox 258 3605 379 3647; x_wconf 83' lang='lat' dir='ltr'>currant.</span> <span class='ocrx_word' id='word_1_367' title='bbox 415 3613 491 3647; x_wconf 86' lang='lat' dir='ltr'>mare</span> <span class='ocrx_word' id='word_1_368' title='bbox 515 3604 607 3647; x_wconf 89' lang='lat' dir='ltr'>autem</span> <span class='ocrx_word' id='word_1_369' title='bbox 630 3604 777 3664; x_wconf 85' lang='lat' dir='ltr'>propterea</span> <span class='ocrx_word' id='word_1_370' title='bbox 800 3599 977 3661; x_wconf 80' lang='lat' dir='ltr'>factumest,</span> <span class='ocrx_word' id='word_1_371' title='bbox 1004 3605 1035 3650; x_wconf 92' lang='lat' dir='ltr'>ut</span> <span class='ocrx_word' id='word_1_372' title='bbox 1057 3600 1175 3649; x_wconf 91' lang='lat' dir='ltr'>omnium</span> <span class='ocrx_word' id='word_1_373' title='bbox 1194 3615 1289 3650; x_wconf 86' lang='lat' dir='ltr'>cursus</span> <span class='ocrx_word' id='word_1_374' title='bbox 1306 3599 1402 3649; x_wconf 83' lang='lat' dir='ltr'>fluuio-</span> 
     </span>
     <span class='ocr_line' id='line_1_43' title="bbox 258 3665 1403 3730; baseline 0.001 -16"><span class='ocrx_word' id='word_1_375' title='bbox 258 3680 316 3714; x_wconf 88' lang='lat' dir='ltr'>rum</span> <span class='ocrx_word' id='word_1_376' title='bbox 339 3665 471 3730; x_wconf 86' lang='lat' dir='ltr'>recipiat,</span> <span class='ocrx_word' id='word_1_377' title='bbox 502 3667 579 3715; x_wconf 88' lang='lat' dir='ltr'>euius</span> <span class='ocrx_word' id='word_1_378' title='bbox 604 3682 665 3716; x_wconf 86' lang='lat' dir='ltr'>curn</span> <span class='ocrx_word' id='word_1_379' title='bbox 688 3667 725 3716; x_wconf 86' lang='lat' dir='ltr'>ait</span> <span class='ocrx_word' id='word_1_380' title='bbox 749 3665 867 3715; x_wconf 87' lang='lat' dir='ltr'>altitudo</span> <span class='ocrx_word' id='word_1_381' title='bbox 891 3666 1015 3729; x_wconf 84' lang='lat' dir='ltr'>diuersa,</span> <span class='ocrx_word' id='word_1_382' title='bbox 1039 3667 1192 3717; x_wconf 87' lang='lat' dir='ltr'>indisereta</span> <span class='ocrx_word' id='word_1_383' title='bbox 1214 3673 1307 3717; x_wconf 89' lang='lat' dir='ltr'>tamen</span> <span class='ocrx_word' id='word_1_384' title='bbox 1329 3667 1403 3716; x_wconf 88' lang='lat' dir='ltr'>dorsi</span> 
     </span>
     <span class='ocr_line' id='line_1_44' title="bbox 258 3732 1404 3800; baseline 0.001 -18"><span class='ocrx_word' id='word_1_385' title='bbox 258 3735 318 3782; x_wconf 85' lang='lat' dir='ltr'>eiua</span> <span class='ocrx_word' id='word_1_386' title='bbox 337 3732 502 3798; x_wconf 86' lang='lat' dir='ltr'>aequalitas.</span> <span class='ocrx_word' id='word_1_387' title='bbox 544 3733 614 3783; x_wconf 89' lang='lat' dir='ltr'>unde</span> <span class='ocrx_word' id='word_1_388' title='bbox 640 3740 668 3785; x_wconf 87' lang='lat' dir='ltr'>et</span> <span class='ocrx_word' id='word_1_389' title='bbox 692 3750 795 3798; x_wconf 88' lang='lat' dir='ltr'>aequor</span> <span class='ocrx_word' id='word_1_390' title='bbox 817 3732 986 3799; x_wconf 86' lang='lat' dir='ltr'>appellatum</span> <span class='ocrx_word' id='word_1_391' title='bbox 1005 3736 1134 3797; x_wconf 87' lang='lat' dir='ltr'>ereditur,</span> <span class='ocrx_word' id='word_1_392' title='bbox 1154 3735 1226 3800; x_wconf 89' lang='lat' dir='ltr'>quod</span> <span class='ocrx_word' id='word_1_393' title='bbox 1243 3734 1404 3800; x_wconf 83' lang='lat' dir='ltr'>superficies</span> 
     </span>
    </p>
   </div>
   <div class='ocr_carea' id='block_1_8' title="bbox 258 3898 1404 4496">
    <p class='ocr_par' dir='ltr' id='par_1_10' title="bbox 258 3898 1404 4496">
     <span class='ocr_line' id='line_1_45' title="bbox 344 3898 1403 3987; baseline -0.001 -21"><span class='ocrx_word' id='word_1_394' title='bbox 344 3916 356 3966; x_wconf 93' lang='lat' dir='ltr'>l</span> <span class='ocrx_word' id='word_1_395' title='bbox 377 3906 474 3983; x_wconf 83' lang='lat' dir='ltr'>eregit</span> <span class='ocrx_word' id='word_1_396' title='bbox 492 3909 517 3963; x_wconf 99' lang='grc' dir='ltr'><em>Β</em></span> <span class='ocrx_word' id='word_1_397' title='bbox 536 3898 550 3987; x_wconf 76' lang='grc' dir='ltr'>Η</span> <span class='ocrx_word' id='word_1_398' title='bbox 573 3925 607 3964; x_wconf 87' lang='lat' dir='ltr'>so</span> <span class='ocrx_word' id='word_1_399' title='bbox 625 3925 678 3963; x_wconf 88' lang='lat' dir='ltr'>om.</span> <span class='ocrx_word' id='word_1_400' title='bbox 698 3908 771 3980; x_wconf 75' lang='lat' dir='ltr'>vulp.</span> <span class='ocrx_word' id='word_1_401' title='bbox 794 3898 808 3985; x_wconf 78' lang='grc' dir='ltr'>ΙΙ</span> <span class='ocrx_word' id='word_1_402' title='bbox 827 3923 961 3964; x_wconf 85' lang='lat' dir='ltr'>oceanus</span> <span class='ocrx_word' id='word_1_403' title='bbox 979 3909 1099 3979; x_wconf 77' lang='lat' dir='ltr'>scripsi:</span> <span class='ocrx_word' id='word_1_404' title='bbox 1122 3924 1271 3964; x_wconf 87' lang='lat' dir='ltr'>oceanum</span> <span class='ocrx_word' id='word_1_405' title='bbox 1284 3909 1311 3963; x_wconf 92' lang='grc' dir='ltr'><em>Β</em></span> <span class='ocrx_word' id='word_1_406' title='bbox 1329 3907 1403 3965; x_wconf 87' lang='lat' dir='ltr'>otia·</span> 
     </span>
     <span class='ocr_line' id='line_1_46' title="bbox 258 3985 1402 4072; baseline 0 -24"><span class='ocrx_word' id='word_1_407' title='bbox 258 4009 329 4048; x_wconf 88' lang='lat' dir='ltr'>nam</span> <span class='ocrx_word' id='word_1_408' title='bbox 345 3994 370 4047; x_wconf 86' lang='grc' dir='ltr'><em>Α</em></span> <span class='ocrx_word' id='word_1_409' title='bbox 389 3994 469 4049; x_wconf 83' lang='lat' dir='ltr'>addit</span> <span class='ocrx_word' id='word_1_410' title='bbox 489 3987 528 4047; x_wconf 71' lang='grc' dir='ltr'>Α2</span> <span class='ocrx_word' id='word_1_411' title='bbox 603 3990 716 4069; x_wconf 87' lang='lat' dir='ltr'>qudam</span> <span class='ocrx_word' id='word_1_412' title='bbox 738 3991 910 4048; x_wconf 85' lang='lat' dir='ltr'>farisiorum</span> <span class='ocrx_word' id='word_1_413' title='bbox 935 3985 948 4070; x_wconf 75' lang='grc' dir='ltr'>Η</span> <span class='ocrx_word' id='word_1_414' title='bbox 968 3999 985 4050; x_wconf 79' lang='grc'>2</span> <span class='ocrx_word' id='word_1_415' title='bbox 1005 3989 1252 4069; x_wconf 81' lang='lat' dir='ltr'>inconparabiles</span> <span class='ocrx_word' id='word_1_416' title='bbox 1278 3988 1314 4048; x_wconf 57' lang='grc' dir='ltr'>ΑΙ</span> <span class='ocrx_word' id='word_1_417' title='bbox 1331 3985 1344 4072; x_wconf 69' lang='grc' dir='ltr'>ΙΙ</span> <span class='ocrx_word' id='word_1_418' title='bbox 1359 3992 1402 4049; x_wconf 90' lang='lat' dir='ltr'>in·</span> 
     </span>
     <span class='ocr_line' id='line_1_47' title="bbox 258 4010 1402 4156; baseline -0.002 -22"><span class='ocrx_word' id='word_1_419' title='bbox 258 4073 491 4134; x_wconf 83' lang='lat' dir='ltr'>transmeabiles</span> <span class='ocrx_word' id='word_1_420' title='bbox 507 4010 574 4154; x_wconf 59' lang='lat' dir='ltr'>:dil</span> <span class='ocrx_word' id='word_1_421' title='bbox 589 4073 757 4152; x_wconf 85' lang='lat' dir='ltr'>perhibitur</span> <span class='ocrx_word' id='word_1_422' title='bbox 777 4071 814 4131; x_wconf 88' lang='lat' dir='ltr'>B¹</span> <span class='ocrx_word' id='word_1_423' title='bbox 836 4071 850 4156; x_wconf 73' lang='lat' dir='ltr'>ll</span> <span class='ocrx_word' id='word_1_424' title='bbox 871 4085 887 4137; x_wconf 80' lang='lat'><strong>3</strong></span> <span class='ocrx_word' id='word_1_425' title='bbox 916 4075 987 4153; x_wconf 91' lang='lat' dir='ltr'>quia</span> <span class='ocrx_word' id='word_1_426' title='bbox 1010 4077 1037 4131; x_wconf 93' lang='grc' dir='ltr'><em>Β</em></span> <span class='ocrx_word' id='word_1_427' title='bbox 1058 4069 1071 4155; x_wconf 80' lang='grc' dir='ltr'>Η</span> <span class='ocrx_word' id='word_1_428' title='bbox 1091 4092 1257 4133; x_wconf 82' lang='lat' dir='ltr'>occeanum</span> <span class='ocrx_word' id='word_1_429' title='bbox 1279 4078 1307 4131; x_wconf 90' lang='lat' dir='ltr'><em>B</em></span> <span class='ocrx_word' id='word_1_430' title='bbox 1328 4076 1402 4132; x_wconf 87' lang='lat' dir='ltr'>otia·</span> 
     </span>
     <span class='ocr_line' id='line_1_48' title="bbox 258 4153 1403 4240; baseline -0.001 -22"><span class='ocrx_word' id='word_1_431' title='bbox 258 4180 329 4218; x_wconf 90' lang='lat' dir='ltr'>num</span> <span class='ocrx_word' id='word_1_432' title='bbox 339 4164 364 4216; x_wconf 86' lang='lat' dir='ltr'><em>A</em></span> <span class='ocrx_word' id='word_1_433' title='bbox 373 4160 439 4233; x_wconf 80' lang='lat' dir='ltr'>fere</span> <span class='ocrx_word' id='word_1_434' title='bbox 450 4177 563 4232; x_wconf 81' lang='lat' dir='ltr'>semper</span> <span class='ocrx_word' id='word_1_435' title='bbox 579 4153 592 4240; x_wconf 75' lang='grc' dir='ltr'>ΙΙ</span> <span class='ocrx_word' id='word_1_436' title='bbox 607 4158 693 4217; x_wconf 90' lang='lat' dir='ltr'>nulla</span> <span class='ocrx_word' id='word_1_437' title='bbox 714 4168 797 4217; x_wconf 86' lang='lat' dir='ltr'>terra</span> <span class='ocrx_word' id='word_1_438' title='bbox 812 4162 839 4217; x_wconf 90' lang='lat' dir='ltr'><em>B</em></span> <span class='ocrx_word' id='word_1_439' title='bbox 854 4156 900 4240; x_wconf 79' lang='grc'>114</span> <span class='ocrx_word' id='word_1_440' title='bbox 920 4160 984 4217; x_wconf 88' lang='lat' dir='ltr'>aeri</span> <span class='ocrx_word' id='word_1_441' title='bbox 999 4167 1022 4215; x_wconf 83' lang='grc' dir='ltr'><em>Α</em></span> <span class='ocrx_word' id='word_1_442' title='bbox 1037 4154 1050 4240; x_wconf 70' lang='lat' dir='ltr'>ll</span> <span class='ocrx_word' id='word_1_443' title='bbox 1067 4168 1265 4218; x_wconf 86' lang='lat' dir='ltr'>conteneatur</span> <span class='ocrx_word' id='word_1_444' title='bbox 1279 4156 1315 4217; x_wconf 79' lang='lat' dir='ltr'>A¹</span> <span class='ocrx_word' id='word_1_445' title='bbox 1333 4179 1403 4217; x_wconf 89' lang='lat' dir='ltr'>eon·</span> 
     </span>
     <span class='ocr_line' id='line_1_49' title="bbox 258 4237 1404 4325; baseline -0.002 -23"><span class='ocrx_word' id='word_1_446' title='bbox 258 4244 378 4303; x_wconf 83' lang='lat' dir='ltr'>tindstur</span> <span class='ocrx_word' id='word_1_447' title='bbox 392 4238 431 4299; x_wconf 90' lang='lat' dir='ltr'>B¹</span> <span class='ocrx_word' id='word_1_448' title='bbox 449 4238 462 4325; x_wconf 74' lang='grc' dir='ltr'>Η</span> <span class='ocrx_word' id='word_1_449' title='bbox 477 4253 508 4301; x_wconf 87' lang='lat' dir='ltr'>et</span> <span class='ocrx_word' id='word_1_450' title='bbox 518 4263 571 4301; x_wconf 89' lang='lat' dir='ltr'>om.</span> <span class='ocrx_word' id='word_1_451' title='bbox 581 4247 607 4300; x_wconf 91' lang='lat' dir='ltr'><em>B</em></span> <span class='ocrx_word' id='word_1_452' title='bbox 622 4239 635 4324; x_wconf 76' lang='grc' dir='ltr'>[Ι</span> <span class='ocrx_word' id='word_1_453' title='bbox 650 4242 802 4303; x_wconf 89' lang='lat' dir='ltr'>subterias</span> <span class='ocrx_word' id='word_1_454' title='bbox 814 4240 898 4321; x_wconf 88' lang='lat' dir='ltr'>ideo]</span> <span class='ocrx_word' id='word_1_455' title='bbox 911 4242 1048 4303; x_wconf 86' lang='lat' dir='ltr'>subsidio</span> <span class='ocrx_word' id='word_1_456' title='bbox 1060 4246 1087 4299; x_wconf 92' lang='lat' dir='ltr'><em>B</em></span> <span class='ocrx_word' id='word_1_457' title='bbox 1101 4237 1115 4322; x_wconf 86' lang='grc' dir='ltr'>ΙΙ</span> <span class='ocrx_word' id='word_1_458' title='bbox 1130 4254 1146 4306; x_wconf 84' lang='lat'>5</span> <span class='ocrx_word' id='word_1_459' title='bbox 1161 4264 1239 4323; x_wconf 91' lang='lat' dir='ltr'>quur</span> <span class='ocrx_word' id='word_1_460' title='bbox 1252 4248 1303 4301; x_wconf 86' lang='lat' dir='ltr'>AB</span> <span class='ocrx_word' id='word_1_461' title='bbox 1318 4240 1331 4325; x_wconf 73' lang='lat' dir='ltr'>ll</span> <span class='ocrx_word' id='word_1_462' title='bbox 1346 4244 1404 4301; x_wconf 87' lang='lat' dir='ltr'>hae</span> 
     </span>
     <span class='ocr_line' id='line_1_50' title="bbox 260 4324 1404 4409; baseline 0 -24"><span class='ocrx_word' id='word_1_463' title='bbox 260 4325 338 4386; x_wconf 65' lang='grc' dir='ltr'>,ιιῑΒι</span> <span class='ocrx_word' id='word_1_464' title='bbox 355 4324 368 4409; x_wconf 79' lang='grc' dir='ltr'>Η</span> <span class='ocrx_word' id='word_1_465' title='bbox 383 4328 476 4386; x_wconf 84' lang='lat' dir='ltr'>lautis</span> <span class='ocrx_word' id='word_1_466' title='bbox 489 4329 643 4405; x_wconf 84' lang='lat' dir='ltr'>copiarum</span> <span class='ocrx_word' id='word_1_467' title='bbox 651 4328 809 4395; x_wconf 88' lang='lat' dir='ltr'>fluuiorum</span> <span class='ocrx_word' id='word_1_468' title='bbox 826 4349 885 4407; x_wconf 91' lang='lat' dir='ltr'>quo</span> <span class='ocrx_word' id='word_1_469' title='bbox 900 4331 931 4408; x_wconf 91' lang='lat' dir='ltr'>pi</span> <span class='ocrx_word' id='word_1_470' title='bbox 941 4326 1002 4389; x_wconf 76' lang='lat' dir='ltr'>atis</span> <span class='ocrx_word' id='word_1_471' title='bbox 1018 4331 1114 4386; x_wconf 75' lang='grc' dir='ltr'><strong><em>Βπίιι·</em></strong></span> <span class='ocrx_word' id='word_1_472' title='bbox 1122 4333 1200 4403; x_wconf 83' lang='lat' dir='ltr'>quod</span> <span class='ocrx_word' id='word_1_473' title='bbox 1214 4348 1272 4407; x_wconf 90' lang='lat' dir='ltr'>quo</span> <span class='ocrx_word' id='word_1_474' title='bbox 1288 4328 1346 4409; x_wconf 84' lang='lat' dir='ltr'>piis</span> <span class='ocrx_word' id='word_1_475' title='bbox 1363 4324 1404 4385; x_wconf 85' lang='lat' dir='ltr'>B²</span> 
     </span>
     <span class='ocr_line' id='line_1_51' title="bbox 260 4408 662 4496; baseline -0.002 -25"><span class='ocrx_word' id='word_1_476' title='bbox 260 4411 305 4496; x_wconf 70' lang='lat' dir='ltr'>llo</span> <span class='ocrx_word' id='word_1_477' title='bbox 324 4413 444 4491; x_wconf 87' lang='lat' dir='ltr'>rapiant</span> <span class='ocrx_word' id='word_1_478' title='bbox 461 4416 485 4470; x_wconf 92' lang='grc' dir='ltr'><em>Β</em></span> <span class='ocrx_word' id='word_1_479' title='bbox 499 4408 513 4494; x_wconf 82' lang='grc' dir='ltr'>ΙΙ</span> <span class='ocrx_word' id='word_1_480' title='bbox 530 4410 573 4491; x_wconf 81' lang='lat' dir='ltr'>et]</span> <span class='ocrx_word' id='word_1_481' title='bbox 590 4421 623 4471; x_wconf 89' lang='lat' dir='ltr'>ut</span> <span class='ocrx_word' id='word_1_482' title='bbox 637 4416 662 4470; x_wconf 99' lang='grc' dir='ltr'><em>Β</em></span> 
     </span>
    </p>
   </div>
   <div class='ocr_carea' id='block_1_9' title="bbox 0 0 1623 5000">
    <p class='ocr_par' dir='ltr' id='par_1_11' title="bbox 0 0 1623 5000">
     <span class='ocr_line' id='line_1_52' title="bbox 0 0 1623 5000; baseline 0 0"><span class='ocrx_word' id='word_1_483' title='bbox 0 0 1623 5000; x_wconf 95' lang='lat' dir='ltr'> </span> 
     </span>
    </p>
   </div>
  </div>
 </body>
</html>
