3202 4998
702 427 804 471 cssvr
827 428 866 470 111
1291 410 1355 474 tes

218 584 327 641 criticos
343 578 485 658 (fortasse
499 589 526 640 et
534 577 702 657 intercidit)
718 585 913 657 psammeticus
924 584 1051 657 profecto
1063 589 1222 643 sumunda
1233 591 1354 645 senten·

216 683 263 741 tis
277 680 405 744 Suetoui
420 681 592 744 seclusione.
619 692 752 743 ceterum
770 682 809 743 de
822 683 941 743 Latinis
959 684 1234 765 praepositionibus
1255 702 1353 765 grum·

218 784 321 845 matici
343 784 394 843 vel
410 785 543 844 maxima
561 784 641 845 inter
657 806 691 847 se
712 783 917 858 dissidebant,
938 806 1006 846 cum
1025 787 1102 846 alias
1123 787 1176 849 alii
1197 790 1355 867 praeposi-

217 888 317 963 tiones
338 906 406 947 esse
427 885 657 949 contenderent
686 888 731 947 sic
744 887 841 947 Varro
857 885 975 949 Scauro
991 896 1070 949 teste
1088 907 1120 967 p.
1137 898 1206 955 2262
1223 890 1260 949 P.
1275 909 1314 951 es
1326 897 1356 951 in

218 991 254 1047 cb
264 992 303 1047 cd
316 987 463 1049 adverbia
477 987 588 1049 localia
599 990 779 1061 nominarit,
795 1010 875 1070 quae
890 990 944 1050 illo
957 989 1078 1053 Charisi
1088 991 1157 1053 loco
1174 993 1255 1053 inter
1267 1013 1354 1073 prae·

218 1091 382 1170 positiones
399 1091 581 1151 referuntur.
613 1090 761 1153 advmbia
776 1102 880 1153 autem
898 1093 1010 1153 localia
1029 1093 1068 1153 ab
1083 1093 1152 1155 aliis
1171 1095 1355 1175 praeverbia

219 1192 371 1272 adpellari
389 1191 505 1253 ibidem
527 1192 660 1254 Scaurus
680 1192 796 1274 prodit,
816 1203 850 1254 ut
865 1203 936 1274 apte
957 1193 1056 1256 sidem
1077 1197 1158 1276 parti
1174 1195 1369 1257 Suetoniaui„

218 1295 289 1355 libri
304 1292 503 1372 adsignentur
517 1314 597 1374 quae
610 1295 764 1357 Charisius
780 1295 819 1356 de
837 1294 944 1356 eodem
959 1295 1039 1356 Iulio
1051 1298 1198 1359 Romano·
1207 1308 1355 1378 excerpta

217 1397 359 1477 praebet:
391 1405 417 1455 et
428 1401 510 1472 prius
527 1401 596 1457 illud
604 1401 801 1472 promerbium
814 1418 852 1458 un
872 1401 1033 1459 aduerbimn
1054 1403 1114 1459 diei
1125 1403 1222 1461 debent
1234 1391 1352 1478 dispectu

218 1517 287 1559 mus.
320 1501 467 1558 Suetonius
484 1504 580 1559 munim
598 1502 775 1576 Truuqmitus
783 1503 982 1577 praeuerbium
997 1506 1148 1576 numidici
1165 1505 1265 1562 debere
1283 1499 1358 1578 quod

218 1611 282 1660 cute
302 1605 349 1660 uel
363 1601 466 1682 (immo
486 1600 629 1679 whom),
659 1602 819 1663 oduerbium
843 1606 917 1678 queri
929 1606 1127 1679 postuerbum
1145 1608 1354 1681 appellationem

217 1708 297 1763 etium
312 1721 463 1778 nomenque
473 1713 597 1777 ponetur
615 1701 733 1782 (fragm.
749 1703 823 1783 206)

301 1805 412 1884 ltaque
428 1805 459 1865 iu
473 1805 551 1866 libro
568 1805 607 1866 ds
621 1807 715 1868 variis
729 1807 820 1868 rebus
834 1808 1047 1886 grammaticas
1064 1810 1260 1888 quaestiones
1274 1805 1354 1867 Stoi·

219 1928 320 1969 comm
332 1907 391 1967 ritu
408 1915 612 1986 pertractasse
621 1908 785 1969 Suetonius
798 1907 935 1985 videtum
959 1907 1015 1968 sed
1030 1926 1097 1969 cum
1107 1910 1184 1969 baec
1195 1909 1261 1970 sola
1271 1910 1353 1988 frag·

216 2019 319 2075 menta
338 2017 472 2070 aetatem
491 2007 629 2083 tulerint,
656 2009 734 2070 nihil
754 2009 793 2071 de
812 2012 903 2071 tutius
926 2010 997 2069 libri
1025 2009 1205 2070 condicione
1228 2020 1354 2071 conten·

218 2110 292 2172 dere
306 2112 402 2171 ausim
411 2111 492 2186 „nisi
509 2109 589 2191 quod
604 2112 673 2190 ipse
682 2112 744 2170 iam
758 2111 862 2172 titulus
873 2110 1007 2171 indicat:
1022 2113 1114 2171 etiam
1129 2112 1198 2171 aliis
1213 2111 1354 2173 derebus

217 2214 303 2283 illum
323 2210 503 2272 disseruisse
527 2210 634 2271 videri.
670 2222 803 2273 ceterum
821 2212 922 2273 eidem
944 2211 1022 2273 libro
1046 2213 1280 2293 orthographica
1299 2213 1376 2273 illa-

217 2314 356 2394 quaestio
372 2312 491 2392 (fragm.
503 2312 570 2392 bol)
586 2312 788 2375 adtribuenda
803 2312 938 2387 videtur,
952 2316 1080 2394 insignis
1094 2336 1132 2376 ea
1143 2324 1277 2376 monstro
1291 2336 1358 2379 cor-v

195 2454 200 2463 «
216 2417 364 2497 ruptelae,
385 2415 467 2496 quod
483 2415 605 2476 domme
618 2416 729 2478 frustra
745 2414 855 2475 studui.

301 2520 430 2580 Restant
442 2517 501 2578 duo
509 2517 681 2599 Tranquilli
693 2518 998 2598 fragmentaquorum
1010 2520 1202 2579 occasionem
1215 2519 1352 2581 indicare

216 2620 349 2683 nondum
372 2621 509 2698 contigit.
539 2638 631 2680 auum
654 2617 735 2699 apud
759 2618 892 2679 Gellium
915 2619 977 2680 XV
1001 2630 1034 2693 4,
1062 2630 1079 2681 4
1105 2630 1204 2683 estat:
1237 2626 1353 2680 mmdem

216 2728 337 2784 Bmmm
353 2723 499 2782 Suetonius
515 2713 694 2797 Tranquillus
705 2726 897 2796 praepositum
911 2739 971 2783 esse
985 2743 1005 2780 c
1017 2724 1057 2780 li.
1066 2726 1190 2782 Antonio
1199 2729 1355 2799 prouinciis

217 2827 396 2886 orientalibus
416 2826 588 2899 Parthosque
610 2828 639 2882 in
660 2825 774 2899 Syrium
797 2827 1024 2900 introrumpentis
1044 2827 1133 2883 tribus
1153 2828 1189 2883 ob
1215 2843 1246 2885 eo
1268 2845 1354 2901 pree.

216 2933 258 2988 liis
271 2929 352 3003 sums
365 2928 461 2985 scribit
471 2943 585 3001 ausuque
591 2929 714 3003 primum
724 2930 844 2985 omniun
854 2929 889 2985 de
903 2929 1018 2986 Parthis
1034 2929 1219 3002 triumphasse
1233 2936 1356 2989 umoris

216 3033 286 3090 obite
295 3032 407 3105 publiea
416 3031 518 3104 summe
530 3031 666 3103 sepultum
675 3044 735 3086 esse
746 3025 836 3105 (ulo).
860 3029 989 3088 alterum
1005 3027 1130 3089 Servius
1144 3029 1241 3089 refert
1249 3050 1353 3109 georg.

216 3132 282 3192 1111
300 3138 347 3195 127
355 3153 362 3190 :
379 3141 405 3190 et
414 3149 471 3206 per
485 3135 630 3189 transitum
642 3134 728 3206 teupi
739 3133 881 3190 buteriam
896 3150 915 3188 α
926 3132 1053 3190 Suetonio
1066 3139 1253 3192 memoratum.
1270 3134 1353 3191 Potit-

211 3240 294 3310 peius
305 3239 376 3293 enim
387 3237 467 3292 uictis
480 3237 583 3307 piratis
598 3234 724 3291 Cilicibus
735 3237 839 3307 pertin
849 3235 947 3293 ibidem
957 3238 1062 3307 purtim
1078 3238 1108 3290 in
1122 3236 1240 3292 Graecia
1246 3239 1355 3309 pertun

215 3343 244 3395 iu
259 3325 388 3397 Octobris
403 3353 487 3410 apros
502 3336 576 3392 dedit
592 3332 678 3411 (209).
708 3333 817 3413 quibus
829 3333 1007 3412 fragmentis
1021 3335 1048 3392 si
1059 3354 1097 3394 ea
1113 3354 1169 3413 per
1185 3343 1354 3411 senpectas

216 3437 345 3498 indicari
360 3434 483 3497 videtur
497 3436 678 3496 Suetonium
688 3443 810 3513 praeter
822 3432 990 3495 (laesarum
1004 3435 1115 3508 libros,
1131 3435 1284 3516 inquibus
1298 3434 1354 3495 illa

215 3561 277 3601 nou
304 3540 462 3617 leguntur,
489 3536 581 3596 aliam
601 3536 755 3596 historiam
777 3536 970 3617 perterruisse
988 3537 1020 3595 in
1045 3556 1107 3616 qua
1127 3556 1175 3597 res
1195 3537 1354 3597 Romanae

215 3642 343 3721 Pompei
354 3640 506 3700 etAutoui
514 3647 616 3700 aetate
629 3646 790 3699 enamatae
802 3639 923 3699 fuerint.
939 3639 999 3697 iam
1010 3657 1084 3698 vero
1095 3639 1125 3698 iu
1138 3638 1354 3699 additamentis

215 3744 396 3825 Hieronymi
407 3741 446 3801 ad
461 3740 578 3800 Eusebi
594 3741 759 3801 chronicon
774 3740 856 3800 haud
871 3760 971 3821 pauca
986 3748 1134 3819 excerpta
1150 3741 1250 3801 bonae
1263 3753 1295 3801 et
1307 3742 1352 3801 iu·

218 3845 295 3921 dolis
312 3855 341 3905 et
355 3844 515 3904 latinitatis
530 3844 771 3933 conspiciuntur,
788 3842 897 3926 quibus
913 3862 964 3903 res
976 3843 1134 3903 Romanae
1148 3842 1222 3903 inde
1233 3864 1252 3903 a
1263 3843 1352 3904 Pom·

215 3948 266 4027 pei
286 3956 381 4006 morte
401 3965 498 4026 usque
521 3944 561 4005 ad
581 3965 714 4026 pugnam
736 3945 897 4006 Actiacam
919 3944 1128 4005 inlustrantur.
1164 3944 1299 4024 conlegit
1315 3967 1354 4006 ea

215 4049 417 4109 Mommsenus
438 4051 469 4109 in
490 4048 743 4108 commentatione
767 4046 805 4109 de
829 4046 963 4107 fontibus
983 4047 1164 4129 Hieronymi
1179 4048 1240 4106 iam
1261 4068 1354 4127 supra

215 4149 352 4209 adbibita
364 4171 394 4230 p.
410 4160 459 4216 691
469 4170 536 4231 sqq.
549 4150 587 4209 cf.
605 4171 634 4229 p.
650 4158 716 4224 681,
742 4169 781 4210 ex
796 4146 856 4231 qino
869 4157 969 4209 autem
984 4159 1108 4209 auctore
1121 4147 1279 4230 desumpta
1292 4151 1354 4210 sint

215 4254 245 4312 in
266 4252 381 4311 incerto
395 4253 530 4333 reliquit.
560 4251 614 4312 sod
630 4272 670 4312 ne
691 4252 759 4331 quis
781 4252 819 4312 de
836 4253 926 4311 Livio
937 4251 1086 4331 cogitaret
1108 4252 1221 4330 optime
1239 4252 1354 4311 monuit

215 4373 275 4413 nec
291 4352 430 4432 prodigia
445 4354 483 4414 ab
498 4340 685 4436 Hieronymo
704 4353 817 4415 tradite
831 4374 898 4413 cum
914 4352 1114 4434 Obsequente
1131 4355 1301 4413 consemire
1322 4364 1353 4413 et

217 4455 382 4516 secuudum
398 4456 557 4534 periochas
567 4457 703 4517 interitus
716 4454 802 4516 Coeli
818 4464 850 4516 et
864 4455 991 4519 Milonis,
1002 4456 1033 4514 in
1049 4454 1126 4514 libro
1141 4455 1179 4514 ab
1190 4456 1265 4515 urbo
1280 4476 1350 4515 con-
