3202 4998
249 413 311 477 394
584 428 806 480 or'aasrrorns
832 428 1058 471 cranemerae

249 602 337 660 oeque
356 585 451 643 uerbis
471 628 480 644 .
503 624 511 638 .
532 626 540 641 .
561 600 651 657 respue
669 585 754 657 scotis
776 626 784 639 .
805 627 811 639 .
830 626 838 643 .
859 584 1031 656 temperaret.
1073 578 1287 639 desiderantur
1317 579 1395 638 tria:

249 685 401 765 particula
415 688 495 760 quod,
512 683 643 743 Neronis
658 703 778 757 nomen,
793 683 977 762 significatio
992 684 1058 743 eius
1074 683 1128 762 qui
1142 680 1293 741 recitabat
1304 680 1336 740 id
1347 689 1395 740 est
1435 663 1456 688 ’

249 788 378 850 Lucani.
393 806 473 867 quae
486 786 653 846 omnianon
664 785 952 864 sineprobabilitate
965 782 1393 844 cumhomoeoteleutonexis·

249 897 295 951 tat
306 897 376 970 post
387 888 486 963 foreas
498 887 571 948 addi
585 895 723 968 possunt.
744 886 799 947 sed
810 888 918 945 mirum
932 884 1032 946 videri
1048 884 1154 959 debet,
1170 884 1253 965 qnod
1263 885 1296 943 in
1307 883 1394 944 libris

249 996 407 1055 recessisset
429 989 494 1068 legi
517 989 693 1061 adfirmavi,
714 1009 781 1048 eum
802 989 968 1048 Beruensis
990 986 1045 1047 ille
1066 996 1135 1061 370,
1156 1006 1246 1066 quern
1263 985 1393 1047 omnium

250 1094 396 1174 optimum
423 1089 578 1151 Weberua
600 1099 632 1151 at
660 1090 789 1151 Rothina
814 1088 1009 1170 praedicent,
1035 1094 1182 1148 recessisse
1207 1085 1392 1168 suppeditet.

251 1192 306 1259 aed
326 1204 360 1259 ut
378 1213 434 1273 per
456 1212 489 1253 ae
510 1191 624 1251 clarum
646 1201 693 1251 est
715 1197 862 1251 recessuro
882 1192 1046 1253 correctori
1061 1189 1182 1263 deberi,
1207 1190 1251 1249 ita
1266 1186 1394 1248 falsissi-

251 1317 333 1358 mum
355 1302 400 1356 est
420 1292 567 1354 iudicium
589 1293 629 1355 de
650 1293 720 1354 libri
740 1294 935 1369 auctoritate;
971 1290 1053 1373 qnod
1073 1288 1229 1352 luculento
1251 1288 1393 1370 exemplo

254 1398 462 1463 demonstrare
480 1395 565 1455 licet.
593 1416 664 1455 nam
685 1395 737 1454 ubi
760 1404 901 1455 narratur
919 1413 999 1477 quae
1020 1394 1136 1454 offense
1150 1395 1294 1453 Lucanus
1308 1393 1394 1452 rani·

252 1508 316 1561 tate
331 1507 438 1561 conus
458 1497 623 1558 Caesarem
643 1498 767 1557 molitus
784 1498 826 1557 sit
843 1518 873 1576 p.
893 1509 944 1570 51,
966 1506 1076 1576 loqu„
1104 1495 1182 1556 haec
1203 1504 1249 1556 est
1268 1494 1396 1574 vulgata

252 1601 417 1682 scriptura:
458 1604 527 1660 acteo
551 1608 583 1659 ut
607 1604 744 1676 quondam
767 1604 796 1657 ta
820 1603 928 1657 latrinis
954 1602 1072 1673 publicis
1095 1602 1216 1658 ebriose
1240 1616 1302 1657 com
1327 1608 1396 1656 stre-

248 1708 311 1780 pitu
341 1707 445 1763 uentre
475 1705 568 1761 embol
599 1703 796 1760 hemistichium
822 1704 942 1759 Neronis
973 1720 1075 1777 mapnc
1105 1719 1297 1759 consessorum
1322 1701 1395 1775 serpo

247 1808 454 1881 promserit:
475 1782 639 1863 ‘subterra
659 1807 778 1861 tonuisse
797 1803 904 1877 putes'.
934 1802 1092 1882 inquibus
1111 1808 1226 1878 strepitu
1244 1807 1351 1862 uestris
1364 1810 1397 1860 et

253 1906 292 1967 ab
313 1926 371 1965 usn
393 1905 526 1965 alienum
548 1912 597 1965 eet
617 1923 719 1984 noque
740 1903 852 1982 legitur
874 1903 905 1962 in
927 1904 971 1964 eis
987 1903 1073 1964 libris
1095 1924 1171 1985 quoe
1188 1920 1246 1984 ego
1267 1905 1395 1985 optimos

253 2017 307 2070 aut
321 2016 406 2068 uerte
420 2006 592 2067 bonitates
610 2005 760 2065 Beruensi
779 2025 840 2065 nou
860 2006 998 2087 superari
1013 2015 1101 2084 puto,
1124 2006 1394 2086 Montepessulsno

254 2119 285 2171 et
314 2109 454 2173 Parisino
485 2114 556 2171 7502
581 2110 651 2181 (P):
692 2108 723 2167 in
750 2107 809 2166 hoo
835 2112 943 2181 crepito
972 2109 1004 2168 in
1030 2107 1086 2167 illo
1117 2113 1218 2182 crepitu
1249 2108 1398 2187 scriptum

254 2219 316 2287 eet3
357 2215 519 2285 excrepate
546 2218 649 2268 autem
673 2228 765 2288 quam
790 2207 885 2269 facile
907 2215 1023 2286 strepitu
1049 2210 1191 2270 effectum
1202 2210 1253 2269 sit
1275 2210 1306 2269 in
1326 2228 1395 2290 pro·

252 2313 357 2393 patulo
379 2320 437 2372 eet.
472 2315 564 2371 emmo
584 2309 720 2391 quidem,
749 2309 831 2390 qaod
856 2311 951 2370 nolim
970 2311 1116 2371 Rotbium
1135 2308 1314 2371 defendisse
1334 2331 1396 2373 non

254 2423 326 2495 apta
347 2412 491 2491 analogia
514 2411 651 2475 adhibite
669 2442 712 2457 -
732 2411 842 2473 dicitur
864 2413 946 2472 enim
974 2416 1053 2471 olous
1074 2415 1145 2470 delet
1161 2420 1193 2472 et
1219 2410 1395 2483 descendero,

254 2518 326 2597 eqni
341 2527 462 2579 oerctrera
475 2517 575 2589 socero
592 2548 633 2560 -
647 2516 679 2575 iu
695 2514 832 2574 omnibns
853 2513 940 2574 libris
955 2524 1054 2587 extat,
1076 2512 1132 2574 sed
1147 2513 1326 2593 simpliciter
1343 2512 1394 2574 de·

252 2616 379 2683 lendum
390 2614 528 2689 ridetur,
540 2614 621 2695 quod
636 2635 676 2677 es
695 2615 902 2696 dittograpbia
911 2617 1001 2675 trium
1016 2615 1204 2696 syllabarum
1217 2616 1304 2675 vocis
1317 2634 1396 2695 quae

253 2720 392 2801 sequitur
414 2719 592 2777 emistichium
611 2727 709 2777 ortum
728 2719 776 2778 ait.
810 2738 916 2778 verum
934 2738 1115 2798 quamquam
1133 2718 1299 2778 Bernaneis
1318 2718 1396 2799 opti⁴

253 2841 319 2885 mua
339 2818 419 2883 liber
439 2818 592 2897 adpellari
613 2820 735 2900 nequit,
757 2822 810 2900 qui
832 2819 950 2880 duobus
965 2820 1040 2881 loeis
1055 2819 1314 2900 interpolatricem
1331 2841 1397 2881 eor-

252 2921 380 2985 reotoris
400 2940 524 2983 manum
546 2940 655 2999 passus
678 2922 734 2994 sit,
760 2930 862 2983 tamen
883 2920 1058 3001 negandum
1075 2942 1135 2982 non
1151 2931 1215 2996 est,
1242 2942 1310 2984 eum
1332 2924 1397 2983 iure

254 3021 395 3093 adhiberi
420 3041 481 3101 quo
505 3022 680 3083 testimonia
700 3023 965 3105 Montepessnlani
986 3032 1017 3083 et
1039 3022 1174 3083 Parisini
1198 3022 1396 3104 corrigantur,

254 3126 301 3187 sio
314 3123 367 3184 ille
381 3123 461 3185 solus
476 3130 610 3184 exorauit
629 3146 660 3204 p.
676 3133 725 3199 ab,
746 3136 760 3188 1
778 3124 928 3199 ostendit3
956 3124 1068 3186 deinde
1084 3127 1285 3187 incontentia
1305 3146 1398 3207 quarn

255 3244 346 3307 supra
361 3226 527 3307 perscripsi
542 3244 733 3305 consessorum
748 3227 899 3287 Bernensi
915 3227 1057 3301 debetur,
1076 3248 1142 3289 crum
1159 3230 1190 3288 in
1207 3229 1241 3286 M
1250 3238 1280 3289 et
1294 3232 1322 3287 P
1332 3248 1397 3287 cum

253 3346 392 3387 sessorum
410 3325 568 3407 adpareat
607 3329 717 3389 relicui
742 3349 817 3389 vero
845 3328 967 3389 codices
1001 3350 1128 3411 querum
1160 3330 1396 3410 discrepantiam

254 3429 406 3491 Weberua
431 3429 450 3489 l.
470 3450 496 3489 c.
519 3427 697 3505 adnotavit,
719 3431 835 3492 nullam
854 3433 1018 3492 utilitatem
1037 3431 1167 3507 habant,
1195 3432 1305 3513 quibus
1330 3442 1396 3493 tan·

254 3540 317 3595 tum
337 3530 419 3595 absit
436 3540 469 3595 ut
488 3532 638 3610 scriptura
657 3532 746 3593 trium
766 3533 885 3595 illorum
899 3533 1044 3594 librorum
1060 3532 1255 3610 emendetur,
1277 3544 1311 3595 ut
1325 3555 1396 3594 can-

255 3630 324 3697 dem
341 3632 586 3712 depravatiorem
608 3633 790 3712 exhibeant3
823 3644 886 3695 tum
908 3634 1174 3716 interpolationem
1194 3642 1310 3713 strepltu
1329 3652 1398 3696 cnm

255 3734 405 3802 Beruenai
422 3745 601 3814 agnoscunt.

339 3838 472 3901 Restant
495 3838 578 3899 ritae
609 3844 768 3919 poetarum
795 3838 978 3913 nonnullae,
1008 3859 1088 3919 quae
1107 3848 1146 3899 et
1166 3841 1252 3919 ipsae
1273 3836 1398 3899 scholiis

256 3956 360 3999 eorum
381 3938 433 3998 vel
456 3940 640 4001 carminibus
667 3941 855 4019 praemissae
877 3950 960 4001 sunt.
999 3942 1032 3999 in
1056 3940 1104 3999 his
1130 3941 1196 4000 vita
1218 3941 1307 4002 Persi
1330 3943 1398 4021 ipsa

255 4038 453 4117 inscriptione
477 4039 517 4101 dc
542 4043 757 4101 commentario
775 4040 883 4102 Valeri
905 4042 999 4102 Probi
1019 4041 1140 4103 sublata
1157 4041 1283 4102 diciturr
1318 4041 1398 4122 quod

255 4139 458 4206 testimouium
473 4142 695 4221 neglegebutnr
708 4143 773 4205 fere
789 4155 820 4203 et
835 4142 914 4203 adeo
928 4143 1137 4222 premebatur,
1160 4163 1229 4203 cum
1242 4143 1283 4202 ad
1303 4164 1398 4203 unum

254 4260 356 4321 paene
385 4264 488 4305 omnes
513 4242 734 4309 Suetooiauarn
762 4263 829 4305 sam
852 4265 919 4306 esse
943 4243 1172 4323 praedicarent,
1202 4245 1301 4305 donec
1324 4244 1399 4309 Otto

257 4344 384 4405 Iahnius
402 4365 487 4411 auam
510 4346 540 4405 ei
559 4347 772 4407 auctoritatem
793 4344 934 4409 restituit
967 4348 999 4406 in
1020 4347 1244 4427 prolegomenis
1263 4348 1343 4407 enim
1357 4344 1399 4406 sd

153 4472 164 4493 ·
256 4444 396 4509 Persium
406 4466 432 4526 p.
451 4445 580 4529 Oquq.
595 4449 638 4509 M.
654 4449 811 4509 Valerium
823 4446 956 4508 Probum
969 4448 1126 4531 Berytium
1140 4449 1190 4509 irio
1201 4448 1329 4509 indicari
1347 4448 1398 4510 do·
