3202 4998
910 252 928 279 N

160 440 164 449 ·
235 404 295 463 rou
566 417 789 464 ovans'rrosns
820 416 1046 456 svarouraran

234 594 298 631 mus
315 572 420 643 tradit,
439 570 546 629 eodem
565 570 595 626 ni
610 568 698 625 fallor
714 567 923 626 illeAsrieano
938 587 1008 624 usus
1024 586 1114 645 quem
1125 567 1255 625 loannes
1269 566 1376 627 Antio-

235 677 349 733 chenus
363 673 563 751 transcripsit.
593 671 701 750 quodsi
721 671 925 728 narrationem
944 670 1027 728 illam
1048 669 1085 727 de
1100 671 1251 748 Tarquini
1268 671 1374 727 inven-

233 779 272 835 tis
285 776 502 834 Suetonianam
518 793 584 831 esse
599 773 809 851 probavimus,
827 773 929 830 iacere
947 793 1006 829 non
1022 792 1180 851 possumus
1198 774 1270 850 quin
1282 782 1375 830 totam

235 878 272 935 de
285 878 407 953 regibus
418 888 534 955 partem
553 876 685 932 chronici
700 875 782 931 illius
799 894 835 931 ex
851 874 997 931 Suetonio
1011 874 1219 951 depromptam
1231 893 1298 932 esse
1314 883 1374 932 sta-

234 990 362 1038 tuamus.
379 979 464 1057 qued
475 979 578 1037 nescio
591 996 630 1033 an
642 975 744 1033 verbis
760 975 921 1033 adiuvetur
934 995 1012 1054 quae
1029 977 1059 1032 in
1076 976 1270 1051 inscriptione
1286 974 1375 1033 huius

233 1085 329 1161 partis
341 1083 500 1157 leguntur:
525 1085 586 1137 item
602 1085 676 1151 oripo
691 1082 776 1151 peritis
792 1081 981 1135 Rornanorum
997 1095 1034 1134 ar
1050 1098 1102 1150 quo
1115 1082 1235 1150 piamon
1252 1082 1281 1133 in
1293 1078 1375 1133 Italia

234 1202 354 1257 regnare
374 1191 530 1256 coeperunt.
565 1203 635 1240 narn
661 1180 839 1236 Suetonium
866 1199 955 1255 reges
980 1179 1145 1237 secundum
1168 1187 1315 1237 terrarum
1336 1179 1375 1235 si·

235 1294 297 1342 tum
320 1296 509 1362 persecutum
528 1305 595 1342 esse
612 1302 703 1360 supra
721 1280 916 1340 ostendimur.

321 1385 383 1443 Sed
400 1388 524 1444 miretur
540 1390 668 1443 fortasse
682 1384 832 1461 quispiam
845 1402 892 1440 me
907 1383 985 1440 haec
1001 1403 1056 1459 pro
1075 1403 1141 1440 meo
1159 1382 1283 1440 invento
1301 1402 1373 1440 veu-

237 1488 345 1562 ditare,
363 1509 429 1545 curn
445 1489 503 1545 iam
518 1488 723 1545 Mommsenus
741 1483 760 1541 l.
771 1504 834 1563 cp.
851 1494 902 1545 600
917 1485 1094 1544 Suetonium
1113 1494 1268 1541 auctorem
1286 1484 1375 1543 huius

236 1592 333 1667 partis
348 1588 563 1666 adpellaverit.
595 1608 669 1645 sane
687 1586 817 1643 coniecit
832 1585 928 1659 ide-m,
948 1586 1002 1644 sed
1018 1577 1271 1663 ut'suspieionem
1291 1607 1375 1644 suam

239 1693 382 1764 firmaret,
400 1712 459 1748 non
480 1691 546 1746 loco
563 1690 615 1747 illo
632 1688 816 1745 Antiocheni
834 1708 906 1745 usus
924 1697 979 1759 est,
993 1686 1047 1747 sed
1065 1688 1196 1767 simplex
1212 1690 1375 1747 memoriae

234 1794 338 1871 lapsus
355 1794 385 1850 in
402 1790 721 1863 consalutatione
738 1791 944 1847 coniecturam
961 1792 1091 1867 saeeret3
1113 1789 1244 1848 credidit
1260 1792 1339 1849 enim
1355 1811 1374 1848 a

237 1894 334 1953 Suida
352 1893 498 1952 Suetonio
521 1902 646 1951 auctore
668 1892 776 1951 referri
797 1892 926 1949 Numam
949 1894 1096 1951 scortinos
1122 1912 1205 1950 asses
1229 1893 1376 1951 Romanis
1434 1894 1437 1900 ‘

238 1998 424 2073 congiarium
444 1993 575 2053 dedisse.
597 2013 707 2072 nempe
727 2014 794 2051 cnm
809 1995 888 2053 bane
903 1997 1077 2053 memoriam
1093 2002 1275 2071 agnosceret
1290 1995 1375 2052 chro-

237 2099 327 2156 nicon
343 2096 437 2155 illud:
460 2102 630 2171 congiarium
647 2100 718 2153 stertit
732 2101 870 2154 scortinos
886 2114 977 2163 osser,
1012 2097 1141 2156 evicisse
1158 2096 1215 2154 sibi
1231 2097 1314 2155 visus
1330 2105 1377 2155 est

237 2201 328 2258 etiam
348 2209 451 2256 cetera
467 2198 505 2256 de
520 2199 644 2275 regibus
659 2199 688 2254 in
710 2198 852 2256 chronico
870 2198 969 2256 eidem
985 2200 1101 2257 auctori
1117 2197 1148 2256 id
1165 2206 1211 2256 est
1228 2195 1375 2257 Suetonio

236 2300 427 2359 restituenda
445 2321 523 2359 esse.
557 2299 612 2358 sed
627 2320 688 2358 non
703 2301 822 2358 rettulit
845 2301 899 2359 illa
914 2301 1026 2359 Suidas
1042 2302 1130 2359 immo
1153 2299 1227 2358 dicit
1243 2300 1373 2359 Numam

236 2404 362 2480 primurn
380 2404 497 2461 ferreos
520 2412 551 2481 et
568 2422 674 2461 aereos
696 2422 780 2461 asses
798 2403 983 2479 congiarium
1011 2402 1149 2475 dedisse,
1178 2404 1376 2461 scortiuoram

237 2525 311 2563 vere
331 2506 443 2562 assium
464 2505 601 2563 meminit
614 2524 676 2562 non
696 2503 808 2562 Suidas
829 2504 884 2563 sed
901 2504 1054 2563 Eusebius
1080 2504 1130 2564 Ol.
1148 2513 1194 2575 16,
1211 2513 1228 2565 4
1250 2506 1377 2583 eiusque

236 2608 386 2684 interpres
397 2606 612 2686 Hieronymus.
638 2606 746 2664 eadem
762 2605 874 2665 deinde
890 2628 927 2665 ex
942 2605 1047 2665 eodem
1063 2608 1146 2665 fonte
1162 2606 1281 2664 scilicet
1296 2606 1376 2664 Atri-

237 2727 314 2766 cano
328 2708 492 2788 Syneellus
506 2730 536 2787 p.
549 2719 601 2771 398
613 2710 652 2767 el.
666 2708 768 2766 chron.
780 2708 884 2785 pasch.
897 2728 926 2787 p.
939 2718 991 2769 218
1000 2709 1136 2785 praebet,
1151 2728 1275 2788 quorum
1287 2728 1376 2766 nemo

237 2809 417 2869 Suetonium
436 2818 589 2868 auctorem
608 2810 692 2868 dicit.
719 2810 823 2888 itaque
843 2818 958 2870 tantum
975 2811 1062 2869 abest
1077 2821 1110 2870 ut
1122 2811 1318 2869 scertinorum
1331 2829 1376 2868 as·

237 2914 314 2970 sium
333 2913 363 2969 in
382 2911 526 2969 chronico
546 2912 628 2969 urbis
647 2912 799 2970 mentione
820 2912 982 2971 Suetonius
1006 2922 1109 2972 auctor
1125 2911 1267 2990 prodatur
1291 2920 1325 2970 ut
1341 2932 1379 2971 ea

237 3024 358 3072 nostrae
372 3033 493 3092 quoque
505 3015 758 3090 argumentationi
771 3015 894 3073 officere
908 3015 1059 3073 videatur.
1083 3013 1137 3073 sed
1150 3013 1318 3073 cavendum
1331 3024 1378 3073 est

236 3137 276 3175 ne
293 3115 420 3174 calidius
440 3135 506 3174 eam
522 3135 601 3194 quae
618 3118 785 3175 certissimo
805 3116 1003 3176 fundamento
1014 3118 1119 3175 nititur
1136 3135 1275 3174 eversam
1290 3126 1376 3194 pute-

237 3240 311 3278 mus.
333 3218 407 3297 quid
424 3218 527 3276 enim?
550 3238 651 3275 nonne
669 3216 833 3278 Suetonius
849 3239 973 3278 narrare
989 3229 1109 3297 poterat
1124 3219 1255 3277 Numam
1273 3223 1375 3280 scorti·

237 3341 291 3379 nos
305 3341 390 3379 asses
405 3320 551 3378 Romanis
570 3321 757 3397 congiarium
773 3320 911 3395 dedisse,
927 3322 984 3380 etsi
1000 3321 1081 3379 idem
1098 3323 1259 3380 memoriae
1276 3323 1376 3400 prodi-

156 3466 162 3475 .
238 3423 327 3480 derat
348 3404 555 3481 nommumhd
579 3433 624 3482 est
648 3442 755 3481 aereos
775 3444 861 3482 asses
876 3424 914 3482 ab
939 3444 974 3481 eo
995 3425 1136 3482 inventos
1162 3425 1252 3483 esse?
1286 3434 1377 3505 atque

238 3525 401 3583 chronicon
428 3524 503 3583 illud
527 3524 679 3602 duplicem
701 3525 780 3584 hanc
801 3527 977 3584 memoriam
1001 3527 1091 3585 etiam
1113 3546 1192 3583 nunc
1209 3546 1378 3603 agnoscere

236 3626 373 3685 ridetur:
400 3632 572 3701 conplurium
587 3630 661 3684 dedit
673 3639 698 3684 et
714 3631 840 3685 militibus
855 3631 1013 3687 donatiuum
1028 3647 1095 3685 aere
1109 3632 1232 3685 inriorem.
1262 3636 1293 3686 et
1304 3649 1377 3687 vero

238 3729 444 3787 demonstrare
468 3730 542 3787 lieet
571 3731 601 3787 in
622 3730 794 3807 antiquiore
816 3729 952 3788 chronici
976 3730 1119 3809 exemplo
1146 3730 1314 3807 pleniorem
1339 3731 1377 3791 de

237 3832 365 3889 nummis
381 3831 500 3890 Numae
515 3831 720 3919 narrationem
738 3832 888 3891 extitisse.
923 3832 1061 3891 Isidorus
1084 3833 1180 3904 enim,
1206 3834 1258 3912 qui
1282 3834 1376 3910 origg.

237 3933 267 3990 V
288 3941 338 4005 27,
362 3942 397 3996 23
416 3933 566 4013 Tarquini
588 3935 713 3991 inventa
735 3933 874 3991 reserens
897 3943 1002 4012 aperte
1030 3935 1097 4011 ipsa
1125 3935 1260 3991 chronici
1283 3936 1379 3993 nostri

238 4035 333 4095 verba
354 4036 517 4109 exscribit,
536 4035 616 4096 idem
640 4036 735 4112 origg.
764 4033 842 4095 XVI
866 4045 912 4107 18,
940 4046 972 4096 10
990 4034 1028 4093 de
1048 4035 1148 4094 Numa
1166 4035 1243 4095 haec
1263 4035 1377 4094 habet:

237 4142 343 4196 arimini
363 4148 452 4195 autem
475 4142 608 4196 a‘Numu
625 4142 814 4197 Romanorum
832 4155 897 4213 repe
918 4141 1011 4195 iterati
1030 4147 1107 4208 sunt,
1129 4142 1177 4212 qui
1200 4156 1244 4195 eos
1255 4144 1378 4212 primam

239 4242 318 4313 opud
332 4240 445 4298 latinos
460 4243 622 4314 inoptaibus
639 4245 745 4299 notauit
759 4250 785 4297 et
800 4243 875 4297 titolo
892 4244 1009 4298 nominis
1023 4243 1070 4296 soi
1078 4243 1276 4313 praescripsit.
1297 4237 1380 4298 unde

239 4342 305 4399 iure
323 4339 471 4399 concludo
488 4339 636 4399 Isidorum
654 4361 754 4422 aeque
769 4350 862 4419 atque
877 4342 1099 4419 Hieronymum
1126 4339 1181 4419 (ef.
1198 4340 1377 4398 Mommsen.

178 4424 195 4443 ⁸
239 4441 261 4500 l.
278 4462 304 4500 e.
328 4463 358 4521 p.
376 4451 424 4505 681
445 4462 490 4520 sq.
512 4440 576 4518 693)
601 4443 739 4520 pleniore
761 4442 897 4501 chronici
919 4443 1000 4501 illius
1024 4444 1168 4521 exemplo
1190 4459 1274 4501 usum
1300 4459 1377 4499 esse.
