3186 4996
241 400 281 466 28
431 390 435 397 ⁴
615 424 658 464 oa
681 423 767 464 Vnus
790 422 1005 475 moveramus

280 569 359 635 Suis
382 566 532 656 postlatie
555 569 653 635 rebus
676 569 720 634 ad
741 591 898 634 summam
920 571 1063 656 inopiam
1086 569 1237 635 redactus
1261 577 1320 633 est.

284 669 1383 762 ItaquccxconspcctuomniumabitinGraeciamtorramultumam.

283 773 429 837 lllortuoe
453 770 668 857 Stymphaliet
689 772 853 836 Arcadiae
875 773 1003 861 oppido.
1049 773 1096 837 nil
1118 771 1237 839 Publio

283 874 392 960 Scipio
414 872 554 959 profuit,
578 872 626 939 nil
645 871 695 937 illi
713 872 863 957 Laelius,
880 875 926 938 nil
948 875 1085 951 Furius,

282 975 365 1040 Tres
384 998 446 1061 per
468 973 501 1036 id
523 968 652 1062 tempus
675 976 731 1060 qui
753 975 926 1059 agitabant
947 976 1074 1041 nobiles
1098 975 1273 1041 facillume.
1391 980 1403 1019 ⁵

283 1078 403 1142 Eorum
429 1074 485 1139 ille
507 1096 606 1161 opera
626 1096 667 1137 ne
691 1075 820 1139 domum
848 1077 978 1162 quidem
1000 1077 1115 1141 habuit
1136 1077 1383 1169 conducticiam,

284 1178 404 1242 Saltem
428 1188 464 1239 ut
485 1184 588 1256 esset,
609 1197 673 1263 quo
695 1177 833 1242 referret
856 1178 980 1243 obitum
1005 1179 1128 1242 domini
1150 1176 1310 1243 seruolus.

240 1280 379 1366 Scripsit
406 1262 590 1341 comoedias
621 1299 690 1341 sex.
736 1301 778 1343 ex
804 1278 923 1364 quibua
955 1281 1093 1366 primam
1118 1280 1278 1353 Andriam
1309 1301 1382 1341 cunr

240 1379 401 1444 aedilibus
431 1379 540 1460 daret,
570 1379 679 1442 iussus
708 1367 784 1443 ante
814 1380 959 1445 Caecilio
988 1384 1126 1445 recitare
1148 1381 1189 1444 ad
1212 1388 1381 1445 cenantem

240 1504 313 1545 cum
345 1481 507 1562 uenisset,
545 1480 665 1545 dicitur
696 1480 823 1544 initium
852 1481 983 1568 quidem
1017 1481 1165 1559 fabulae,
1197 1481 1283 1569 quod
1313 1490 1418 1551 erata

240 1672 309 1720 rium
326 1667 454 1719 Philum!
475 1669 545 1717 Item
558 1669 587 1718 in
605 1685 629 1718 v.
652 1668 696 1717 17:
716 1668 756 1719 ‘ru
775 1685 879 1719 nanno:
900 1670 1046 1736 Scipionis,
1066 1650 1188 1720 ικότιοι
1207 1670 1285 1733 Eurii
1297 1669 1380 1719 Phili.

239 1754 269 1788 ru
289 1752 427 1787 racorro:
446 1737 539 1785 Laelii
558 1735 719 1801 Sapientia!
743 1758 747 1771 =

326 1903 338 1952 l
357 1888 426 1948 Suis
438 1890 580 1969 postlatis
597 1892 781 1948 Ritrcdeliua
797 1900 866 1968 pont
882 1889 1010 1949 sublatio
1025 1896 1059 1950 A.
1076 1891 1303 1969 ipsusaublatis
1319 1894 1381 1961 EG,

240 1978 281 2035 St.
307 1975 381 2054 ipsis
399 1973 527 2033 sublatis
547 1979 644 2033 ceteri.
665 1973 733 2032 Suis
757 1976 904 2053 spoliatus
921 1979 1173 2050 Bezzenbcrpcruc
1190 1983 1261 2051 torte
1279 1977 1381 2033 Flccl‘·

237 2065 343 2119 eiscao.
369 2060 453 2136 ipsus
468 2103 474 2115 .
491 2103 497 2115 .
514 2105 521 2120 .
544 2056 613 2116 Suis
630 2058 739 2117 ablatio
762 2061 836 2131 (cnm
859 2064 976 2134 lacuna)
1006 2063 1124 2134 ll'olfius
1136 2055 1235 2141 iim
1254 2064 1288 2118 A.
1304 2078 1320 2117 e
1336 2078 1381 2117 cc·

239 2148 294 2203 teri
307 2139 321 2225 11
337 2143 400 2202 abit
414 2144 444 2201 in
461 2143 623 2203 Graeciam
638 2151 750 2201 terram
770 2146 909 2219 Scaliger.
931 2144 992 2203 abit
1009 2147 1142 2221 greciam
1164 2147 1194 2203 in
1215 2154 1326 2212 terram
1341 2149 1381 2200 A:

239 2232 327 2301 (unda
343 2230 433 2302 facite
453 2228 528 2286 abiit
552 2227 716 2287 Graeciam
736 2230 767 2286 in
786 2238 895 2287 terram
911 2231 1048 2305 efficior).
1080 2229 1155 2288 abiit
1175 2231 1205 2287 in
1228 2230 1381 2305 graeciam

208 2330 212 2337 ·
238 2325 350 2373 terram
372 2316 422 2370 FG
442 2320 485 2386 et,
508 2316 655 2389 dicitquod
668 2332 770 2389 grec,
795 2317 830 2374 E.
844 2313 918 2372 abiit
934 2315 964 2372 in
983 2315 1116 2392 greciam
1136 2313 1168 2372 in
1189 2322 1300 2372 terram
1320 2313 1380 2369 DZ.

239 2398 303 2457 abit
323 2399 354 2457 iu
375 2397 509 2474 greciam
530 2400 593 2455 Ba.-
617 2397 691 2455 abiit
712 2398 743 2455 in
762 2399 896 2475 greciam
915 2402 990 2459 BbC.
1008 2398 1083 2458 abiit
1102 2398 1252 2457 Graeciae
1268 2398 1299 2456 in
1320 2406 1379 2455 ter·
1453 2446 1458 2463 ,

238 2482 302 2543 rani
323 2486 461 2541 Bothius:
475 2502 531 2556 pro
554 2502 611 2557 quo
625 2492 763 2556 potuerat
780 2488 864 2541 etiam
884 2483 947 2542 abit
965 2485 995 2541 in
1014 2482 1165 2543 Graeciae
1180 2492 1292 2542 terrum
1307 2476 1321 2563 11
1336 2481 1379 2539 ul-

237 2569 340 2626 timam
353 2571 428 2625 libri.
441 2569 569 2641 sortasse
584 2568 728 2626 intunram
744 2568 802 2640 fuit
824 2562 837 2649 11
857 2569 1020 2629 emortuos
1033 2567 1235 2647 Stymphalist
1251 2569 1380 2624 Ritsclro·

237 2656 309 2710 tiras:
320 2654 361 2726 cs.
377 2655 416 2709 ud
425 2658 510 2725 p.32,
522 2659 566 2711 15.
579 2661 713 2711 mortuus
728 2652 876 2711 eetinfalo
884 2658 917 2711 A.
925 2660 1058 2710 mortuus
1067 2653 1150 2710 estin
1161 2651 1253 2730 phalo
1266 2652 1378 2709 BGDF.

237 2746 372 2795 mortuus
394 2744 442 2793 est
465 2736 495 2792 in
517 2735 610 2813 pholo
630 2738 663 2795 G.
693 2748 830 2801 mortuus,
850 2745 897 2796 est
914 2737 944 2795 in
965 2736 1127 2815 stimplralo
1147 2739 1207 2800 EZ.
1229 2737 1380 2794 Mortuost

239 2819 419 2899 Stymphalo
440 2821 577 2889 Gothiae,
601 2821 631 2878 in
653 2823 784 2878 inserens
801 2832 868 2893 poa!
888 2821 1043 2881 Arcadiae
1064 2816 1078 2902 11
1099 2821 1240 2880 arcadiae
1262 2824 1297 2882 F.
1321 2820 1377 2881 Aa·

239 2904 326 2964 cadic
351 2907 382 2962 Z.
407 2903 550 2963 archaido
572 2907 608 2963 B.
634 2904 796 2963 arclradiac
824 2909 914 2963 cereri
927 2901 940 2989 11
963 2906 1055 2964 nichil
1075 2912 1107 2965 A.
1124 2906 1198 2965 nihil
1217 2908 1320 2963 ceteri:
1341 2890 1380 2961 ”at

236 2995 278 3048 cic
290 3007 383 3064 propo
400 2998 566 3047 constanter
580 2985 593 3068 11
609 2988 717 3048 Publio
734 2992 922 3048 Ritsclrclr'us:
946 2995 1022 3064 quod
1039 2999 1106 3064 post
1125 2999 1271 3064 repartum
1290 2997 1332 3045 eat
1350 2990 1379 3045 in

238 3078 272 3133 E.
289 3073 416 3134 Publius
438 3077 478 3146 F,
495 3078 558 3133 Ald.
581 3075 615 3133 P.
631 3076 656 3131 A
670 3074 710 3145 (et
723 3094 773 3147 pr.
791 3079 903 3148 quidem
919 3084 1034 3149 manu),
1052 3078 1133 3133 GDZ.
1149 3095 1178 3152 p.
1201 3077 1237 3132 B.
1255 3074 1292 3132 ei.
1305 3093 1334 3150 p.
1356 3075 1379 3129 G

236 3155 245 3239 11
263 3166 280 3219 4
297 3159 348 3217 Sci
372 3159 400 3216 io
417 3204 424 3217 .
441 3204 446 3216 .
465 3200 495 3217 ..
517 3201 545 3217 ..
563 3158 701 3217 seruulus
719 3161 801 3235 infru
823 3163 929 3219 iterant
950 3164 1017 3218 libri
1026 3181 1059 3233 p.
1077 3166 1122 3229 33,
1138 3169 1155 3215 o·
1171 3155 1190 3239 11
1199 3157 1327 3236 scipioni
1343 3159 1378 3215 E.

238 3245 293 3302 sci.
310 3248 332 3302 G
377 3230 489 3320 profuit
504 3246 640 3315 BCDEZ,
655 3262 721 3317 sup.
739 3262 798 3303 scr.
815 3248 865 3321 Gk,
881 3265 953 3318 mrp.
971 3248 1004 3304 F.
1022 3265 1076 3301 om.
1094 3248 1172 3302 GaF.
1187 3243 1214 3301 ei
1229 3241 1379 3320 profuitA

236 3328 244 3407 1
260 3328 303 3387 nn
318 3333 352 3387 A.
369 3329 397 3385 er
409 3314 498 3387 citeri·
511 3325 524 3411 1
539 3329 744 3387 latuerunt.
756 3330 854 3387 ruerus
870 3333 901 3385 a.
913 3329 949 3388 n.
964 3333 987 3388 o
1002 3324 1015 3410 1
1031 3329 1072 3387 nn
1084 3333 1125 3386 so
1138 3332 1165 3385 n
1179 3322 1191 3407 1
1206 3323 1328 3405 ruerus]
1341 3326 1378 3384 r.

238 3418 261 3472 G
277 3408 290 3493 11
304 3414 414 3473 Furius
427 3412 501 3494 tres]
515 3414 694 3472 aiministros
707 3418 740 3483 A,
752 3418 804 3472 scd
814 3414 910 3471 furius
923 3423 984 3473 trae
993 3434 1064 3488 mrg.
1077 3434 1113 3471 m.
1127 3431 1186 3471 rec.
1201 3406 1215 3492 11
1231 3410 1290 3473 eid
1304 3413 1378 3467 Wol-

235 3503 302 3573 βας.
313 3498 394 3557 idem
407 3501 481 3568 libri,
494 3503 558 3557 itam
573 3499 655 3571 infra
670 3491 683 3578 11
699 3499 751 3577 qni
760 3518 814 3556 om.
825 3501 859 3553 B.
873 3498 945 3577 quin
954 3501 980 3555 Ι)
996 3493 1009 3579 11
1025 3497 1157 3575 agebant
1170 3500 1192 3554 C
1205 3493 1219 3577 11
1234 3494 1378 3553 facillime

236 3587 303 3642 libri
316 3579 329 3665 11
344 3592 361 3644 6
376 3582 428 3641 ille
446 3600 511 3657 sup.
530 3602 586 3641 scr.
604 3585 655 3640 Gb.
674 3603 728 3640 ont.
748 3586 791 3641 Ga
806 3577 819 3663 11
835 3601 929 3659 opera
945 3586 1030 3642 ΑΕΖ.
1048 3602 1172 3661 operam
1193 3583 1282 3639 ceteri
1295 3574 1309 3659 11
1325 3579 1378 3636 ha·

184 3694 199 3721 ι
236 3664 319 3747 brut}
332 3668 358 3724 si
369 3665 453 3726 abuit
467 3674 498 3725 A.
515 3668 569 3726 ille
588 3666 693 3725 habuit
706 3669 729 3725 G
743 3661 757 3747 11
775 3663 1013 3727 οοηόυοεὶοἰῖιΑ.
1035 3666 1250 3725 conductitiam
1266 3667 1356 3721 ceteri
1369 3656 1377 3739 11

236 3761 250 3815 7
270 3745 384 3811 refercit
405 3755 427 3809 G
442 3746 457 3834 11
471 3752 592 3811 seruulo
608 3755 641 3809 A.
656 3753 794 3810 aemulus
809 3756 898 3815 careri
912 3748 957 3832 118
974 3750 1128 3810 comedias
1139 3752 1240 3808 BGDZ
1253 3744 1266 3828 11
1281 3758 1298 3810 9
1315 3745 1377 3805 edi·

234 3836 313 3896 libus
338 3838 439 3895 BCDZ
458 3832 471 3918 11
492 3828 629 3896 Caecilio
650 3854 689 3904 erc
704 3839 881 3911 Hieronymo
898 3846 966 3911 port
982 3839 1120 3894 Crinitum
1134 3840 1169 3893 dc
1181 3843 1259 3909 poet.
1278 3838 1328 3891 lat.
1352 3832 1377 3900 I,

236 3942 261 3980 c.
284 3929 302 3979 8
323 3924 415 3979 lilius
440 3924 585 3997 Gyraldus
610 3924 645 3978 da
661 3930 739 3996 poet.
759 3924 824 3980 hiat.
850 3924 962 3997 dialogo
984 3930 1047 3979 Vm,
1065 3940 1098 3993 p.
1118 3926 1175 3977 890
1194 3923 1239 3977 ad.
1262 3921 1333 3975 Bas.
1349 3935 1377 3973 o.
1422 3990 1427 3999 Ι

238 4014 330 4078 1515,
346 4007 494 4078 Mur-etna,
511 4008 649 4079 Scaliger.
667 4008 767 4066 oacrio
784 4012 816 4063 A.
833 4000 922 4065 cErio
939 4009 974 4063 B.
992 4024 1097 4063 cenam
1122 4007 1156 4062 G.
1179 4003 1259 4062 corio
1281 4004 1376 4060 ceteri.

234 4090 336 4148 Acilio
352 4092 471 4166 Plotius
485 4094 590 4149 Annal.
606 4104 641 4146 11.
656 4111 687 4164 p.
707 4096 776 4160 359,
801 4093 917 4149 Vossius
928 4094 963 4148 de
974 4097 1051 4161 poet.
1070 4094 1120 4147 lat.
1131 4108 1160 4162 p.
1178 4094 1213 4145 10
1227 4091 1271 4145 ed.
1288 4090 1377 4143 Amal.

236 4196 262 4233 a.
285 4181 363 4233 1654
379 4171 392 4254 11
406 4176 536 4235 recitare
553 4222 559 4232 .
577 4220 584 4231 .
603 4219 608 4230 .
627 4219 632 4229 .
659 4174 823 4253 contempti
838 4194 888 4234 om.
905 4179 946 4245 A,
968 4175 1041 4231 nitu
1056 4181 1177 4247 practer
1191 4190 1243 4230 ore
1257 4186 1378 4229 servans
1469 4215 1473 4222 .

236 4256 244 4303 l
259 4260 406 4318 recitasse
423 4264 446 4319 G
471 4254 485 4340 11
507 4268 538 4317 at
556 4263 579 4318 G
601 4253 614 4339 11
636 4268 775 4319 cenatum
789 4265 824 4320 G.
847 4279 953 4319 cenam
969 4260 996 4314 D
1012 4254 1024 4334 1}
1042 4269 1074 4319 10
1092 4276 1182 4335 quom
1200 4258 1227 4313 D
1242 4252 1255 4331 11
1270 4254 1379 4312 dicitur

239 4347 290 4402 Tr.
309 4346 510 4403 Mommsenur.
527 4343 639 4403 dictum
658 4352 705 4403 est
724 4349 786 4405 FG.
806 4343 905 4403 dictus
927 4351 974 4402 eet
989 4347 1078 4401 ceteri
1090 4336 1105 4423 11
1119 4342 1237 4399 initium
1252 4343 1293 4408 E,
1317 4340 1377 4395 Vct.

235 4429 321 4486 initio
335 4434 427 4499 ceteri¹
437 4431 494 4503 [1)]
509 4424 522 4508 11
537 4427 660 4510 quidam
676 4432 703 4486 B
717 4424 731 4512 11
746 4428 852 4500 fabule
865 4431 928 4487 DZ
942 4426 1049 4486 fabula
1064 4429 1117 4487 BG
1128 4419 1144 4507 11
1159 4424 1240 4505 quod
1255 4444 1307 4482 om.
1329 4424 1380 4480 BG
