3220 5022
216 388 284 456 284
744 406 875 449 enarum

303 571 490 621 osrsrrvu
511 568 703 620 nonsruvn
722 561 755 617 et
775 559 988 635 racusanus]
1012 563 1175 619 ostentum
1197 555 1269 619 sine
1290 574 1359 620 cor·

216 680 295 743 pore
322 657 426 721 solido
455 656 550 720 nobis
582 678 616 719 se
638 655 782 720 ostendit
811 664 843 719 et
870 656 971 720 oculis
1000 665 1032 721 et
1052 656 1185 721 auribus
1208 656 1358 732 obicitur,

135 760 143 775 ¹
215 768 253 824 ut
275 759 419 823 interdiu
441 759 606 838 tenebrae,
625 766 720 821 nocte
741 756 815 840 lu13
837 757 1022 842 prodigium
1046 759 1131 844 quod
1153 759 1266 823 solidis
1290 780 1358 822 cor-

217 860 350 947 poribus
369 861 577 946 conspicitur,
599 868 636 923 ut
657 858 796 923 incaelo
812 867 957 923 cometae
974 859 1069 923 stella
1085 870 1141 926 aut
1156 860 1230 944 fax;
1252 882 1359 924 mons·

216 972 303 1027 trum
324 961 410 1047 qnod
432 970 547 1025 contra
566 970 714 1025 naturam
739 963 804 1045 (est
820 969 876 1023 aut
896 961 1061 1043 naturam)
1083 964 1249 1047 cognitam
1268 976 1381 1046 egre-t

217 1062 321 1145 ditur,
344 1064 408 1149 (ut)
432 1084 566 1146 serpens
588 1083 661 1125 cum
684 1061 835 1147 pedibus,
858 1062 931 1126 auis
953 1085 1027 1126 curn
1049 1061 1120 1126 IIII
1145 1064 1218 1127 alis.

216 1217 295 1252 omne
320 1202 482 1253 auditorium
506 1200 591 1250 habet
613 1198 809 1261 scholasticos,
836 1199 855 1248 i.
876 1216 899 1249 e.
924 1202 1016 1250 omnia
1040 1201 1185 1252 auditoris.
1226 1206 1361 1266 usurpant

217 1274 309 1319 tamen
329 1278 427 1334 poetae
447 1275 475 1319 et
493 1271 548 1318 ista
566 1267 748 1329 confundunt,
773 1273 803 1316 ut
821 1268 873 1317 hoc
892 1268 952 1317 loco
972 1273 1030 1317 tota
1048 1286 1096 1335 pro
1117 1270 1241 1319 omnibns
1260 1270 1358 1334 posuit,

218 1344 246 1386 et
259 1343 355 1387 contra
373 1354 421 1402 pro
440 1342 498 1386 toto
512 1336 728 1451 omnemposuit,
749 1342 778 1383 ιιι
798 1341 855 1384 est:
875 1335 1043 1401 Omnemquc
1062 1337 1165 1386 reuerti
1178 1352 1226 1401 per
1238 1338 1359 1386 Troiam.

217 1405 335 1455 Statius:
361 1406 396 1455 Et
420 1411 492 1455 totos
515 1405 544 1452 in
567 1419 684 1468 poetam
711 1403 800 1451 ordire
819 1408 949 1468 nepotas,
972 1406 991 1453 i.
1012 1420 1035 1453 o.
1061 1403 1174 1454 omnes.‘
1210 1404 1314 1455 Nonius
1332 1421 1358 1469 p.

216 1473 267 1522 oto
285 1489 339 1537 sq:
361 1472 457 1521 ‘Omne
477 1480 559 1534 atquo
579 1477 664 1519 totum
683 1470 779 1519 uolunt
797 1471 907 1534 qnidam
927 1487 988 1521 csse
1006 1472 1170 1532 seiunctum,
1189 1477 1220 1522 ut
1239 1473 1273 1523 ab
1287 1472 1360 1522 omni

216 1539 278 1605 plns
297 1557 358 1590 esse
376 1546 462 1589 totum
480 1544 585 1604 putent,
606 1554 666 1587 enm
685 1538 844 1588 indiscretis
861 1538 934 1589 inter
953 1540 1112 1603 frequenter
1130 1541 1248 1606 positum
1260 1540 1360 1604 legeri-

217 1624 286 1671 mus,
306 1614 333 1657 et
350 1616 493 1672 utrumque
512 1622 573 1656 cum
591 1605 781 1670 significantia
799 1606 998 1657 uniuersitatis.
1028 1607 1176 1658 Lucretius
1194 1607 1241 1656 lib.
1261 1608 1287 1657 I:
1306 1608 1359 1656 Το-

217 1680 275 1725 ιιιιιι
292 1676 373 1726 uideo
392 1692 440 1741 per
456 1676 540 1724 inane
564 1675 622 1738 geri
641 1689 694 1721 res.
739 1674 814 1738 Virg.
834 1675 862 1723 in
881 1674 1026 1724 bucolicis:
1047 1675 1148 1725 Omnia
1167 1676 1255 1725 uincit
1274 1690 1357 1725 amor.

218 1748 246 1793 et
262 1744 333 1793 idem
352 1759 447 1808 georg.
471 1743 519 1791 lib.
539 1741 596 1790 111:
616 1740 704 1790 Omne
724 1740 793 1791 adeo
818 1757 904 1807 genus
929 1743 956 1791 in
975 1743 1056 1792 terris
1074 1743 1267 1807 hominumque
1286 1743 1359 1792 iera-

216 1827 342 1876 rumque,
363 1816 392 1860 et
409 1825 496 1879 genus
515 1824 688 1873 aequoreum,
707 1809 827 1873 pecudes
846 1811 993 1875 pictaeque
1012 1811 1146 1871 uolucres,
1165 1811 1195 1859 iu
1214 1811 1299 1860 furias
1319 1812 1358 1875 ig-

216 1894 333 1943 nemque
351 1883 449 1941 rnunt,
473 1893 548 1926 amor
566 1877 691 1926 omnibus
715 1877 795 1926 idem.
832 1877 904 1927 idem
922 1879 990 1927 Aen.
1010 1878 1058 1927 lib.
1078 1878 1128 1928 VI:
1147 1879 1300 1942 Totumque
1318 1879 1358 1927 iu·

217 1947 279 1995 fusa
297 1963 347 2011 per
369 1952 445 1996 artus
463 1947 541 1995 Mens
566 1944 657 2008 agitat
675 1944 774 1994 molem
794 1950 822 1994 et
839 1961 940 2010 magno
959 1962 988 1995 so
1008 1963 1121 2010 corpore
1146 1947 1252 1996 miscet.
1294 1945 1360 2009 quid

218 2014 288 2079 quod
306 2019 406 2076 toturn,
432 2014 502 2078 quod
524 2012 584 2076 pius
602 2016 728 2075 putatur,
753 2028 807 2061 non
825 2029 873 2078 pro
893 2018 991 2063 cuncto
1011 2014 1114 2063 alicubi
1133 2015 1224 2078 accipi
1249 2014 1360 2078 potest?

216 2082 293 2147 Virg.
313 2098 407 2146 georg.
426 2081 474 2131 lib.
494 2080 550 2129 111:
574 2079 716 2144 Totusque
735 2080 889 2129 Aduolnere
913 2081 983 2131 iocis
1006 2082 1094 2131 ulmos
1113 2081 1226 2147 ignique
1245 2081 1358 2143 dedere,

216 2154 246 2199 ut
264 2150 302 2199 sit
320 2155 393 2199 totas
411 2149 535 2213 integros
553 2162 607 2196 non
625 2163 728 2207 omnes,
748 2163 818 2212 quae
836 2148 864 2196 in
883 2149 982 2198 mundo
1001 2156 1072 2205 sunt,
1092 2146 1198 2198 ulmos.'

302 2216 447 2267 Ostentum
465 2219 614 2265 monstrum
634 2221 661 2263 et
679 2213 842 2280 prodigium]
862 2215 924 2281 Gp.
942 2216 1026 2266 10:311.
1041 2216 1104 2265 214:
1125 2216 1280 2267 ‘Ostentum
1298 2216 1358 2266 sine

216 2301 330 2349 corpore
349 2285 463 2335 solidum
481 2298 581 2333 nonum
600 2298 629 2331 se
649 2283 770 2332 ostendit
789 2289 817 2332 et
833 2283 920 2332 oculis
940 2289 967 2333 et
985 2285 1108 2347 sumbus,
1127 2284 1280 2349 prodigium
1293 2299 1359 2333 uero

217 2353 288 2417 quod
306 2353 402 2403 solidis
420 2351 578 2417 corporibus
596 2351 769 2415 prospicitur,
789 2351 864 2400 utin
884 2352 963 2402 caelo
983 2358 1103 2402 cometes
1122 2358 1171 2401 aut
1183 2350 1266 2401 steila
1285 2356 1313 2401 et
1331 2352 1360 2400 iu

216 2427 296 2470 nocte
315 2422 370 2482 lux,
390 2419 510 2469 interdiu
528 2418 675 2479 tenebram
694 2424 843 2467 monstrum
866 2435 931 2469 uero
955 2426 1051 2470 contra
1073 2426 1201 2469 naturam
1220 2435 1252 2468 co
1273 2420 1360 2468 nitum

217 2488 369 2553 egreditur,
393 2493 423 2537 ut
441 2502 555 2551 serpens
574 2501 634 2534 cum
654 2485 769 2551 pedibus
793 2493 841 2536 aut
859 2503 919 2537 cum
938 2493 1065 2551 quattuor
1084 2486 1154 2536 uiis.’
1191 2436 1285 2538 Miri:
1306 2486 1358 2536 ‘In-

217 2560 259 2605 ter
282 2560 438 2620 porteutum
462 2562 491 2604 et
514 2559 660 2603 ostentum.
710 2558 865 2619 portentum
895 2557 1019 2605 nascitur
1042 2561 1070 2604 et
1092 2554 1120 2604 in
1143 2570 1194 2605 sus
1217 2560 1360 2619 permanet

217 2623 360 2689 qualitate,
381 2627 518 2672 ostentum
536 2636 602 2670 uero
621 2622 710 2671 subito
730 2622 842 2671 offertur
860 2623 1167 2673 oculisetsubducitnr.
1195 2623 1235 2672 sic
1268 2628 1359 2672 orten-

216 2696 273 2741 tum
292 2691 392 2740 dicitur
415 2706 432 2739 ιι
449 2688 638 2754 portendendo
656 2690 684 2738 id
703 2695 746 2738 est
763 2705 843 2754 porro
862 2691 1039 2753 ostendendo,
1061 2692 1132 2739 sicut
1150 2696 1178 2739 et
1195 2639 1357 2755 prodigium,

218 2758 288 2822 quod
306 2774 384 2824 porro
403 2758 493 2817 dicat,
518 2756 546 2804 id
566 2762 607 2805 est
626 2757 718 2807 sutura
741 2757 775 2806 de
793 2756 874 2819 longe
899 2759 1053 2823 praedicat.
1090 2763 1238 2808 monstrum
1255 2773 1323 2808 sane
1343 2773 1360 2807 s

217 2827 321 2876 monitu
343 2825 388 2874 uel
407 2824 582 2874 monstrando
601 2824 711 2883 dictum,
732 2824 803 2889 quod
822 2824 927 2888 aliquid
945 2825 1126 2890 significando
1145 2826 1314 2875 demonstret
1332 2831 1361 2875 et

217 2894 319 2943 statim.
357 2894 476 2957 quinque
495 2897 558 2941 sunt
578 2897 669 2941 autem
688 2907 792 2957 genera
810 2892 995 2958 prodigiorum
1007 2899 1038 2942 ιιι
1050 2894 1136 2943 Varro
1155 2893 1236 2953 dicit,
1256 2893 1284 2942 id
1303 2898 1359 2942 est:

216 2965 372 3026 portentum
391 2965 528 3009 ostentum
545 2960 695 3026 prodigium
715 2959 877 3009 miraculum
900 2966 928 3010 et
950 2960 1117 3010 rnonstrum.’
1154 2961 1249 3011 1457:
1273 2961 1360 3010 ‘Inter

217 3034 372 3093 portentum
391 3034 420 3077 et
441 3031 599 3077 monstrum.
640 3031 796 3093 portentum
814 3029 945 3093 estquod
964 3044 997 3078 ex
1016 3029 1110 3078 formis
1128 3029 1244 3078 diuersis
1262 3044 1358 3094 propo·

217 3098 304 3157 nitur,
323 3102 485 3155 monstrum,
511 3095 582 3158 quod
606 3101 684 3145 extra
701 3100 828 3144 naturam
847 3097 984 3157 nascitur,
1013 3096 1059 3145 uel
1081 3097 1162 3145 nimis
1186 3096 1290 3161 grande
1313 3094 1360 3145 uel

217 3163 298 3212 nimis
316 3162 420 3213 breue'
456 3162 602 3227 Appendix
621 3163 654 3211 ad
673 3163 756 3212 Probi
775 3168 863 3213 artem
885 3164 1017 3213 minorem
1035 3179 1060 3227 p.
1080 3164 1129 3212 447
1151 3180 1178 3212 n.
1202 3162 1249 3212 48:
1274 3164 1360 3213 ‘Inter

217 3236 355 3281 ostentum
374 3237 402 3281 et
419 3238 569 3280 monstrum
589 3235 616 3278 et
634 3230 787 3295 prodigium
806 3236 834 3279 et
847 3236 1001 3295 portentum
1019 3231 1070 3281 hoc
1083 3232 1208 3293 interest,
1228 3231 1298 3296 quod
1316 3247 1359 3281 os·

217 3304 324 3348 tentum
342 3303 371 3347 et
388 3302 538 3348 monstrum
555 3299 716 3362 praesentia
739 3303 894 3361 ostentent,
919 3299 1073 3364 prodigium
1092 3303 1185 3348 autem
1203 3304 1231 3348 et
1249 3304 1359 3364 porten-

217 3372 274 3417 tum
292 3368 386 3416 futura
403 3363 580 3431 significent)
591 3392 624 3401 -
641 3367 663 3414 F
677 3382 703 3430 p.
723 3364 786 3415 348:
807 3366 962 3416 ‘Ostentum
981 3367 1052 3431 quod
1063 3373 1173 3431 praetor
1187 3367 1359 3417 consuetudi·

216 3450 279 3484 nem
302 3434 429 3495 offertur,
453 3440 483 3483 ut
507 3437 574 3497 puta
597 3433 620 3482 si
644 3434 771 3482 uideatur
792 3440 866 3483 terra
890 3435 987 3484 ardere
1011 3434 1055 3484 uei
1079 3434 1187 3484 casium
1204 3435 1250 3484 uel
1273 3450 1358 3484 mare.

216 3506 373 3567 portentum
397 3501 468 3566 quod
486 3516 565 3566 porro
585 3506 612 3550 ot
633 3500 736 3550 dlutius
754 3509 855 3562 manet,
875 3503 1050 3566 futurumque
1068 3502 1236 3565 postmodum
1256 3501 1361 3565 aliquid

218 3570 368 3634 siguificat.
396 3574 545 3619 monstrum
564 3573 715 3618 estcontra
733 3573 868 3631 naturam,
887 3576 918 3619 ut
931 3576 973 3621 est
985 3568 1166 3619 Minotaurus.
1196 3570 1358 3635 prodigium,

217 3638 288 3703 quod
306 3653 395 3687 mores
414 3638 537 3697 iaciunt,
556 3652 606 3702 per
624 3637 694 3700 quod
712 3636 905 3687 detrimentum
923 3642 1093 3702 expectatur.
1122 3638 1216 3702 itaqua
1235 3637 1280 3701 qui
1298 3653 1360 3702 pro-

217 3706 293 3771 digia
311 3706 418 3755 faciunt
435 3704 544 3770 prodigi
561 3708 703 3753 uocantur.
740 3705 768 3753 in
792 3710 900 3755 ostento
922 3706 1024 3755 raritas
1049 3705 1257 3756 admirationem
1280 3704 1358 3755 facit.

217 3774 246 3822 in
265 3780 383 3823 monstro
403 3778 494 3823 rectus
512 3772 577 3822 ordo
596 3777 714 3822 naturus
730 3772 857 3822 uincitur.
893 3773 922 3823 in
939 3777 1066 3837 portento
1084 3773 1209 3822 differtur
1235 3777 1360 3823 euentus.

303 3911 410 3969 boculi
421 3911 455 3966 M
466 3903 479 3989 Ι]
495 3918 512 3971 3
526 3900 658 3966 interdiu
670 3906 826 3982 tenebrae,
843 3918 931 3968 nocte
944 3912 1083 3968 Rotdius:
1102 3909 1254 3968 interdum
1274 3918 1360 3969 tene·

216 3993 306 4069 brae,
327 4014 386 4053 nox
406 3996 438 4052 M
452 3991 464 4073 ΙΙ
479 4005 496 4054 4
512 3993 698 4070 conspicitur
711 4003 745 4050 ut
768 3996 799 4052 in
822 3994 908 4052 caelo
924 3997 1061 4053 Mettius:
1087 3995 1117 4052 in
1135 3994 1221 4051 caelo
1238 3997 1359 4072 conspi-

218 4080 295 4138 citur
310 4089 342 4137 ut
357 4082 391 4137 M
403 4074 417 4159 11
433 4088 570 4138 cometae
588 4081 709 4150 scripsi:
729 4088 866 4137 comeete
885 4081 917 4137 M
931 4088 1065 4139 cometes
1082 4081 1203 4138 Rotdius
1223 4073 1236 4159 [1
1257 4091 1272 4140 5
1289 4100 1359 4139 con-

216 4172 265 4224 tra
290 4174 430 4223 naturam
457 4173 504 4222 est
525 4170 578 4220 aut
602 4172 743 4221 naturam
763 4166 916 4241 cognitam
942 4170 1062 4239 scripsi:
1096 4172 1202 4223 eontra
1221 4172 1360 4223 naturam

218 4251 341 4326 cognitu
360 4251 392 4307 M
408 4244 542 4326 [eontra]
563 4258 702 4306 naturam
720 4251 1119 4325 commemorassem:
1138 4250 1282 4323 ‘fortusse
1297 4267 1360 4306 mo·

218 4333 289 4392 dum
304 4342 433 4393 naturae
455 4333 614 4409 cognitae'
638 4342 745 4391 contra
761 4343 900 4393 naturum
917 4336 1068 4410 cognitam
1089 4353 1159 4393 esse
1177 4332 1310 4393 creditur
1326 4335 1358 4392 0.

217 4419 339 4476 Iahnius
354 4413 367 4501 ΙΙ
382 4427 399 4481 6
416 4426 451 4477 ιιι
466 4421 575 4476 addidit
594 4419 716 4476 Rotbius
733 4415 745 4498 Η
761 4419 826 4478 anis
841 4421 980 4477 nostias.-
1002 4426 1054 4476 aut
1064 4420 1099 4475 M
