3186 4996
709 362 750 402 nu
772 361 889 405 roarrs
1328 341 1368 405 ⁷3

227 509 369 574 moriens
397 530 556 573 annorum
582 508 652 574 fere
677 530 748 574 sex.
796 508 917 580 Fuluia
943 509 1094 574 Sisennia
1121 512 1234 599 nupsit
1256 519 1370 598 postea

226 596 351 677 Fuscid
370 613 473 698 equiti
501 610 647 675 Romano
676 620 709 675 et
738 632 811 675 eum
842 633 971 698 quoque
995 612 1113 677 extulit
1141 614 1227 676 intra
1247 634 1369 699 paucos

226 734 339 783 anuos.
389 712 515 776 studuit
542 711 681 775 Flaccus
709 734 813 798 usque
841 713 885 776 ad
914 734 1036 777 annum
1058 712 1129 777 XII
1151 716 1267 778 aetatis
1291 735 1369 797 suae
1466 798 1470 804 Ι

226 814 424 896 Volaterris,
441 814 519 879 inde
536 814 659 878 Romae
681 813 769 900 apud
783 816 1030 898 grammaticum
1054 816 1238 879 Remmium
1256 815 1370 878 Palae-

204 936 353 980 amonem
377 924 410 980 et
423 915 512 1001 apud
531 915 692 979 rhetorem
711 914 903 1001 Verginium
928 914 1077 980 Flauum.
1112 938 1186 981 cum
1208 924 1296 980 esset
1314 938 1370 980 an-

225 1038 341 1081 norum
362 1016 462 1097 XVI,
487 1017 631 1080 amicitia
652 1018 759 1107 coquit
779 1018 827 1079 uti
846 1018 975 1080 Annaei
997 1016 1149 1099 Cornuti,
1172 1018 1220 1080 ita
1242 1026 1278 1081 ut
1294 1038 1369 1081 nus·

226 1139 323 1205 quam
340 1117 382 1182 ab
400 1139 439 1182 eo
461 1117 660 1201 discederem
692 1116 844 1182 inductus
863 1119 1068 1205 aliquatenus
1084 1120 1118 1181 iri
1133 1118 1370 1204 philosophiam

226 1228 286 1283 est.
330 1222 453 1284 amicos
482 1219 598 1284 habuit
624 1241 645 1282 a
673 1221 779 1306 prima
803 1218 1027 1283 adulescentia
1053 1218 1206 1283 Caesium
1231 1219 1370 1283 Bassum

225 1329 354 1406 poetam
378 1329 411 1385 et
436 1319 648 1406 Calpurnium
665 1319 846 1402 Staturam,
870 1321 925 1405 qui
947 1321 1024 1385 uiuo
1047 1343 1086 1384 eo
1108 1320 1238 1385 iuuenis
1260 1320 1370 1384 deces-

192 1424 301 1501 susit„
331 1420 432 1485 coluit
460 1430 497 1485 ut
528 1429 652 1508 patrem
681 1421 858 1486 Seruilium
883 1419 1079 1484 Nonianum.
1126 1424 1280 1506 cognouit
1312 1442 1371 1508 per

176 1595 180 1603 ,
227 1522 408 1588 Cornutum
431 1524 529 1587 etiam
556 1524 728 1587 Annaeum
750 1522 923 1586 Lucanum
953 1543 1155 1609 aequaeuam
1185 1523 1368 1591 auditorem

226 1624 375 1689 Cornuti.
400 1624 488 1708 [nam
508 1624 671 1705 Cornutus
687 1623 744 1687 illo
757 1632 902 1709 tempore
917 1625 1063 1708 tragicus
1084 1624 1149 1687 suit
1166 1632 1275 1687 sectae
1295 1642 1369 1709 poe-

136 1810 139 1815 ·
225 1727 325 1807 tinae,
341 1726 398 1811 qui
409 1724 510 1790 libros
524 1723 749 1811 philosophiae
764 1724 905 1811 reliquit.
929 1723 998 1811 sed]
1011 1724 1167 1788 Lucanus
1181 1724 1262 1790 adeo
1274 1726 1371 1788 mira·

227 1826 322 1890 batur
341 1827 464 1913 scripta
480 1825 607 1908 Flacci,
630 1835 667 1889 ut
684 1827 744 1889 uix
758 1826 914 1890 retineret
931 1847 966 1889 sc
982 1827 1140 1890 recitante
1163 1847 1201 1889 eo
1217 1847 1290 1889 cum
1307 1824 1370 1888 cla·

193 1943 216 1982 ¹⁵
225 1947 325 2009 more,
337 1928 417 2013 quin
427 1927 486 1990 illa
497 1948 568 1993 csse
580 1949 659 1991 uara
669 1936 820 2012 poemata
831 1927 963 2007 diceret,
978 1948 1037 1990 sua
1048 1928 1117 2012 ipse
1128 1926 1223 1991 ludos
1235 1925 1368 1990 faceret.

172 2116 175 2121 y
225 2046 298 2093 sero
311 2028 471 2113 cognouit
485 2037 517 2092 et
536 2028 711 2110 Senecam,
734 2028 792 2092 sed
814 2048 879 2094 uon
895 2037 932 2092 ut
948 2036 1119 2113 caperetur
1139 2029 1210 2091 eius
1225 2028 1368 2112 iugenio.

313 2216 325 2267 l
345 2215 435 2268 Schol.
454 2218 531 2267 Pers.
550 2217 590 2267 VI
607 2216 636 2267 6:
657 2217 695 2267 ‘sc
714 2218 802 2282 ipsum
820 2190 933 2267 Persius
951 2215 1092 2281 significat
1108 2219 1258 2269 secessisse
1276 2221 1305 2268 in
1323 2219 1370 2268 Li·

226 2284 423 2348 garinodum,
447 2284 580 2335 uidelicet
601 2291 714 2349 propter
736 2284 863 2335 Fuluiam
882 2285 1038 2335 Sisennism
1059 2289 1176 2333 matrem
1198 2299 1275 2335 susm
1299 2302 1369 2350 quae

227 2358 289 2417 post
306 2359 421 2403 mortam
439 2353 538 2417 prioris
555 2353 610 2401 uiri
628 2352 668 2401 ibi
685 2358 772 2416 nupta
791 2351 875 2402 erat.’

309 2420 436 2470 SSchol.
460 2423 538 2470 Pers.
556 2419 596 2470 v1
615 2418 642 2469 l:
684 2420 770 2469 ‘hanc
788 2421 902 2470 satiram
925 2419 1024 2470 scribit
1046 2420 1157 2469 Persius
1183 2418 1218 2468 ad
1241 2420 1370 2470 Cassium
1447 2454 1454 2465 .

226 2488 340 2537 Bassum
355 2493 465 2552 poetam
478 2487 602 2552 lyricum,
622 2503 701 2551 quom
715 2488 790 2537 lama
808 2494 850 2537 est
869 2488 897 2536 in
910 2487 1031 2553 praediis
1050 2487 1106 2536 suis
1124 2488 1241 2552 positum
1255 2489 1369 2538 ardente

225 2556 346 2605 Vesuuio
362 2560 455 2644 sponte
474 2555 644 2620 Campaniae
664 2560 692 2603 et
709 2554 765 2604 late
785 2555 895 2619 ignibus
915 2554 1072 2605 abundante
1092 2569 1152 2603 cum
1171 2554 1240 2604 uilla
1257 2570 1308 2605 sua
1326 2572 1369 2605 us·

226 2630 281 2671 lum
301 2638 451 2740 elslleSchol.
470 2691 547 2740 Pers.
566 2691 594 2739 11
615 2689 641 2739 l:
663 2689 821 2754 ‘alloquitur
832 2691 986 2740 Macrinum
997 2688 1136 2740 hominem
1148 2706 1215 2739 sana
1234 2691 1370 2740 eruditum

225 2764 253 2807 et
270 2764 385 2823 paterno
404 2772 434 2807 se
454 2756 555 2807 affectu
573 2758 748 2823 diligentem,
772 2759 818 2822 qui
837 2760 865 2806 in
888 2758 967 2808 domo
986 2758 1097 2807 Seruilii
1116 2756 1261 2821 didicerat,
1282 2774 1298 2808 a
1317 2775 1369 2824 quo

225 2826 345 2890 agellum
364 2830 576 2891 comparauerat
593 2824 698 2874 indulto
717 2825 771 2874 sibi
789 2826 878 2890 pretio
898 2823 1066 2890 aliquantm’

310 3023 324 3073 l
348 3013 491 3073 Sisennia
509 3015 534 3071 G
555 3014 691 3069 Pithoeus
716 3009 849 3071 Sisenna
870 3016 894 3071 L
919 3011 1056 3071 Sinenna
1080 3014 1106 3069 P
1132 3022 1228 3071 mater
1255 3017 1284 3070 iu
1311 3018 1368 3072 edi·

225 3101 348 3157 tionibus
365 3102 483 3156 additur
497 3091 511 3178 Η
526 3106 543 3157 2
557 3096 669 3155 Fuscio
689 3099 717 3152 P
728 3097 841 3155 Fusico
858 3101 881 3155 L
896 3098 989 3157 Fusio
1007 3098 1030 3153 G
1045 3090 1059 3176 Η
1075 3097 1184 3155 extulit
1207 3095 1237 3155 id
1253 3106 1300 3155 est
1314 3118 1368 3155 ιιιι-

121 3240 127 3251 ,
214 3184 309 3242 triuit
324 3192 356 3241 et
371 3182 447 3240 aluit
464 3185 491 3240 P
503 3178 517 3264 Η
531 3191 549 3244 3
565 3181 676 3239 aetatis
695 3200 770 3240 suae
785 3201 838 3240 om.
855 3185 883 3240 P
895 3177 909 3262 Η
923 3192 941 3243 4
956 3182 994 3238 R.
1010 3179 1228 3240 Palaemonem
1244 3184 1267 3239 G
1283 3177 1296 3261 Η
1311 3184 1369 3240 Pa·

223 3267 374 3326 lamonem
389 3269 412 3323 L
426 3259 440 3349 Η
456 3279 472 3328 5
488 3265 640 3325 rethorem
663 3268 686 3322 L
706 3265 858 3325 hretorsm
878 3270 900 3324 G
930 3262 935 3345 1
956 3264 1127 3340 virginium
1143 3284 1235 3337 utura
1249 3271 1297 3324 tiu.
1318 3262 1365 3346 Gi,

223 3352 356 3411 Flauum
366 3354 394 3409 P
406 3346 419 3432 Η
434 3350 635 3413 fiamiciciaL
650 3345 662 3430 Η
678 3350 771 3408 Annii
784 3350 856 3409 LA.
872 3354 895 3409 G
912 3342 917 3430 Η
939 3359 953 3413 7
971 3368 1061 3428 aquo
1073 3349 1214 3407 inductus
1226 3354 1288 3408 edd.
1302 3359 1367 3409 vett.

225 3446 255 3495 et
266 3436 407 3495 inductus
420 3439 542 3494 Iahnius
552 3438 582 3491 iu
593 3438 638 3495 ed.
651 3440 717 3492 min.
734 3430 747 3515 Η
761 3433 955 3513 philosophia
968 3437 994 3490 P
1006 3433 1019 3513 Η
1034 3434 1183 3495 &Casium
1195 3436 1218 3490 L
1230 3433 1369 3493 Gessium

225 3525 252 3579 P
261 3521 295 3580 O.
312 3525 335 3579 G
351 3515 364 3600 Η
378 3520 520 3590 Bassium
535 3521 584 3576 LG
595 3520 737 3576 Lassinm
750 3523 776 3576 P
794 3513 807 3599 Η
827 3530 844 3582 9
858 3519 892 3579 O.
908 3522 931 3577 G
949 3518 1165 3597 Calphuruium
1178 3521 1202 3575 L
1216 3512 1228 3598 Η
1245 3517 1370 3576 Statura

224 3608 252 3663 P
268 3603 465 3664 Suram'coui.
482 3606 668 3661 Gusuubuuus
683 3599 696 3685 Η
713 3612 746 3664 tu
759 3614 791 3661 ut
803 3623 856 3660 om.
873 3607 921 3661 LG
936 3598 949 3682 Η
964 3604 1146 3661 Nomiauum
1160 3605 1182 3659 L
1197 3602 1369 3661 Numanum

224 3693 251 3747 P
269 3683 281 3770 Η
303 3692 429 3765 agnouit
449 3692 477 3745 P
494 3683 507 3771 Η
530 3700 558 3750 lt
578 3685 741 3746 Cornutum
758 3692 782 3745 L
803 3682 816 3768 Η
839 3690 996 3746 Annaeum
1012 3688 1104 3746 etiam
1122 3689 1150 3745 P
1162 3681 1175 3767 Η
1190 3687 1331 3745 Anneum
1347 3690 1370 3746 L

225 3775 262 3833 A.
285 3767 340 3856 (ΞΗ
361 3768 564 3854 aequaeuam]
589 3774 724 3849 equitum
745 3767 795 3853 ΒΗ
815 3781 846 3833 m
867 3792 937 3831 nam
952 3771 1064 3830 -sed
1086 3775 1192 3830 seclusi
1208 3781 1370 3844 praecunte

225 3861 351 3934 Berpltiu
365 3853 378 3939 Η
395 3859 508 3917 tisicus
522 3859 934 3932 Pgrammatieus'Murtiuius
945 3860 979 3915 de
993 3858 1117 3915 Cornuto
1123 3875 1155 3929 p.
1170 3851 1235 3937 5οΗ
1253 3867 1285 3919 13
1296 3877 1368 3935 poc·

223 3940 317 4021 tinae]
328 3944 446 4001 stoicae
456 3933 619 4019 Pithoeus'll
636 3941 802 4020 reliquidL
817 3938 831 4021 Η
847 3952 879 4003 14
890 3940 1175 4001 mirabaturadeoL
1188 3935 1202 4023 Η
1219 3943 1370 4019 scriptura

230 4031 257 4084 P
269 4024 282 4103 Η
299 4048 332 4085 se
345 4028 493 4085 retineret
508 4029 532 4084 L
545 4022 559 4107 Η
576 4029 724 4086 recitante
741 4046 777 4085 eo
794 4046 861 4086 cnm
879 4029 1017 4084 Iuhrtius:
1032 4026 1212 4085 recitantem
1227 4031 1293 4084 libri
1307 4022 1321 4103 Η
1339 4037 1368 4087 to

146 4108 152 4119 '
224 4113 297 4191 quin
311 4111 367 4170 illa
384 4132 452 4170 essa
473 4132 547 4170 rrsra
564 4119 705 4191 poemata
723 4111 852 4181 diceret,
875 4131 931 4169 sua
946 4111 1012 4188 ipse
1030 4109 1117 4169 ludos
1133 4112 1250 4169 faceret
1264 4114 1371 4182 scripsi

218 4200 428 4269 praeeuntibus
446 4200 576 4256 Prellero
590 4205 617 4255 et
641 4199 669 4255 G.
692 4199 726 4253 F.
743 4198 912 4252 Hermanno
919 4225 928 4252 ,ι
952 4214 1031 4272 quae
1049 4195 1186 4253 illaesae
1204 4215 1279 4252 uera
1301 4195 1368 4270 ipsu

222 4290 362 4358 poemata
383 4281 449 4359 ipse
469 4281 532 4339 luto
556 4281 659 4339 faeere
677 4283 699 4338 L
714 4298 793 4358 quae
814 4279 867 4337 illa
887 4280 953 4356 ipsu
969 4298 1044 4337 uera
1067 4298 1134 4337 esse
1170 4286 1290 4335 oemata
1312 4297 1367 4335 sun

222 4364 294 4425 ludo
314 4365 469 4424 iaceretG
485 4365 558 4447 quin
568 4365 699 4424 illaesae
722 4382 797 4422 uera
816 4372 958 4443 poemata
976 4362 1093 4421 diceret
1108 4365 1135 4420 P
1147 4300 1210 4445 Η16
1228 4370 1258 4419 et
1272 4380 1324 4421 om.
1334 4362 1370 4452 ‚P
1431 4396 1437 4401 -
