3220 5022
694 424 798 466 csrvr
823 363 855 464 1¹·
1275 411 1337 474 ³69

168 573 356 652 ·plicitatem
379 574 443 633 cius
467 582 498 633 et
519 574 587 653 ipsa
601 582 760 635 testantur.
795 583 930 634 ceterum
946 594 1025 654 quae
1041 574 1084 636 ibi
1101 589 1264 659 usurpatur
1278 603 1339 643 non

191 684 251 735 tem
267 674 379 734 librum
393 674 581 736 inscribendi
596 696 685 756 quam
703 676 817 735 citandi
832 679 926 750 ratio,
945 697 1013 736 cum
1028 678 1248 759 antiquioribus
1262 690 1336 741 tem·

190 777 314 856 poribus
330 778 444 837 usitata
454 787 563 866 postea
574 780 606 837 in
618 778 851 839 desuetudinem
863 778 1006 851 abiisset,
1022 796 1084 838 non
1101 780 1218 841 inculta
1234 792 1337 844 aetate

192 879 286 939 vitam
296 879 378 937 Plini
389 878 427 938 de
441 879 568 938 Suetoui
579 880 656 941 libro
669 879 821 961 sublatam
832 900 901 939 esse
912 881 1112 939 certissimum
1123 891 1171 941 est
1182 884 1335 944 iudicium.

275 979 367 1039 Libro
379 980 471 1055 igitur
483 979 525 1039 de
535 981 607 1040 viris
620 981 797 1041 inlustribus
811 1002 877 1041 cum
888 1001 944 1041 sex
959 1002 1076 1058 genera
1084 984 1250 1045 litterarum
1260 986 1335 1046 Sue·

191 1068 305 1140 touium
318 1089 524 1161 pertractasse
541 1081 798 1156 intellexerimus,
815 1084 893 1144 haec
909 1084 1034 1143 totidem
1050 1083 1119 1143 libri
1139 1096 1242 1164 partes
1262 1090 1336 1149 effe·
1400 1102 1405 1106 ’

191 1183 271 1242 cisse
289 1190 527 1242 cousentaneum
541 1183 694 1244 videatur.
727 1185 782 1246 sed
799 1188 850 1267 qui
865 1194 976 1264 portes,
989 1187 1168 1266 superstites
1183 1188 1221 1248 de
1236 1210 1335 1268 gram

86 1330 90 1337 .
190 1284 308 1343 maticis
336 1291 367 1342 et
398 1282 436 1343 de
462 1283 634 1344 rhetoribus
666 1287 923 1359 consideraverit,
953 1287 980 1345 is
1004 1286 1060 1347 has
1090 1306 1152 1345 non
1177 1288 1253 1351 duas
1279 1290 1336 1353 sed

189 1405 280 1444 unam
308 1404 378 1444 esse
407 1386 552 1446 inveniet.
595 1407 666 1445 nam
693 1389 821 1466 primum
849 1388 1020 1448 rhetoricae
1046 1388 1190 1448 historiae
1218 1391 1335 1451 initium

190 1496 295 1567 aperte
313 1487 428 1547 indicat
442 1507 553 1546 novum
568 1495 660 1566 caput
675 1508 734 1547 uon
752 1489 861 1575 librum
874 1510 987 1551 novum
1002 1491 1154 1568 incipere3
1171 1489 1283 1552 deinde
1303 1496 1335 1554 iu

189 1589 327 1649 omnibus
344 1589 499 1649 codicibus
522 1590 574 1669 qui
594 1588 716 1668 quidem
738 1589 838 1651 bonae
857 1600 928 1651 sunt
943 1591 1018 1651 fidei
1037 1591 1114 1650 libro
1141 1593 1185 1651 sic
1205 1594 1333 1674 masup-

189 1700 252 1751 tum
270 1700 332 1753 est:
356 1697 391 1751 de
407 1695 605 1767 prammuticia
618 1701 646 1749 ct
660 1692 835 1754 rhetoribus.
859 1692 941 1773 quod
956 1693 1071 1753 vidisse
1085 1694 1178 1753 Rothi
1196 1697 1335 1757 meritum

190 1803 251 1869 est;
283 1793 339 1853 sed
370 1814 430 1852 non
455 1812 553 1853 ausus
576 1800 623 1851 cst
645 1794 770 1870 vulgato
801 1795 871 1855 lihri
902 1795 1013 1854 edendi
1039 1793 1128 1855 modo
1151 1797 1331 1859 abscedere.

190 1896 274 1955 cuius
290 1896 511 1957 inconstantiae
528 1894 684 1953 excusatio
700 1895 732 1953 in
744 1907 849 1976 aperto
864 1909 920 1960 est.
954 1920 1064 1979 nempe
1075 1901 1243 1976 argnrmenti
1257 1901 1334 1959 alte·

188 1998 251 2057 rius
265 1999 343 2071 vim,
359 1996 441 2077 quod
456 2016 474 2056 a
489 1994 634 2055 librorum
651 1998 833 2058 auctoritate
846 2002 913 2081 ipse
929 2021 1050 2081 quoque
1066 2001 1190 2079 petivit,
1209 2021 1270 2059 non
1286 2021 1334 2060 se·

188 2102 226 2160 tis
251 2100 426 2179 perspicere
446 2106 581 2178 poterat,
605 2098 656 2179 qui
681 2099 798 2159 nullum
818 2100 917 2161 bonae
942 2110 1035 2161 notae
1054 2101 1162 2160 librum
1182 2101 1335 2175 conlatum

188 2200 325 2261 haberet.
348 2203 380 2261 iu
398 2199 508 2279 quibus
524 2200 615 2259 etiam
627 2199 754 2259 alterum
769 2204 907 2262 veritatis
922 2203 1068 2261 indicium
1087 2202 1333 2281 deprehenditur.

188 2303 452 2381 grammaticorum
478 2303 559 2363 euim
581 2311 613 2361 et
632 2300 786 2362 rhetorum
807 2303 925 2363 indices
949 2305 1034 2363 initio
1057 2303 1126 2362 libri
1140 2306 1232 2383 positi
1247 2313 1332 2363 suut:

188 2404 271 2485 qnod
282 2424 355 2464 sane
371 2424 432 2463 uon
443 2411 565 2483 poterat
575 2403 642 2462 fieri
658 2405 684 2463 si
699 2405 853 2465 rhetorum
866 2415 897 2465 et
910 2407 1174 2482 grammaticorum
1188 2406 1334 2467 historiae

189 2508 339 2586 separatis
363 2505 501 2586 partibus
516 2514 665 2565 tractatae
681 2516 793 2567 essent.
832 2528 893 2587 qna
907 2526 940 2566 rs
957 2506 1100 2566 iudicium
1116 2508 1208 2567 etiam
1227 2506 1266 2566 de
1283 2525 1333 2566 ce·

187 2609 262 2668 teris
276 2609 415 2689 pertibus
427 2606 600 2685 ambiguum
616 2606 682 2667 tieri
697 2629 828 2669 necesse
839 2617 895 2671 est.
921 2628 992 2667 nam
1007 2628 1069 2667 non
1084 2608 1175 2668 video
1193 2626 1252 2688 quo
1268 2609 1333 2668 iure

187 2710 317 2769 Rothius
328 2730 382 2789 pro
396 2718 479 2768 certo
493 2707 699 2769 adfirmaverit
714 2720 837 2790 praeter
849 2710 1044 2789 superstitem
1055 2709 1165 2768 librum
1181 2708 1219 2768 de
1234 2730 1332 2787 gram

186 2813 305 2871 matieis
328 2820 358 2871 et
377 2809 547 2870 rhetoribus
570 2820 688 2871 ceteros
709 2812 844 2890 singulos
863 2811 957 2871 libros
975 2812 1089 2873 fuisse.
1117 2811 1258 2892 equidem
1279 2831 1332 2871 ne·

187 2933 247 2995 que
264 2913 437 2993 praefracte
452 2913 592 2989 negantis
610 2930 709 2993 neque
725 2923 840 2973 cenom
855 2912 1042 2974 adfirmantis
1058 2921 1161 2993 partes
1177 2913 1333 2992 suscipere

187 3013 303 3087 audeo,
320 3021 354 3072 ut
367 3014 447 3073 hanc
461 3034 525 3073 rem
535 3016 568 3074 in
578 3013 695 3077 incerto
707 3015 881 3095 relinquere
894 3015 1006 3076 malim.
1032 3035 1134 3096 neque
1147 3017 1244 3093 magis
1261 3035 1331 3075 con·
1383 3056 1395 3069 .

97 3174 108 3193 ‚
188 3124 249 3174 stat
263 3114 419 3174 deordinc
434 3136 494 3195 quo
509 3117 648 3194 singulae
663 3125 766 3195 partes
784 3136 817 3175 se
837 3118 1025 3196 exceperint.
1055 3136 1176 3176 sensum
1190 3137 1291 3176 meum
1306 3117 1333 3175 si

187 3236 312 3296 sequor,
344 3236 404 3276 non
434 3216 623 3296 inprobabile
654 3226 702 3277 est
715 3225 881 3295 *poctarum
902 3219 983 3276 vitas
1007 3218 1104 3296 primo
1125 3218 1193 3277 loco
1214 3219 1331 3297 positas

185 3318 291 3378 fnisse.
318 3338 388 3378 nam
406 3326 438 3377 ut
453 3320 484 3378 in
501 3320 629 3397 singulis
641 3318 780 3399 partibus
791 3318 971 3378 Suetonium
986 3317 1129 3377 inlustres
1146 3320 1228 3378 viros
1244 3317 1331 3377 chro-

130 3418 135 3429 '
186 3419 327 3497 uologico
345 3419 451 3479 ordine
470 3440 665 3480 enumerasse
684 3419 824 3498 exemplo
839 3417 911 3477 libri
926 3417 964 3477 de
980 3420 1186 3495 grammaticis
1211 3427 1242 3478 et
1262 3418 1330 3477 rhe-

186 3519 301 3580 toribus
325 3519 468 3580 ducemur
490 3523 534 3581 ita
553 3521 794 3601 antiquissimum
816 3519 984 3578 litterarum
1000 3515 1205 3581 Romanarum
1223 3539 1329 3596 genus,

187 3621 271 3681 cuius
286 3631 427 3683 auctores
443 3622 515 3682 inde
533 3644 552 3682 a
566 3624 636 3682 Livi
654 3621 822 3681 Andronici
838 3609 939 3680 aetate
955 3640 974 3678 a
989 3620 1137 3679 Suetonio
1152 3621 1331 3679 inlustratos

185 3722 281 3785 fuisse
299 3725 425 3794 scimus,
454 3725 610 3803 aptissime
630 3724 727 3801 primo
752 3724 819 3783 loce
843 3721 1062 3781 coulocaverit.
1100 3729 1207 3799 pectas
1228 3730 1331 3782 autem
1384 3762 1391 3775 .

188 3831 324 3884 oratores
346 3826 506 3904 excepisse
526 3826 593 3885 veri
610 3825 708 3884 simile
725 3833 791 3897 est,
814 3843 941 3904 quorum
961 3841 1071 3899 agmen
1088 3842 1148 3880 uon
1169 3822 1262 3901 prisci
1285 3825 1330 3885 illi

186 3923 281 4002 Appii
303 3925 435 3985 Gracchi
458 3925 592 3986 Catones
615 3925 755 3985 duxerint
775 3925 830 3984 sed
852 3943 985 3984 summus
1013 3924 1205 4003 eloquentiae
1225 3935 1331 4006 auctor

188 4023 306 4084 Cicero.
347 4024 458 4087 deiude
472 4027 556 4087 haud
572 4027 635 4086 seio
654 4048 693 4086 an
710 4029 808 4086 secuti
824 4026 884 4085 sint
898 4025 1051 4097 historici,
1073 4025 1128 4085 hos
1144 4026 1328 4108 philosophi.

186 4122 293 4184 ultimo
305 4134 417 4203 ¹autem
438 4128 505 4188 loco
526 4138 645 4208 partem
668 4126 822 4188 residuam
842 4126 972 4205 positam
993 4126 1090 4185 fuisse
1107 4137 1196 4188 -oerto
1216 4128 1328 4189 indicio

189 4227 316 4304 contigit
329 4236 364 4287 ut
378 4229 625 4309 conprobaretur.
654 4229 714 4288 hue
729 4227 833 4288 redeo.

276 4326 347 4406 Qus
366 4349 440 4390 vero
452 4331 582 4392 ratione
601 4331 767 4391 Suetonius
786 4330 817 4389 in
842 4330 917 4408 ipsis
935 4327 1008 4388 libri
1026 4329 1165 4410 partibus
1183 4348 1256 4389 usus
1276 4329 1326 4402 sit,

189 4427 321 4489 divinari
348 4431 423 4492 licet
451 4452 490 4492 ex
519 4452 557 4492 ea
588 4452 667 4513 quse
698 4439 832 4492 aetatem
862 4430 948 4505 tulit,
989 4430 1028 4490 ad
1060 4432 1145 4491 cuius
1172 4428 1329 4510 exemplar

241 4545 361 4582 suarem
379 4546 442 4582 rur..
1082 4529 1124 4591 24
