3186 4996
703 450 746 491 nn
770 450 886 492 nosris
1326 433 1366 496 35
1419 471 1426 482 ·

224 590 426 609 —h——n

306 695 398 761 Haec
418 693 593 759 Suetonius
612 694 834 782 Tranquillus.
866 718 939 759 nam
957 696 1038 761 duos
1061 697 1231 762 Terentios
1254 708 1367 784 poetas

222 781 325 844 luisse
352 780 468 843 scribit
486 780 649 861 Maecius,
681 803 818 867 quorum
842 783 924 846 alter
945 780 1161 865 Fregellanus
1184 782 1283 846 fucrit
1305 781 1368 846 Te-

222 866 347 929 rentius
371 864 470 945 Libo,
493 864 576 928 alter
597 864 769 929 libertinus
793 865 967 930 Terentius
989 867 1072 930 Afer
1095 868 1215 953 patria,
1239 866 1279 929 de
1325 890 1367 933 uo

213 971 308 1013 nunc
330 948 501 1035 loquimur.
539 949 702 1035 Scipionis
724 949 854 1014 fabulas
879 949 1023 1014 edidisse
1045 950 1235 1015 Terentium
1262 890 1369 1029 Jeldal-

199 1033 328 1118 elegius
350 1035 384 1096 in
403 1034 532 1098 actione
554 1034 614 1097 ait:

367 1142 466 1213 'Tuae
485 1172 569 1237 quae
592 1160 751 1215 uocantur
772 1151 921 1234 tabulae,
942 1152 1078 1216 cuiaene
1101 1163 1190 1235 sunt,

373 1234 531 1298 Terenti?
554 1257 618 1300 non
640 1236 716 1318 has,
738 1237 810 1300 iura
833 1238 888 1322 qui
905 1236 1038 1323 populis
1062 1236 1177 1317 dabat,

374 1319 506 1384 Summo
529 1318 585 1384 ille
605 1319 727 1385 honore
748 1321 901 1403 affectus,
925 1322 1004 1385 feeit
1027 1322 1183 1386 fabulas?

222 1436 306 1502 duae
328 1436 371 1500 ab
399 1436 600 1522 Apollodoro
628 1437 807 1502 translatae
830 1459 903 1502 esse
930 1438 1082 1503 dicuntur
1104 1441 1244 1523 comico,
1266 1439 1366 1506 Phor·

187 1523 287 1585 nomio
315 1530 348 1584 et
376 1520 523 1607 Hecyra:
554 1533 693 1608 quatuor
720 1521 865 1609 reliquae
894 1545 914 1585 a
941 1523 1132 1588 Menandro.
1175 1547 1217 1587 ex
1269 1527 1366 1590 uibus

222 1628 341 1691 magno
369 1619 582 1670 successu‘et
609 1608 714 1693 pretio
743 1609 832 1671 stetit
857 1607 1036 1672 Eunuchus
1063 1607 1189 1672 fabula:
1267 1632 1366 1697 scyra

120 1760 123 1765 ,
222 1712 320 1777 saepe
343 1689 493 1771 exclusa,
517 1691 576 1754 uix
598 1700 671 1755 acta
695 1699 755 1755 est.

308 1831 484 1888 Srtbierimas
501 1834 725 1905 discrepantiam
742 1836 923 1905 scripturae:
952 1845 964 1895 Ι
986 1833 1053 1892 ileo
1070 1837 1093 1891 Z
1107 1829 1120 1914 Η
1134 1835 1230 1893 Tran.
1254 1827 1306 1915 Gli
1322 1843 1365 1893 te·

222 1915 336 1974 rentias
349 1917 403 1971 AB
417 1908 431 1995 Η
446 1922 463 1973 ‘2
478 1914 615 1974 Maccius
629 1918 834 1975 Fleckeisennr
849 1921 921 1975 conl.
940 1921 1068 1975 Bentleio
1085 1924 1114 1976 r'n
1129 1920 1202 1976 Hor.
1221 1929 1276 1975 art.
1289 1929 1364 1992 poet.

223 2006 298 2068 357,
325 2002 483 2056 Weielrcrto
503 2002 581 2057 Post.
598 2005 647 2058 Int.
666 2006 717 2058 ret.
730 2020 761 2073 p.
784 2008 842 2065 334
860 2019 920 2074 sqq.
937 2001 1065 2060 maetius
1079 2008 1114 2060 A.
1131 2004 1239 2061 metius
1255 2007 1344 2061 ceteri
1357 1998 1366 2081 Η

222 2083 409 2160 fregellanns
424 2084 511 2141 ΒΕΖ.
527 2084 715 2161 fragellauns
733 2087 792 2143 BC.
807 2085 1006 2161 fragellianus
1024 2090 1057 2144 G.
1071 2087 1253 2164 flagellanus
1268 2091 1300 2143 Α.
1313 2087 1365 2145 flo-

222 2168 362 2245 gellanus
378 2171 406 2225 F
423 2161 436 2247 Η
457 2168 556 2228 fuerat
572 2170 624 2227 BC
636 2164 650 2248 Η
665 2170 813 2228 terentius
825 2169 886 2227 libo
900 2174 964 2239 AF,
986 2172 1026 2227 St.
1041 2171 1077 2228 T.
1091 2171 1153 2229 libo
1172 2174 1206 2229 G.
1220 2172 1367 2229 terentius

222 2252 349 2310 libertus
367 2246 482 2334 cererin
498 2262 516 2315 3
534 2253 573 2311 Τ.
602 2254 679 2313 Aser
702 2247 785 2333 Gllt
807 2253 941 2312 fabulam
968 2256 1024 2311 ΕΖ.
1050 2254 1169 2313 fabulas
1193 2258 1297 2324 ceteri,
1317 2257 1370 2312 secl

223 2357 237 2395 s
252 2342 282 2394 in
298 2354 357 2394 ras.
374 2340 402 2394 F
415 2332 429 2416 Η
443 2339 605 2396 terentium
622 2342 660 2408 Α,
678 2342 741 2396 Ant.
761 2338 800 2395 T.
818 2342 851 2395 G.
867 2338 1013 2396 terentius
1028 2344 1118 2397 ceteri
1131 2334 1144 2418 Η
1159 2339 1308 2415 uallcgius
1325 2343 1368 2395 Aa

223 2425 256 2479 F.
273 2421 427 2499 uallegius
443 2424 494 2479 Ab.
518 2422 656 2499 ualcgius
679 2427 782 2492 ceteri,
807 2427 871 2479 item
895 2427 988 2481 codex
1010 2424 1250 2481 ‘vetustissimas'
1275 2425 1369 2480 Italas

223 2510 341 2564 Barthir'
355 2510 473 2566 Advers.
493 2522 530 2571 rr,
550 2514 597 2565 26.
619 2507 747 2583 Valgius
767 2511 918 2565 Erasmus.
936 2506 1078 2567 Valerius
1095 2512 1259 2566 dubitanter
1274 2509 1367 2565 Henr.

223 2594 335 2648 Ir'eilins
361 2592 481 2663 Ephem.
504 2594 554 2649 litt.
578 2593 646 2648 Hal.
663 2611 689 2649 a.
708 2598 784 2650 1819
804 2613 838 2649 m.
865 2594 954 2650 Mart.
975 2612 1005 2666 p.
1030 2599 1090 2651 470
1104 2586 1118 2673 Η
1133 2594 1164 2651 in
1183 2593 1303 2651 actione
1326 2594 1367 2661 St,

225 2678 379 2745 Bortinae,
411 2684 438 2732 ct
459 2684 509 2733 aia
529 2680 571 2734 sie
592 2685 642 2733 nat
663 2676 694 2733 in
726 2676 927 2741 translatione
956 2678 1086 2751 Vnpcrus
1105 2682 1140 2736 de
1165 2679 1257 2751 Vulpis·
1274 2695 1366 2750 poem.

219 2774 251 2834 p.
279 2767 341 2817 160.
366 2765 436 2817 143.
457 2758 609 2819 inactiona
632 2764 666 2818 Α.
687 2755 808 2820 natione
833 2764 868 2818 E.
892 2763 1015 2820 natione
1038 2766 1128 2820 ceteri
1150 2782 1214 2820 cnm
1235 2764 1319 2819 Italo.
1336 2760 1368 2818 in

224 2845 363 2902 Acteone
387 2847 539 2903 Erasmus
562 2846 593 2903 in
613 2844 765 2903 Auctione
793 2848 922 2920 Sctdr'per
942 2840 955 2927 Η
981 2854 1069 2908 6-8
1084 2850 1147 2905 Non
1173 2851 1243 2903 satis
1265 2849 1367 2903 horam

223 2933 380 2987 emendatio
397 2932 439 2986 aet
453 2932 599 3003 Scatiyero
612 2935 748 2988 suecessit
762 2936 805 2988 aet
815 2933 967 3004 Rittpcrsr'o
983 2932 1051 2987 t'ar.
1064 2934 1164 2999 lectt,
1178 2937 1196 2987 7
1211 2934 1255 2987 vet
1270 2933 1367 2987 iambi·

222 3032 272 3071 eos
287 3020 469 3071 tetrametros
482 3019 703 3071 comminr'scenti
718 3017 839 3073 Bortltio
852 3019 896 3072 nel
916 3016 1028 3088 Vnpero
1039 3034 1071 3087 p.
1090 3021 1145 3071 158
1158 3018 1202 3072 vel
1216 3016 1309 3071 Kellia
1325 3008 1337 3095 Η
1352 3022 1369 3076 6

222 3099 310 3156 'hiae
331 3100 600 3156 thcttsrttmannas
615 3103 643 3156 in
667 3101 810 3157 tt'etctceri
825 3101 982 3173 Naelrr'r'qac
1003 3101 1078 3156 Mar.
1102 3101 1238 3165 Rheni,
1254 3117 1287 3171 p.
1305 3105 1367 3166 113,

223 3189 287 3241 item
306 3185 424 3240 Keitr'ns.
445 3181 503 3241 hae
518 3187 583 3241 libri
596 3203 659 3241 cant
675 3186 726 3251 It,
746 3189 801 3241 nr’si
813 3189 890 3258 qaod
901 3184 940 3242 he
957 3186 1008 3241 BZ
1026 3178 1040 3264 Η
1062 3191 1078 3245 6
1093 3203 1150 3262 quo
1170 3185 1223 3239 ΒΖ
1234 3176 1249 3264 Η
1265 3182 1368 3240 sabulo

224 3260 326 3325 BCDZ
339 3260 352 3346 Η
369 3265 494 3325 euiacne
517 3276 586 3326 sunt
604 3271 733 3326 Bothins.
756 3270 843 3327 cuiae
866 3278 935 3327 sunt
951 3272 1044 3336 AEG‚
1064 3271 1101 3325 lt.
1118 3268 1225 3342 cuiuae
1248 3275 1317 3324 sunt
1332 3270 1366 3324 F.

224 3353 291 3410 onie
313 3360 383 3410 snut
395 3356 492 3410 ceteri.
509 3353 593 3411 cuius
610 3362 680 3411 sunt
696 3354 736 3410 St.
757 3353 841 3411 euius
857 3362 941 3425 sunt,
963 3352 1039 3411 cedo
1053 3356 1125 3410 coni.
1143 3355 1301 3420 Erasmus,
1318 3350 1368 3408 dic

224 3438 310 3495 cuius
324 3444 394 3493 sunt
412 3432 658 3518 Oudendorpiasll
673 3445 688 3499 7
703 3437 853 3495 Terenti?
869 3457 929 3496 non
942 3437 1012 3510 has,
1024 3439 1091 3495 iura
1109 3437 1160 3516 qui
1180 3435 1299 3514 populis
1315 3434 1367 3493 da·

222 3519 277 3579 bat
295 3522 473 3578 Bitscttelins.
503 3538 563 3579 non
579 3521 635 3580 lias
657 3523 709 3601 qui
729 3523 795 3580 iura
816 3522 936 3600 populis
959 3521 1126 3580 rotantibus
1146 3518 1239 3578 dabat
1255 3522 1294 3588 Α,
1319 3523 1371 3576 scel

222 3605 370 3665 terentius
385 3607 426 3661 At>
438 3624 509 3681 mrp.
525 3627 586 3665 non
603 3606 659 3664 lias
679 3607 730 3686 qui
748 3608 814 3665 iura
829 3606 948 3687 populis
964 3604 1192 3664 recensentibus
1210 3601 1302 3661 dabat
1322 3621 1368 3661 ce·

143 3733 150 3743 .
224 3696 290 3758 teri,
305 3694 361 3748 niti
378 3693 455 3763 qnod
469 3711 539 3749 nura
562 3693 616 3761 It,
641 3691 744 3769 populi
763 3694 827 3762 ΕΖ,
852 3689 1076 3750 recentionibus
1095 3692 1133 3747 It.
1152 3688 1222 3746 Non
1244 3686 1301 3745 lias
1316 3688 1368 3767 qni

223 3777 290 3833 iura
316 3773 442 3833 Poblius
463 3775 604 3852 gentibus
627 3774 719 3834 dabat
751 3778 880 3849 Scotiper
905 3785 932 3833 et
953 3774 1078 3852 Poplius
1108 3772 1201 3832 dabat
1226 3772 1368 3847 gentibus

224 3871 417 3931 transponens
435 3862 645 3919 Fleckeisenas.
662 3859 747 3936 leges
762 3859 903 3937 gentibus
920 3863 963 3917 vet
983 3879 1071 3935 reges
1088 3856 1228 3934 gentibus
1244 3861 1273 3914 in
1291 3878 1369 3915 mon·

223 3954 284 4002 stro
297 3947 462 4016 scripturae
477 3950 567 4002 tatere
583 3948 736 4018 Ratpera'o
753 3951 856 4017 viatim,
874 3964 969 4021 regna
982 3942 1154 4002 nationibus
1175 3945 1304 4013 Bartltr'o,
1321 3962 1367 4001 re·

224 4027 312 4105 gibus
328 4028 379 4107 (ac
397 4030 533 4107 populis)
558 4033 659 4088 Keilio.
690 4050 791 4089 nonne
814 4049 878 4088 cnm
903 4031 1055 4103 Rntperaio
1075 4036 1243 4101 expetentes
1267 4032 1369 4085 redar-

222 4117 329 4188 queant
351 4114 480 4175 aeetias
511 4116 605 4172 Veter.
626 4117 686 4173 Cat.
707 4135 736 4188 p.
757 4122 811 4173 210
826 4108 871 4195 Η8
892 4114 1015 4174 Samnio
1035 4113 1088 4171 ille
1106 4115 1220 4171 honore
1241 4114 1368 4169 Ritacne-

224 4202 288 4256 tias.
307 4217 422 4257 summo
438 4198 634 4257 honoratiori
647 4218 711 4257 cara
725 4202 778 4269 Ia,
795 4204 851 4256 nisi
863 4202 940 4272 qaod
954 4217 1038 4256 salmo
1056 4200 1091 4256 B.
1109 4198 1234 4255 Honore
1252 4214 1368 4254 summo

129 4326 134 4331 -
224 4286 366 4341 Erasmus
381 4278 394 4361 Η
409 4282 529 4341 fabulas
548 4283 623 4341 fecit
637 4285 664 4340 D
678 4278 691 4363 Η
706 4294 723 4347 9
739 4283 797 4342 due
816 4286 866 4340 BZ
884 4281 897 4361 Η
919 4281 1118 4360 appollodoro
1141 4282 1227 4338 BOE.
1245 4277 1368 4357 appolo-

224 4367 299 4425 doro
321 4370 352 4425 Z.
375 4366 566 4446 Apollodoro
588 4366 707 4428 Caricio
725 4366 765 4445 (n.
783 4386 807 4425 e.
826 4366 980 4446 Carystio)
1008 4368 1070 4423 Vna
1091 4368 1155 4422 Ter.
1179 4366 1369 4420 Ambrosiaao

224 4453 304 4527 (add.
324 4454 470 4511 Rothiana
486 4456 516 4509 in
530 4454 606 4514 Mur.
628 4455 717 4512 aaa.
738 4473 767 4511 n.
781 4462 841 4515 ΧΗ,
859 4471 891 4526 p.
909 4456 995 4526 188).·
1010 4453 1102 4524 quade
1119 4450 1160 4522 cs.
1181 4449 1305 4520 Parerp.
1323 4449 1369 4505 Pt.

1122 4548 1166 4609 3*
