3220 5022
685 424 790 466 carvr
813 426 825 466 r
1264 408 1326 469 375

187 584 244 636 est.
282 575 437 655 quaeritur
453 576 513 636 iam
535 595 594 655 quo
610 575 677 633 loco
693 574 856 635 Suetonius
875 574 913 634 de
928 577 975 635 his
992 577 1227 655 disputationem
1241 579 1326 637 insti·

187 678 294 748 tuerit,
311 678 396 735 euius
409 674 468 733 duo
480 676 651 752 fragmenta
661 684 722 736 tarn
733 678 837 756 inepte
853 676 1027 737 conlocavit
1037 677 1213 737 Diomedes.
1241 680 1326 738 cuiue

187 788 221 838 ut
232 779 340 836 iterum
349 778 477 853 insignis
488 777 688 854 incogitantia
698 777 891 858 deprehensa
903 787 950 838 est
961 780 1004 838 ita
1015 779 1065 838 hic
1075 780 1163 859 quasi
1175 778 1326 860 quaedam

187 877 333 937 naturalis
349 877 521 956 benignitas
536 878 690 938 laudanda
706 877 842 952 videtur,
859 900 919 959 qua
936 878 1024 939 nobis
1043 881 1143 941 locum
1159 901 1326 942 commons-

188 982 292 1051 trarit,
320 978 372 1037 ubi
392 980 470 1038 haee
492 980 574 1059 apud
594 980 772 1040 Suetonium
793 981 978 1057 legerentur.
1012 1003 1083 1042 narn
1098 993 1259 1065 postquam
1276 1004 1326 1042 co·

187 1080 328 1140 moadiae
342 1080 500 1140 historiam
512 1082 556 1140 eic
571 1080 717 1141 absolvit:
740 1086 775 1141 ad
793 1086 838 1140 liis
854 1082 915 1163 (sc.
930 1082 1100 1144 Menandro
1111 1086 1237 1164 Diphilo
1254 1085 1326 1144 Phi-

188 1182 290 1261 mone)
314 1185 440 1241 Romani
461 1184 580 1256 [otniae
602 1186 814 1242 transtulerunt
834 1192 863 1241 ct
886 1193 998 1243 constat
1019 1190 1100 1258 apud
1119 1191 1183 1246 illos
1201 1192 1327 1260 primum

188 1289 291 1343 Latino
315 1302 446 1342 sermone
459 1278 631 1342 comoediam
656 1287 768 1341 Liuium
784 1286 979 1345 Andronicum
996 1292 1154 1361 scripsisse.
1189 1296 1257 1346 suni
1278 1293 1329 1361 qui

187 1391 274 1443 uelint
289 1389 496 1459 Epicharmium
509 1392 538 1444 in
560 1387 613 1446 Coo
630 1389 726 1445 insula
741 1391 907 1446 exulantem
918 1393 1047 1461 primum
1062 1391 1250 1449 aaarcarnan
1263 1390 1327 1462 sre-

186 1496 339 1562 qneniosse
349 1496 376 1545 et
390 1492 431 1547 sic
441 1509 459 1545 a
473 1490 527 1546 Coo
538 1492 711 1547 comoediam
724 1492 782 1546 dici
791 1488 885 1568 (qnae
897 1490 1072 1549 comoediae
1085 1489 1246 1567 originatio
1258 1491 1326 1548 ned·

83 1656 86 1667 ,
187 1589 234 1648 cio
246 1610 305 1668 quo
318 1588 405 1648 modo
417 1589 477 1648 hue
488 1591 626 1668 inrepsit,
641 1609 708 1649 cnm
719 1590 762 1649 ad
773 1591 930 1671 superiora
941 1590 1107 1670 pertineat)
1119 1590 1197 1649 haec
1207 1588 1327 1649 -vide

187 1691 261 1761 mihi
273 1692 451 1755 coneirmam
463 1690 634 1750 disserendi
642 1692 806 1751 rationem
814 1692 945 1753 -additz
958 1702 1044 1752 antea
1056 1697 1153 1767 itaquo
1162 1695 1328 1768 palearibus

186 1810 243 1853 non
260 1798 396 1868 per-soma
417 1797 587 1864 utebantur,
611 1803 643 1851 nt
669 1798 795 1867 oriolium
816 1799 921 1853 eoloris
936 1799 1072 1854 indicium
1084 1797 1200 1870 faceret
1213 1798 1326 1881 aetatis,

185 1915 249 1955 cum
267 1905 361 1954 esseut
379 1903 430 1953 aut
444 1898 502 1952 aiii
517 1903 568 1953 aut
585 1899 663 1970 nipri
674 1895 725 1954 aut
744 1900 810 1969 rufi.
847 1902 980 1970 personis
998 1915 1065 1955 aero
1084 1900 1127 1954 nti
1137 1900 1250 1968 primus
1264 1911 1327 1953 aaa·

182 2001 227 2070 pit
242 2000 365 2056 Roscius
386 1990 485 2055 Gallus
502 2002 684 2070 praecipuus
701 2002 802 2057 histrio
822 2001 900 2072 qnod
919 2000 1009 2057 aenio
1025 2002 1172 2070 peruersis
1189 2004 1254 2053 crat
1275 2012 1328 2053 nee

185 2104 257 2157 rutis
271 2104 393 2157 decorus
403 2102 465 2156 sine
481 2102 615 2171 personis
632 2103 689 2157 nisi
698 2103 851 2172 parasitus
863 2101 1079 2171 pronuntiabat.
1109 2095 1190 2176 quod
1206 2096 1328 2155 tertium

187 2199 324 2259 eiusdem
347 2200 518 2276 argumenti
536 2200 738 2276 fragmentum
754 2219 823 2258 esse
839 2200 976 2279 adparet.
1007 2199 1067 2258 hoc
1081 2206 1182 2256 autem
1197 2196 1238 2255 ibi
1253 2216 1327 2255 casu

186 2300 325 2361 relietum
339 2309 429 2379 puto,
456 2300 508 2360 uhi
522 2308 588 2360 tota
602 2301 679 2360 haec
694 2301 834 2379 quaestio
849 2320 868 2358 a
889 2301 1034 2385 Suetonio
1049 2306 1237 2377 pertractet-a
1252 2304 1326 2354 erat.

186 2422 257 2462 nam
277 2410 348 2481 apte
370 2402 415 2461 eis
439 2421 518 2480 quae
540 2401 579 2461 de
598 2401 756 2460 comoedia
779 2410 809 2460 et
835 2400 994 2478 tragoedia
1018 2400 1100 2459 dicta
1116 2408 1204 2458 eraut
1220 2398 1327 2476 paucis

187 2505 318 2563 fortasse
338 2504 525 2581 interpositis
542 2522 621 2582 quae
642 2504 812 2562 faciliorem
827 2504 986 2563 transitum
1001 2503 1140 2561 facerent
1158 2499 1328 2560 succedunt

186 2606 278 2665 haee:
306 2609 440 2663 dramata
459 2614 554 2663 autem
570 2609 706 2663 dicantur·
726 2610 839 2680 tropica
857 2610 900 2664 ito
921 2614 953 2663 nt
974 2608 1082 2664 comica
1104 2623 1128 2662 e.
1147 2623 1177 2682 q.
1193 2623 1217 2663 s.
1248 2622 1327 2681 quae

188 2706 378 2784 excipiuntur
404 2704 485 2783 apud
509 2704 693 2767 Diomedem
712 2705 970 2785 disputatiuncula
989 2705 1028 2764 de
1050 2722 1246 2783 personarum
1272 2723 1326 2762 nu·

187 2826 286 2878 mero,
302 2825 382 2885 quac
396 2805 518 2867 maioris
535 2808 722 2886 quaestionis
733 2807 772 2866 de
784 2816 851 2868 arte
862 2808 1005 2868 scaenica
1016 2825 1087 2885 pare
1103 2804 1226 2866 residua
1243 2803 1328 2864 vide·

188 2916 245 2968 tur.
261 2907 349 2967 vides
364 2907 463 2967 eidem
476 2909 665 2968 restituenda
676 2929 744 2970 esee
761 2919 792 2971 ot
805 2910 899 2970 Rosci
915 2908 999 2969 Galli
1014 2907 1188 2966 memoriam
1203 2915 1235 2966 et
1248 2926 1326 2965 com·

188 3017 320 3068 mentum
337 3009 375 3069 de
394 3008 535 3069 membris
549 3011 771 3072 comoediarum
786 3022 861 3084 eta,
874 3009 983 3091 quibus
994 3009 1132 3091 reliquiis
1141 3017 1175 3066 ut
1184 3017 1327 3087 quartum

188 3113 392 3189 fragmentum
405 3111 527 3170 accedit
539 3111 784 3193 Hieronymiana
801 3114 934 3173 namatio
952 3113 990 3172 de
1005 3110 1134 3192 Pyladis
1150 3110 1284 3169 invento.

273 3215 315 3275 Vt
335 3215 390 3274 hae
413 3221 529 3275 tantum
550 3214 716 3293 particulas
736 3234 806 3274 esse
823 3233 862 3273 ex
886 3232 995 3290 magno
1013 3211 1173 3287 naufragio
1190 3218 1328 3271 servatas

189 3316 281 3376 facile
296 3315 501 3392 intellegitur,
522 3316 567 3373 ita
585 3316 666 3375 falsa
684 3326 730 3376 est
744 3314 929 3392 integritatis
946 3312 1082 3391 species,
1106 3331 1197 3390 quam
1211 3310 1329 3371 relicua

189 3436 264 3497 prae
287 3398 320 3477 se
347 3416 458 3476 ferunt.
495 3415 707 3475 desiderantur
729 3415 859 3477 enimin
883 3413 1088 3492 disputatione
1110 3410 1148 3471 de
1170 3411 1329 3488 tragoedia

191 3528 348 3578 auctorum
362 3520 500 3590 nomina,
524 3536 603 3596 quae
624 3536 744 3594 semper
761 3516 832 3575 addi
859 3515 968 3575 solent.
1010 3522 1103 3591 atque
1125 3534 1185 3592 quo
1207 3513 1327 3592 plenius

189 3620 270 3679 lmnc
284 3619 385 3679 locum
408 3620 439 3678 in
455 3619 499 3678 eis
515 3638 593 3697 quae
616 3617 654 3677 de
676 3616 834 3677 comoedia
854 3616 995 3675 dicuntur
1019 3622 1166 3673 executus
1189 3622 1237 3673 est
1252 3613 1328 3675 Sue·

191 3723 307 3796 tonius,
324 3741 363 3780 eo
376 3720 442 3781 veri
464 3720 498 3781 fit
515 3719 641 3778 similius
660 3719 693 3779 in
713 3718 871 3796 tragoedia
894 3715 1085 3776 inlustranda
1106 3735 1174 3775 eum
1193 3736 1255 3774 non
1274 3735 1327 3775 ne·
1414 3786 1424 3797 ·

190 3825 322 3902 gleetum
333 3824 438 3883 fuisse.
463 3841 522 3882 neo
538 3813 676 3881 dubitare
690 3821 764 3880 licet
779 3821 852 3900 quin
863 3819 944 3879 idem
956 3819 1071 3877 factuam
1081 3817 1121 3877 sit
1134 3818 1165 3877 in
1177 3832 1328 3877 commen·

191 3927 276 3986 tariis
292 3926 330 3985 de
343 3925 480 4004 satyrica
496 3932 527 3983 et
542 3923 662 3983 mimica
675 3922 770 4002 poesi.

276 4028 342 4089 Iam
363 4034 397 4084 ut
410 4027 533 4086 facilius
552 4024 675 4085 demea
696 4022 935 4085 reconcinnaudi
959 4042 1054 4101 opera
1067 4021 1212 4081 iudicium
1229 4021 1328 4096 lieret,

189 4133 319 4212 paginas
338 4151 422 4192 meas
437 4152 505 4191 cum
522 4131 643 4209 paginis
660 4125 819 4187 Diomedis
833 4124 969 4184 Keiliani
983 4124 1145 4202 conposui:

318 4256 349 4312 p.
365 4242 391 4306 4,
411 4245 529 4312 ll-p·
546 4244 572 4304 8,
593 4234 941 4308 lo=p.482,14-—29.

319 4358 350 4415 p.
366 4348 393 4409 5,
410 4344 527 4413 lii-p.
546 4341 572 4406 7,
588 4340 700 4411 8=p
715 4339 776 4404 487,
799 4339 911 4407 ll-p.
929 4334 990 4400 488,
1005 4335 1033 4387 2

270 4439 893 4516 'p.t,9—p.e,8=p.tsc,s-14.
1040 4422 1046 4431 “

905 4620 911 4651 l
