3194 5004
301 1137 412 1353 ru
447 1157 735 1356 viram
770 1235 1216 1357 rrrrrrrraru

298 1507 316 1545 ²
471 1502 1057 1601 COMMENTARIVS

389 1738 738 1823 FRIDERIOI
758 1739 1150 1823 RITSCHELII.

281 2099 319 2158 In
335 2099 398 2157 vita
414 2098 554 2157 Terentii
578 2095 773 2157 emendanda
789 2107 882 2177 atque
898 2096 1078 2156 adnotanda
1093 2097 1201 2178 quibus
1217 2102 1334 2160 Donati

199 2197 352 2258 codicibus
367 2191 439 2258 nsu's
455 2201 526 2272 sim,
547 2199 610 2258 dixi
625 2220 656 2277 p.
672 2207 706 2262 26
726 2198 795 2258 libri
810 2197 1109 2259 Reifferscheidiani.
1139 2202 1189 2260 De
1204 2202 1334 2280 singulis

197 2300 241 2359 sie
255 2299 377 2360 habeto.

282 2406 307 2459 Α
327 2402 572 2482 antiquissimus,
597 2401 636 2459 de
660 2421 718 2482 quo
742 2401 867 2481 quidem
883 2411 1016 2475 constet,
1040 2403 1243 2465 Parisinus
1266 2411 1336 2466 7920

199 2512 259 2577 est,
282 2505 404 2563 saeculo
421 2516 456 2562 xl
479 2505 510 2563 in
534 2501 717 2563 membranis
733 2505 878 2583 scriptas,
896 2504 967 2563 olim
983 2505 1043 2563 uisi
1059 2506 1234 2565 coniectura
1254 2505 1335 2565 fallit

198 2605 305 2664 lodoci
320 2605 410 2665 Badii
426 2606 585 2678 Aseeosii,
609 2604 647 2662 ab
669 2606 727 2665 boe
749 2624 865 2683 genero
888 2626 942 2665 sno
966 2604 1099 2666 donatus
1115 2605 1251 2666 Roberto
1268 2606 1335 2666 Ste-

198 2707 318 2785 phano,
349 2716 420 2786 post
449 2728 467 2765 a
495 2708 589 2765 Petro
612 2708 746 2767 Daniele
775 2726 946 2786 possessus.
990 2709 1062 2767 Non
1086 2709 1196 2786 exiguo
1219 2709 1245 2767 is
1268 2709 1335 2767 usui

198 2828 265 2867 cum
291 2791 420 2867 editioni
447 2808 679 2888 Steplranianae
706 2809 762 2868 fuit
787 2817 850 2867 tum
875 2808 1197 2869 Liadeubruchianae.
1241 2811 1335 2870 Prae·

197 2919 284 2970 terea
304 2911 370 2969 fieri
391 2919 494 2989 potest
514 2919 548 2970 ut
568 2911 628 2970 iam
654 2911 777 2971 saeculo
800 2921 846 2969 xv
873 2930 892 2969 a
913 2912 1052 2971 Terentii
1075 2912 1191 2973 editore
1218 2933 1280 2973 uno
1301 2891 1336 2970 et

198 3013 271 3072 item
286 3012 381 3072 altero
397 3012 554 3091 inspectus
569 3014 618 3073 sit.
630 3045 671 3055 -
682 3013 710 3070 E
726 3013 836 3071 ceteris
852 3011 1023 3086 codicibus,
1047 3034 1123 3093 quos
1144 3015 1266 3075 saeculo
1290 3025 1336 3071 xv

197 3108 326 3193 scriptos
343 3114 587 3174 noviciorum
601 3114 654 3174 vel
669 3113 855 3173 deteriorum
869 3116 995 3175 nomine
1010 3116 1209 3196 complector,

282 3219 309 3273 B
324 3217 397 3275 item
411 3216 612 3275 Parisinus
637 3224 683 3275 cst
704 3225 786 3289 7921,
810 3216 997 3277 chartaceus.
1033 3218 1202 3297 Vtrumque
1223 3235 1336 3293 magna

198 3339 263 3378 cum
285 3338 357 3377 cura
375 3316 526 3376 Ludovici
548 3317 653 3376 Rothii
675 3337 783 3377 caussa
804 3317 934 3377 Iacobus
955 3318 1150 3377 Hunaikerus
1172 3317 1335 3376 Helvetius

198 3421 341 3480 contulit:
361 3418 445 3478 uude
462 3418 700 3497 discrepantiam
715 3419 883 3495 scripturae
899 3438 1019 3477 omnem
1034 3418 1163 3477 Rothius
1179 3419 1211 3476 iu
1226 3419 1335 3479 Museo

198 3523 304 3602 philol.
320 3521 472 3580 Rhenano
497 3519 633 3578 exhibuit
655 3519 716 3578 vol.
732 3531 783 3577 xl!
808 3516 947 3596 (a.1857)
969 3539 999 3598 p.
1019 3527 1068 3582 174
1082 3540 1167 3600 sqq.‚
1190 3519 1336 3579 selectam

197 3625 230 3683 in
245 3622 440 3703 praefatione
458 3620 597 3680 Suetonii
616 3621 743 3699 Lipsiae
760 3620 844 3699 apud
858 3621 895 3679 B.
912 3620 950 3681 G.
967 3620 1164 3691 Teubnerum
1179 3641 1206 3680 a.
1232 3629 1298 3683 1858
1318 3640 1337 3678 a

197 3745 231 3785 se
248 3725 322 3785 editi
338 3746 369 3804 p.
386 3734 494 3781 Lxxlx
511 3742 557 3801 sq.
594 3720 730 3781 Eosdem
750 3731 853 3781 autem
873 3721 995 3781 codices
1019 3743 1085 3782 cum
1107 3723 1224 3802 aliquot
1245 3723 1336 3781 annis

199 3836 270 3885 ante
291 3825 464 3886 Ludovicus
488 3822 669 3902 Schopenus
697 3831 817 3897 noster,
844 3822 915 3882 dum
935 3824 1061 3883 Parisiis
1084 3823 1185 3901 degit,
1212 3844 1282 3883 snos
1304 3824 1336 3881 in

198 3948 269 3989 usus
285 3928 435 3987 consolita
456 3925 619 4003 diligentia
635 3926 819 3985 excussisset
839 3926 966 4004 eiusque
988 3925 1186 3998 conlationis,
1209 3946 1270 4005 qua
1291 3933 1338 3983 est

199 4038 230 4088 et
250 4020 434 4088 libelalitate
458 4037 488 4088 et
511 4027 652 4087 comitato
675 4046 798 4106 prorsus
821 4026 960 4099 amabili,
984 4027 1103 4106 copiam
1125 4027 1197 4085 milri
1221 4027 1337 4085 faceret

200 4130 473 4208 exoptatissimam:
498 4130 555 4189 etsi
579 4128 731 4188 derebus
755 4128 911 4208 plerisque
934 4128 1008 4187 satis
1036 4129 1118 4187 iuter
1142 4128 1358 4206 Sebopeuum.

127 4308 129 4311 ι
198 4231 471 4312 Hunaikerumque
488 4231 654 4291 convenire
671 4230 818 4308 cognovi,
842 4238 945 4288 tamen
969 4229 1119 4308 quaedam
1143 4227 1383 4325 offendebam.
1442 4290 1445 4295 ,

198 4332 326 4391 molesto
348 4334 588 4393 testimoniorum
611 4331 741 4391 discidio
764 4340 823 4391 tam
844 4330 985 4408 ambigua
1006 4340 1038 4390 ut
1059 4352 1122 4389 non
1142 4330 1337 4389 mediocriter

198 4434 392 4494 haesitarem.
435 4437 500 4495 Ilos
523 4436 614 4513 igitur·
636 4435 794 4513 scrupulos
816 4441 849 4491 ut
872 4432 911 4490 do
934 4431 1036 4491 medio
1060 4451 1165 4491 omnes
1187 4432 1336 4503 tollerem,

252 4568 371 4604 seuram
390 4567 453 4601 aaa.
732 4615 742 4632 ι
1095 4532 1130 4593 31
