3200 4992
198 440 203 454 r
247 412 306 474 150
366 492 369 500 Ι
747 428 879 469 enarra

244 596 414 663 usquequo
432 575 545 639 ueniat
566 575 607 639 ad
630 595 791 639 occasum.
835 576 942 662 spatia
961 573 1027 639 diei
1049 573 1113 639 duo
1136 583 1212 639 sunt
1233 573 1389 639 interdia-

244 699 320 742 num
341 688 373 741 et
390 686 600 754 nocturnum,
624 685 656 740 et
678 685 728 741 est
744 675 814 740 dies
834 676 988 740 horarum
1009 674 1150 739 XXIIII
1172 676 1311 763 spatium
1334 697 1389 769 au·

246 877 368 941 δύσεως·
403 874 478 932 καθ’
502 875 599 947 ἕτερον
623 875 655 931 dl
677 873 785 947 τρόπον
811 874 905 947 ἡμέρα
927 877 1038 947 λέγεται
1063 873 1164 962 χρόνος
1188 872 1203 932 ὁ
1226 872 1283 947 ἄρ’
1306 874 1389 948 ἡλίου

245 945 387 1016 α’νατολῆς
410 945 508 1015 μέχρις
531 942 615 1024 ἠλίρυ
633 937 723 1008 αὖθις
741 941 892 1031 οἱνατολρς.
904 937 912 957 ’
924 944 981 1000 ἔστι
1001 943 1033 999 δὲ
1056 943 1148 1015 ημίρα
1166 942 1238 999 κατὰ
1257 942 1307 1028 πρὶν
1326 942 1389 1026 δερ-

245 1034 328 1081 τερον
352 1010 459 1081 τρόπον
482 1017 533 1068 rori
559 1032 667 1083 κοσμου
694 1031 870 1083 περιστροφρ
898 1015 947 1068 καὶ
975 1016 1025 1099 τῆς
1053 1016 1239 1082 περιφερείας
1262 1034 1300 1089 qv
1323 1008 1389 1083 όη-

245 1088 305 1143 λιος
328 1084 494 1152 μεταβαίνει
517 1077 694 1163 όπενανρίως
718 1077 885 1150 κινούμενος
913 1084 952 1149 τῷ
973 1100 1068 1149 ιιοσμῳ
1097 1077 1127 1166 ἐχ
1151 1084 1187 1150 τῇ
1214 1084 1389 1151 περιστροφῇ

246 1153 298 1203 τοῦ
320 1147 429 1219 κόσμου
449 1189 548 1203 ......
568 1146 699 1203 autad}
723 1146 774 1202 τόν
796 1145 932 1215 δεύτερον
954 1146 1060 1217 τρόπον
1084 1169 1133 1217 της
1152 1147 1316 1216 διαιρέσεως
1334 1151 1390 1202 τῶν
1428 1172 1432 1180 ·

245 1213 361 1288 ἡμερῶν
383 1213 433 1271 τὸν
451 1214 504 1286 μὲν
526 1219 604 1287 μῆνα
622 1216 741 1286 λέγομεν
760 1213 836 1271 εἶναι
855 1212 969 1286 ἡμερῶν
986 1213 1019 1285 λ’,
1044 1213 1095 1270 τὸν
1114 1214 1146 1270 dl
1171 1211 1304 1270 ἐνιαυτόν
1323 1210 1390 1286 ἠμε-

246 1322 304 1387 ρσΞν
320 1306 397 1422 ege}
429 1316 486 1373 ἔστι
509 1315 542 1372 δὲ
561 1314 593 1372 τό
610 1315 829 1388 συναμφότερον
851 1314 903 1384 νύξ
926 1320 976 1372 καί
999 1312 1093 1387 ἡμέρα
1112 1314 1214 1386 χρόνος
1232 1311 1313 1385 ὁρῶν
1329 1315 1389 1385 κδ’,

246 1432 396 1507 ίοημεριυὴ
416 1434 448 1490 dl
466 1429 526 1504 όρα
543 1433 575 1490 τό
590 1407 627 1524 ἔρ
645 1434 730 1506 μέρος
748 1439 799 1491 τοῦ
817 1433 921 1506 χρόνον
944 1438 996 1490 τοῦ
1014 1433 1211 1506 συναγομένου
1233 1429 1264 1490 ἐκ
1289 1433 1390 1499 νυκτός

247 1538 297 1593 καὶ
317 1534 435 1608 ἡμέρας.
465 1543 591 1607 Hyginus
610 1544 641 1592 P.
661 1542 694 1590 Α.
712 1542 770 1591 IIII
790 1540 834 1590 lu:
860 1541 951 1591 ‘Diem
969 1542 1049 1591 nobis
1067 1542 1241 1603 definierunt,
1261 1542 1390 1606 quamdiu

247 1611 287 1661 sol
308 1611 342 1659 ab
367 1616 462 1663 exortu
482 1610 517 1658 ad
536 1625 665 1659 oceasum
684 1608 847 1674 perueuIat.’
884 1608 1115 1670 CensorInus‘Zss,
1136 1609 1159 1659 1.
1178 1610 1207 1658 2:
1244 1609 1390 1674 ‘Superest

247 1694 337 1743 pauca
361 1678 394 1726 de
418 1674 461 1726 die
485 1677 577 1727 dicere
602 1678 647 1742 qui
670 1682 700 1726 ut
722 1678 824 1727 mensis
849 1684 876 1725 et
898 1693 985 1726 annus
1008 1678 1107 1742 partim
1130 1677 1266 1726 naturalis
1281 1678 1390 1742 partim

247 1744 339 1794 ciuilis
363 1751 413 1794 est.
453 1744 589 1794 natrualis
612 1746 672 1793 dios
696 1749 869 1809 esttempus
893 1746 927 1794 ab
953 1746 1092 1794 exoriente
1116 1745 1174 1794 sole
1202 1745 1237 1793 ad
1261 1744 1327 1809 solis
1346 1760 1390 1794 oc-

247 1829 354 1874 casum,
386 1813 463 1861 cuius
486 1814 652 1861 contrarium
675 1819 781 1877 tempus
807 1817 848 1861 cst
870 1829 923 1861 nox
942 1813 976 1861 ab
1001 1828 1103 1863 occasu
1120 1812 1187 1862 solis
1205 1812 1239 1861 ad
1259 1817 1389 1862 exortum.

248 1879 339 1930 ciuilis
358 1885 450 1930 autem
468 1880 528 1930 dies
547 1886 662 1929 uocatur
679 1884 786 1944 ternpus
810 1879 881 1944 quod
901 1880 933 1929 fit
954 1895 1008 1929 uno
1032 1880 1105 1930 caeli
1129 1881 1313 1942 circumactu,
1339 1896 1390 1944 quo

248 1948 307 1997 dles
325 1963 407 1996 uerus
427 1953 454 1997 et
473 1964 525 1996 nox
545 1949 708 2009 continetur,
727 1954 757 1995 ut
776 1963 836 1996 cum
850 1948 966 1996 dicimus
979 1948 1099 2011 aliquem
1118 1947 1177 1995 dies
1190 1948 1266 1996 XXX
1284 1953 1391 1996 tantum

247 2016 363 2064 uixisse:
383 2015 546 2079 relinquitur
565 2016 638 2064 enim
657 2016 740 2064 etiem
759 2020 854 2063 noctes
871 2014 1055 2080 lntellegcro.'
1087 2015 1197 2064 Servius
1209 2016 1277 2064 Aen.
1290 2016 1314 2062 V
1327 2014 1389 2065 738:

248 2083 317 2132 ‘dies
342 2089 384 2133 est
407 2083 518 2147 plenus,
544 2084 589 2147 qui
613 2083 698 2131 habet
720 2082 802 2132 horas
825 2083 927 2147 uiginti
951 2087 1086 2146 quattuor.
1124 2089 1186 2131 nam
1211 2089 1239 2132 et
1256 2098 1309 2131 non
1326 2099 1391 2147 pars

247 2150 304 2199 diei
327 2150 385 2199 est?
419 2150 534 2199 dicimus
553 2156 643 2199 autem
662 2150 735 2201 diem
754 2166 770 2199 a
788 2155 867 2213 parte
886 2147 1022 2199 meliore.‘
1046 2150 1176 2199 -Varro
1200 2151 1232 2198 L.
1252 2151 1283 2198 L.
1303 2150 1341 2198 VI
1359 2152 1389 2198 4:

248 2218 324 2266 ‘Duo
348 2223 437 2267 motus
459 2222 536 2267 solis:
571 2222 638 2267 ulter
660 2218 713 2267 eiua
736 2220 822 2280 coelo,
847 2234 895 2282 quo
917 2218 949 2265 ub
972 2221 1071 2268 oriente
1093 2220 1129 2267 οιί
1150 2233 1277 2267 occasum
1304 2219 1390 2279 uenit,

248 2301 300 2349 quo
323 2291 430 2350 tempus
459 2284 486 2333 id
509 2285 614 2335 abhoc
639 2285 690 2335 deo
713 2286 772 2334 dies
797 2283 971 2350 appellatur.'
989 2285 1203 2335 —Censorinus
1221 2284 1263 2348 23,
1282 2283 1299 2334 6
1316 2300 1389 2349 sqq:

248 2354 291 2402 ‘in
314 2352 396 2402 horas
419 2353 473 2401 XII
496 2353 614 2402 diuisum
638 2368 698 2401 esse
722 2353 794 2403 diem
814 2360 976 2418 noctemque
1000 2353 1029 2401 in
1057 2354 1170 2401 totidem
1194 2354 1276 2418 uulgo
1299 2360 1391 2403 notum

248 2427 302 2470 est:
339 2420 388 2470 sed
410 2419 462 2470 hoe
487 2421 569 2476 credo
592 2421 694 2469 Romae
719 2427 779 2485 post
806 2426 916 2484 reperta
939 2420 1043 2470 solaria
1060 2421 1242 2479 obseruatum.
1280 2436 1392 2484 quorum

238 2488 468 2551 *antiquissimum
494 2488 564 2552 quod
593 2489 678 2537 frrerit
705 2488 819 2536 inuenta
843 2486 957 2537 difficile
988 2494 1042 2536 est:
1080 2487 1128 2536 alii
1153 2489 1225 2536 enim
1250 2489 1321 2604 apud
1346 2503 1391 2537 ae·

248 2555 309 2604 dem
323 2556 432 2616 Quirini
444 2556 560 2620 primurn
573 2560 705 2604 statutum
719 2556 823 2616 dicunt,
838 2555 887 2604 alii
900 2557 929 2604 in
942 2555 1088 2620 Capitolio,
1108 2555 1233 2605 nonnulli
1247 2570 1263 2604 a
1294 2556 1391 2605 aedem

247 2623 357 2671 Dianae
376 2624 405 2671 in
417 2623 563 2672 Auentino.
595 2622 663 2671 illud
675 2624 743 2671 satIs
756 2628 874 2683 constat,
893 2623 995 2672 nullum
1010 2624 1038 2672 in
1051 2624 1110 2672 foro
1122 2623 1198 2687 prius
1211 2624 1297 2673 fuisse
1311 2638 1391 2688 quam

248 2691 276 2739 id
295 2688 365 2753 quod
382 2691 419 2739 M.
439 2690 567 2739 Valerius
592 2706 625 2738 ex
644 2689 742 2739 Sicilia
766 2691 911 2739 aduectum
936 2691 970 2739 ad
988 2697 1077 2739 rostra
1100 2692 1129 2739 in
1148 2690 1275 2740 columna
1292 2691 1392 2755 posuit.
1484 2690 1489 2702 ¹

249 2758 318 2821 quod
338 2773 398 2806 eum
419 2757 454 2806 nd
472 2757 556 2806 elima
574 2757 688 2807 Siciliae
707 2757 873 2821 descriptum
888 2758 1014 2807 adhoras
1027 2758 1130 2807 Ilomae
1149 2774 1203 2807 nou
1222 2760 1391 2821 conueniret,

247 2826 280 2872 1..
300 2824 443 2888 Philtppus
463 2840 561 2874 censor
580 2823 654 2873 aliud
667 2826 745 2874 iuxta
758 2826 911 2873 constituit.
943 2826 1391 2890 deindealiquantopostP.Cor·
1423 2844 1431 2855 =
1457 2850 1462 2857 =

247 2892 338 2940 uellus
356 2892 460 2941 Nasica
479 2908 576 2941 censor
595 2908 628 2940 ex
647 2907 719 2955 aqua
738 2893 806 2941 fecit
823 2893 970 2955 horarium,
990 2893 1060 2956 quod
1079 2899 1107 2942 ct
1126 2894 1212 2957 ipsum
1231 2909 1264 2942 ex
1277 2909 1391 2943 consue·

248 2960 342 3008 tudine
361 2960 527 3009 noscendis
545 2960 602 3009 sole
621 2959 701 3009 horas
720 2961 849 3009 solarium
869 2966 995 3025 coeptum
1013 2962 1117 3009 uocari.
1153 2961 1280 3010 horarum
1294 2976 1391 3011 nomen

247 3043 302 3075 non
327 3027 416 3075 minus
441 3042 526 3076 annos
550 3031 689 3077 trecentos
707 3028 809 3077 Romae
833 3028 986 3093 ignoratum
1011 3044 1071 3078 esse
1091 3028 1223 3077 credibile
1248 3037 1303 3078 est:
1328 3044 1392 3078 uam

247 3094 301 3142 XII
326 3094 428 3143 tabulis
451 3110 584 3159 nusquam
603 3096 759 3145 nominatas
782 3095 862 3145 horas
881 3097 1008 3145 inuenies
1032 3096 1107 3144 utin
1126 3096 1190 3145 aliis
1208 3101 1305 3161 postea
1324 3096 1391 3161 legi-

248 3163 307 3221 bus,
327 3161 375 3211 sed
395 3165 459 3211 ante
477 3162 629 3223 meridiem,
651 3177 683 3212 eo
702 3163 835 3213 uidelicet
854 3163 924 3228 quod
942 3167 1035 3229 partes
1053 3163 1110 3213 diei
1128 3164 1258 3213 bifariam
1276 3170 1333 3213 tum
1351 3164 1391 3212 di·

246 3230 300 3278 uisi
321 3229 449 3279 meridies
468 3230 654 3280 discernebat.
674 3230 724 3279 alii
742 3231 815 3279 diem
834 3231 1044 3296 quadripartito,
1064 3231 1113 3280 scd
1127 3236 1155 3281 et
1173 3237 1281 3281 noctem
1296 3231 1391 3280 sImili·

248 3303 291 3347 tcr
309 3297 480 3347 diuidebant.
517 3298 600 3362 idque
625 3298 792 3348 consuetudo
810 3304 928 3348 testatur
945 3297 1089 3361 militarie,
1108 3299 1156 3348 ubi
1174 3299 1275 3348 dieitur
1292 3299 1392 3363 uigilia

247 3365 350 3430 prima,
376 3365 441 3414 item
461 3366 583 3414 secunda
607 3372 635 3415 ot
653 3367 736 3415 tertia
755 3374 783 3414 et
802 3364 923 3429 quarta'
963 3366 1007 3416 De
1026 3366 1126 3416 solario
1146 3367 1182 3416 cf.
1201 3366 1288 3416 Varro
1307 3366 1338 3415 L.
1359 3367 1390 3423 L.

248 3433 265 3481 l.
292 3449 330 3481 c.:
368 3433 513 3483 ‘Solarium
538 3434 640 3483 dictum
665 3433 692 3482 id
717 3434 743 3481 in
768 3449 819 3497 quo
838 3433 920 3481 horae
941 3434 968 3481 iu
986 3433 1043 3483 sole
1062 3434 1294 3499 inspiciebantur,
1320 3434 1391 3498 quod

248 3500 392 3549 Cornelius
411 3501 440 3549 in
459 3501 578 3550 basilica
596 3500 716 3550 Aemilia
736 3507 763 3550 et
781 3501 881 3550 Fuluia
899 3501 1085 3550 inumbrante)
1121 3502 1227 3551 Plinius
1240 3502 1272 3551 N.
1285 3501 1320 3549 Η.
1340 3502 1392 3550 VII

247 3566 298 3615 ‘212
317 3583 391 3632 sqq:
411 3569 508 3618 ‘scrius
522 3570 606 3617 etlam
618 3568 670 3617 hoc
690 3568 816 3628 (oraora
828 3568 1036 3631 observarentur)
1051 3570 1153 3619 Romae
1168 3570 1295 3633 contigit.
1326 3569 1390 3618 dno·

248 3634 338 3683 decim
357 3635 460 3686 tabulis
479 3641 554 3685 ortus
572 3642 678 3685 tantum
697 3639 725 3684 ct
743 3652 859 3686 occasus
882 3636 1069 3699 nominantur,
1093 3642 1155 3701 post
1179 3636 1284 3700 aliquot
1307 3653 1392 3685 annos

249 3702 373 3751 adiectus
393 3707 436 3751 est
455 3708 482 3752 et
494 3704 633 3759 meridies,
654 3718 773 3752 accensu
788 3704 928 3752 consulum
941 3704 969 3752 id
986 3705 1190 3769 pronuntiante,
1210 3720 1270 3753 cunr
1285 3705 1393 3753 acaria

248 3769 322 3819 inter
339 3770 440 3819 Rostra
458 3777 486 3819 et
506 3770 711 3820 Graecostasim
729 3772 914 3835 prospexisset
932 3772 1025 3829 solem,
1046 3787 1062 3821 a
1082 3773 1208 3821 columna
1226 3773 1338 3821 Maenia
1357 3771 1393 3820 ad

250 3852 389 3886 carcerem
408 3837 543 3886 inclinato
562 3838 652 3887 sidere
671 3854 825 3903 supremam
843 3839 1046 3903 pronuntiauit,
1070 3840 1119 3889 scd
1137 3838 1188 3889 hoc
1207 3841 1313 3889 serenis
1331 3843 1391 3888 tun·

248 3910 305 3953 tum
324 3904 429 3966 diebus,
448 3921 532 3969 usque
552 3905 587 3954 ad
604 3907 720 3969 primum
738 3906 872 3955 Punicum
890 3907 1001 3955 bellurn.
1032 3907 1159 3971 princeps
1173 3906 1302 3956 Romanis
1320 3907 1392 3955 sola·

249 3972 317 4020 rium
335 3970 505 4037 horologium
523 3974 736 4022 statuisse‘ante
754 3972 899 4025 duodecim
920 3988 1004 4023 annos
1024 3988 1103 4038 quam
1123 3989 1183 4022 cum
1200 3975 1286 4037 Pyrro
1304 3974 1392 4024 bella·

249 4046 305 4088 turn
324 4045 366 4088 est
379 4039 413 4088 ad
426 4040 523 4089 aedem
542 4040 651 4101 Quirini
664 4040 697 4088 L.
708 4040 837 4104 Papirius
850 4040 958 4102 Cursor,
976 4056 1037 4091 curn
1050 4056 1110 4089 eam
1123 4041 1266 4091 dedIceret
1284 4058 1300 4091 a
1313 4046 1392 4106 patre

249 4121 298 4156 sno
317 4111 420 4169 uotam,
439 4124 457 4156 a
474 4107 563 4157 Fabio
581 4106 695 4156 Vestale
713 4109 845 4171 proditur.
874 4109 923 4158 sed
935 4108 1106 4173 nequefaeti
1118 4107 1244 4173 horologi
1255 4111 1392 4159 rationem

335 4271 493 4339 lquousq:
512 4261 546 4318 M
557 4253 571 4339 ΙΙ
587 4260 686 4319 ueni&
703 4258 741 4318 Β1
758 4255 772 4343 ll
786 4261 950 4320 hoccasum
967 4260 1004 4319 11¹
1021 4255 1035 4342 ΙΙ
1049 4262 1155 4340 spacia
1170 4263 1244 4333 Αίοί
1261 4266 1303 4321 sio
1318 4281 1390 4321 sem·

242 4348 311 4420 per)
328 4338 342 4426 ll
356 4342 560 4403 interdianum
575 4346 635 4403 GM
645 4344 864 4405 interdiurnuru
878 4349 931 4404 AB
945 4341 959 4428 ΙΙ
974 4353 990 4407 2
1006 4366 1126 4405 orarum
1137 4342 1203 4405 AB¹
1219 4341 1232 4427 ll
1247 4344 1390 4419 XXIIII,

247 4430 378 4508 spatium
395 4437 498 4487 autem
512 4427 654 4488 horarum
670 4449 724 4490 om.
742 4432 765 4488 G
780 4425 793 4511 ΙΙ
810 4439 910 4489 autem
928 4450 981 4515 em.
998 4426 1033 4489 A¹
