3220 5022
274 400 336 462 374
611 415 834 464 ovnesrrouss
852 414 1078 456 sverouruuae

275 573 360 630 cuius
382 577 523 649 quattuor
541 567 660 646 species
674 566 755 645 apud
769 566 907 626 Graecos
920 566 1015 624 fuisse
1031 564 1134 638 tradit,
1150 564 1258 645 quibus
1273 574 1416 645 quattuor

275 674 386 733 Latina
397 669 611 749 respondeant.
638 670 740 747 itaque
759 678 995 726 consentaneum
1007 678 1074 726 erat
1088 668 1215 745 primum
1228 667 1417 729 Graecarum

275 784 400 832 naturas
428 780 458 828 et
482 770 613 846 origines
636 769 791 848 explicare
813 789 933 849 quoqne
955 767 1045 826 modo
1068 776 1098 826 et
1118 788 1137 825 a
1159 767 1267 847 quibus
1287 768 1415 826 Romam

274 873 442 932 translatae
458 873 518 931 siut
533 892 673 943 narrare,
690 871 801 944 deinde
817 871 978 929 inlustrare
995 869 1121 928 Latinas
1135 870 1266 948 species.
1288 888 1345 928 nec
1361 868 1416 929 ali·

274 984 322 1035 ter
339 975 453 1033 t'ecissc
472 974 650 1032 Suetonium
666 972 861 1032 iudicandum
876 981 931 1031 est.
970 981 1002 1031 at
1017 971 1183 1030 Diomedes
1199 990 1301 1029 rursus
1318 973 1418 1030 omnia
1451 959 1455 967 ’

275 1076 421 1135 confudit.
452 1096 522 1134 nam
540 1096 606 1133 cum
621 1075 707 1134 initio
724 1085 845 1133 servato
863 1074 967 1133 ordine
988 1075 1217 1152 exscripsisset,
1243 1092 1322 1151 quae
1341 1072 1417 1130 Sue-

275 1180 375 1239 tonius
386 1179 424 1237 de
434 1178 592 1255 tragoedia
605 1186 635 1235 et
648 1177 805 1235 comoedia
817 1175 966 1249 traderet,
981 1177 1108 1254 simplici
1121 1173 1313 1235 describendi
1325 1193 1419 1252 opera

276 1282 382 1360 opinor
398 1279 584 1355 defatigatus
601 1279 638 1337 de
655 1278 772 1337 Latinis
785 1277 970 1336 dramaticae
986 1279 1087 1356 poesis
1104 1276 1265 1354 gonoribus
1279 1275 1415 1353 disputa·

275 1385 389 1441 tionem
421 1382 581 1459 anticipat,
608 1390 670 1439 tum
697 1380 949 1438 adnotatiuncula
972 1379 1010 1437 de
1034 1378 1171 1437 dramate
1191 1379 1354 1436 interiecta
1377 1377 1417 1435 ad

290 1485 412 1543 lraecas
429 1483 547 1560 species
560 1482 653 1555 redit,
668 1491 702 1540 ut
713 1482 751 1539 dc
763 1481 898 1560 satyrica
911 1480 1041 1557 possiet
1056 1481 1146 1539 mimo
1159 1489 1245 1558 agat3
1264 1487 1417 1558 postremo

228 1654 230 1669 Ι
276 1579 1417 1659 locomembracomoediarumrefertpaucudeartescaenieaRomanorum

275 1687 449 1746 inmiscens.
468 1686 571 1763 itaque
584 1683 744 1742 molestum
759 1703 833 1741 sane
849 1683 1002 1758 negotium
1015 1683 1101 1741 nobis
1112 1683 1258 1741 incumbit
1270 1683 1301 1741 in
1314 1684 1417 1742 sutiles

277 1787 411 1845 rationes
431 1786 618 1865 inquirendi,
643 1785 752 1864 quibus
776 1783 883 1841 duetus
906 1782 1072 1843 Diomedes
1095 1784 1313 1843 Suetoniauam
1338 1805 1416 1844 com-

275 1886 492 1947 mentationem
520 1888 649 1965 turpiter
678 1885 863 1945 deformarit.
903 1893 1023 1962 togatas
1043 1885 1135 1962 igitur
1155 1885 1276 1944 fabulas
1297 1896 1330 1944 ut
1347 1896 1418 1965 post

277 1988 452 2047 comoediae
469 1989 609 2049 Graecae
625 1987 757 2064 origines
769 1996 799 2046 et
816 1996 932 2046 aetates
945 1996 1072 2065 poneret
1082 1987 1225 2049 movebat
1237 1988 1417 2047 Diomedem

276 2089 449 2148 observatio
460 2090 585 2167 Suetoni
597 2089 682 2148 initio
695 2109 801 2149 omnes
813 2098 932 2166 togatas
944 2088 1117 2147 comoedias
1130 2088 1300 2167 appellatas
1311 2092 1415 2150 scrisse.

274 2211 406 2271 quasue
429 2192 494 2251 iure
515 2192 572 2250 sibi
591 2191 753 2250 videbatur
774 2193 832 2264 uti,
855 2200 888 2249 ut
908 2182 1059 2267 ingratum
1076 2189 1196 2248 scribae
1213 2209 1319 2250 munus
1336 2191 1417 2269 quod

276 2292 334 2352 sibi
359 2293 492 2373 inposuit
516 2293 649 2352 iucunda
675 2293 808 2352 novandi
829 2292 1052 2372 opportunitate
1076 2290 1287 2369 distingueret.
1325 2314 1417 2374 quam

276 2394 314 2453 ob
336 2415 399 2454 rem
420 2405 485 2454 tota
506 2394 544 2453 de
573 2396 685 2472 togatis
710 2393 823 2454 fabulis
850 2395 1041 2473 expositione
1072 2393 1248 2453 comoediae
1276 2396 1416 2455 Graecae

278 2498 422 2558 adiuncta
445 2499 532 2577 quasi
550 2497 626 2555 nihil
642 2497 846 2556 interiecisset
864 2497 902 2555 de
925 2497 1059 2575 satyrica
1074 2496 1160 2573 poesi
1177 2504 1208 2553 et
1225 2498 1315 2557 mimo
1340 2514 1417 2577 quas

277 2600 466 2659 Graecorum
483 2601 686 2678 specieaante
701 2600 950 2677 praetermiserat
964 2595 1141 2675 disputavit.
1173 2596 1415 2657 observationem

276 2723 348 2761 vero
358 2703 442 2759 illam
450 2701 575 2759 Suetoni
591 2701 628 2758 de
638 2700 759 2759 nomine
769 2720 827 2778 quo
840 2700 911 2758 olim
922 2706 1045 2775 togatae
1057 2698 1288 2777 appellarentur
1300 2698 1416 2758 deloco

276 2824 330 2862 suo
341 2804 473 2860 movisse
485 2801 665 2861 Diomedem
677 2820 856 2879 persuasum
868 2800 978 2872 habeo,
992 2807 1025 2857 ut
1036 2800 1190 2878 quandam
1203 2800 1416 2861 sibitransitus

275 2904 409 2982 speciem
424 2912 556 2981 pararet.
577 2923 638 2960 non
658 2902 737 2960 enim
750 2900 788 2958 ab
804 2901 863 2959 hac
881 2902 996 2979 incepit
1007 2901 1077 2959 olim
1090 2902 1121 2959 ni
1134 2902 1224 2960 fallor
1242 2901 1324 2982 apud
1340 2901 1415 2961 Sue-

276 3005 390 3063 tonium
400 3002 564 3082 disputatio
577 3002 614 3061 de
626 3004 737 3079 togatis
748 3001 804 3060 sed
813 3005 850 3060 ab
863 3001 923 3060 illis
938 3001 1054 3059 verbis:
1068 3010 1180 3076 togatae
1187 3006 1307 3078 subulae
1316 3010 1416 3064 dicua-

276 3116 325 3163 tur
337 3125 364 3165 e.
378 3124 408 3182 q.
421 3124 445 3164 s.
458 3126 487 3182 p.
499 3112 559 3179 489,
574 3113 679 3183 lfisqq.
688 3105 738 3174 K.‚
750 3112 910 3183 postquam
923 3086 1054 3161 fortasse
1065 3103 1181 3161 monuit
1191 3104 1318 3164 Latinas
1331 3125 1416 3185 scae·

275 3208 364 3283 nicae
373 3206 476 3284 poesis
486 3206 814 3283 specieshocgenerali
828 3206 948 3263 nomine
962 3204 1177 3284 conprehendi.
1190 3205 1301 3265 deinde
1314 3227 1417 3267 errore

277 3316 509 3367 eomrnemorato
520 3327 581 3386 quo
593 3307 738 3384 generale
754 3316 926 3384 togatarum
938 3326 1048 3365 nomen
1059 3307 1236 3385 specialiter
1248 3307 1415 3387 usurpaba-

276 3420 324 3470 tur
343 3408 499 3468 commode
518 3410 617 3488 potuit
636 3411 772 3468 inserere
795 3409 880 3468 initio
905 3417 1023 3485 togatas
1049 3408 1273 3467 comoediarum
1295 3412 1416 3470 nomine

277 3510 444 3589 conplexae
465 3511 574 3583 fuisse,
595 3530 662 3569 cnm
679 3512 812 3570 nondum
830 3530 908 3590 quae
921 3511 1099 3588 tragoediae
1111 3512 1308 3571 convenirent
1321 3532 1416 3593 quae-

277 3634 336 3693 que
349 3611 526 3672 comoediae
538 3613 666 3671 Romani
679 3611 905 3671 discrevissent.
933 3611 987 3671 sed
1003 3614 1157 3672 temeritas
1169 3614 1327 3673 Diomedis
1338 3616 1416 3674 ultra

276 3734 439 3795 progressa
450 3722 506 3773 est.
524 3714 585 3771 iam
597 3721 667 3772 ante
683 3712 813 3772 vidimus
825 3715 1052 3790 grammaticum
1064 3716 1241 3794 priusquam
1252 3715 1290 3774 ad
1306 3718 1414 3796 satyri·

277 3834 344 3874 cam
359 3816 474 3894 poesim
488 3824 694 3875 reverteretur
709 3814 746 3873 de
759 3815 954 3891 generalibus
967 3815 1112 3873 dramatis
1125 3825 1154 3874 et
1165 3814 1288 3875 tabulae
1303 3818 1415 3894 signifi·

277 3916 446 3976 sationibus
470 3916 641 3995 disputare,
666 3916 774 3995 quibus
796 3915 835 3975 ad
859 3918 1030 3976 scaenicum
1056 3925 1151 3977 artem
1174 3916 1272 3976 subito
1287 3918 1415 3997 delapus

276 4017 427 4099 quaedam
449 4017 487 4077 de
502 4038 699 4097 personarum
714 4038 838 4077 numero
855 4018 936 4097 apud
952 4018 1088 4078 Graecos
1106 4028 1136 4078 et
1151 4019 1304 4078 Romanos
1321 4019 1413 4080 addit.

278 4120 362 4180 euius
391 4121 602 4199 disputationis
633 4121 731 4181 altera
758 4141 830 4200 pars
863 4131 933 4199 post
958 4120 1082 4193 mimum
1109 4121 1191 4201 apud
1217 4140 1288 4180 eum
1314 4124 1416 4202 posita

277 4230 338 4291 est,
363 4219 415 4279 ubi
438 4220 477 4280 de
496 4222 639 4282 membris
659 4222 834 4283 comoediae
858 4223 941 4282 etde
962 4223 1154 4302 separatione
1175 4227 1283 4284 artium
1297 4224 1413 4283 scaeni-

277 4343 381 4383 carum
398 4343 497 4383 sermo
513 4333 568 4384 est.
598 4324 677 4383 hanc
691 4333 807 4403 partem
824 4325 993 4384 breviatam
1007 4343 1073 4383 esse
1091 4324 1129 4384 ab
1144 4335 1322 4404 excerptore
1338 4326 1413 4385 Hie·

278 4427 397 4506 ronymi
411 4425 578 4498 beneficio,
596 4427 648 4505 qui
659 4425 787 4506 Pyladis
801 4427 975 4485 memoriam
988 4426 1058 4485 hinc
1069 4427 1202 4506 recepit,
1225 4427 1413 4486 intellectum
