3202 4998
712 428 815 469 carvr
832 430 843 468 1
1237 426 1239 431 ·
1284 414 1345 477 403

205 576 321 637 Donati
337 574 582 637 inmiscebuntnr.
600 577 638 635 cf.
656 576 782 638 Servius
801 578 858 639 ecl.
880 578 912 637 X
930 591 942 642 t
960 578 1005 638 VI
1020 587 1111 643 3:11.
1131 582 1161 640 in
1179 591 1244 660 tota
1259 584 1345 643 deui-

205 696 265 755 que
287 678 352 734 vita
374 678 542 737 orationem
572 678 610 737 ad
642 679 757 739 saeculi
781 681 828 738 sui
846 700 962 740 morem
989 682 1189 759 interpolator
1211 683 1345 759 refinxit,

49 781 56 791 '
107 848 112 865 ι
205 776 295 836 credo
314 797 355 837 ne
368 779 493 837 nimium
511 799 609 839 sermo
626 781 737 858 ipsius,
758 800 818 859 quo
840 789 871 839 et
886 780 991 843 rudius
1009 789 1040 841 et
1058 781 1243 843 adfectatius
1266 786 1344 844 nihil

203 886 308 957 potest
321 880 464 956 cogitari,
485 901 504 938 a
523 880 675 941 latinitate
698 890 729 940 et
748 881 942 960 simplicitate
958 881 1069 942 Donati
1089 884 1259 945 recederet.
1294 906 1344 945 cc-

202 988 301 1039 terum
325 1000 384 1043 non
405 1001 528 1060 prorsus
549 980 744 1060 neglegenda
768 991 814 1041 eet
836 983 952 1060 vulgati
976 984 1111 1062 exempli
1126 987 1292 1065 scriptura,
1311 996 1345 1045 nt

203 1099 282 1159 quae
304 1081 455 1143 interdum
477 1084 611 1143 melioris
632 1082 717 1157 libri,
738 1104 828 1164 qnam
849 1086 944 1145 nostri
958 1094 1042 1157 sunt,
1065 1088 1238 1147 memoriam
1254 1089 1343 1168 sequi

203 1180 353 1242 rideatur.
386 1184 424 1241 cf.
442 1205 471 1262 p.
488 1194 637 1257 talete.

286 1302 386 1360 Focau
407 1301 540 1382 deniqne
556 1304 770 1394 grammaticus
791 1303 873 1364 urbis
888 1305 1004 1364 Romae
1028 1307 1121 1366 vitum
1141 1308 1258 1385 Vergili
1276 1328 1343 1368 ver·

202 1401 285 1461 sibus
307 1401 417 1477 edidit,
439 1405 470 1462 in
493 1423 554 1484 qua
578 1403 800 1463 conscribenda
821 1406 976 1465 Donatum
996 1428 1056 1466 non
1083 1406 1251 1468 adhibitum
1275 1430 1343 1469 esee

202 1502 338 1562 indicare
353 1503 497 1565 videntur
515 1524 594 1585 quae
616 1504 655 1563 de
680 1513 768 1586 patre
783 1515 894 1584 poetae
915 1505 1089 1567 traduntur:
1114 1509 1266 1589 siquidem
1278 1510 1342 1569 Do·

201 1613 289 1663 natus
311 1624 379 1664 eum
399 1606 566 1665 secundum
587 1605 735 1686 qnondam
765 1607 905 1685 figulum,
935 1607 1103 1668 eorundum
1129 1586 1232 1689 plutei
1257 1612 1343 1689 Magi

199 1707 326 1766 viatoris
340 1708 581 1768 mercennarium
597 1708 692 1768 fuisse
708 1707 824 1779 scribit,
837 1709 936 1770 Foras
954 1730 1025 1769 vero
1042 1730 1075 1770 re
1091 1712 1215 1772 inversa
1231 1732 1260 1791 p.
1275 1722 1342 1785 69,5

200 1807 330 1886 plurium
344 1809 516 1868 testimonio
535 1818 675 1869 constare
689 1808 779 1883 dicit,
802 1809 928 1887 figulum
947 1831 1015 1871 eum
1033 1812 1136 1873 fuitse.
1174 1814 1223 1872 oni
1241 1813 1340 1872 diver·

199 1910 298 1984 sitati,
320 1930 400 1991 quaa
414 1909 538 1989 quidem
555 1931 573 1967 a
588 1911 673 1971 Foca
689 1909 727 1968 ad
744 1911 1083 1999 acumen-efficiendum
1098 1934 1127 1991 p.
1145 1920 1225 1987 69st
1247 1935 1340 1995 quae·

199 2011 260 2069 sita
288 2011 426 2084 videtur,
457 2031 496 2071 ne
521 2012 647 2070 multum
673 2011 856 2083 tribuamus,
892 2012 1014 2071 obstant
1042 2014 1201 2073 luculenta
1225 2015 1342 2072 Donati

199 2100 335 2171 auctoris
355 2114 384 2170 in
407 2113 481 2190 ipsis
506 2111 587 2172 adeo
610 2111 713 2172 verbis
735 2113 874 2190 vestigia.
919 2113 1102 2173 notabiliora
1121 2114 1202 2173 infra
1224 2114 1340 2173 subieci

199 2213 347 2292 adpositis
365 2215 479 2273 Donati
495 2214 581 2272 locis.

434 2381 526 2430 Pocae
632 2439 634 2442 Α
998 2381 1126 2431 Donatus

265 2500 291 2549 p.
311 2482 352 2545 (tt),
374 2481 413 2532 10.
434 2482 466 2533 13
850 2498 876 2547 p.
896 2482 937 2542 55,
960 2480 971 2529 l
991 2498 1030 2547 sq.

196 2570 259 2617 daec
276 2585 329 2617 rum
346 2574 443 2616 maturo
463 2572 626 2631 premeretur
639 2567 756 2630 pondere
814 2582 962 2630 praeparor
980 2582 1010 2615 eo
1027 2572 1107 2616 nrrder
1123 2571 1268 2627 somniauit,
1288 2572 1340 2617 eui-

499 2652 604 2707 ueniris,
781 2668 841 2704 ,nuru
859 2666 887 2699 so
905 2654 1016 2700 laureum
1034 2667 1137 2700 ronuou.

197 2736 309 2785 Phoebei
319 2741 427 2785 neruosis
437 2736 638 2797 ramumfadieae
647 2736 754 2798 putridi.

267 2854 292 2902 p.
312 2835 352 2897 70,
374 2836 459 2902 lsqq.
848 2852 874 2902 p.
892 2837 933 2897 55,
952 2836 1036 2901 baqq.
1134 2904 1136 2909 Ι

195 2925 300 2985 increper
316 2923 355 2971 irr'a
371 2923 483 2986 peritur,
503 2925 558 2990 noti
574 2923 629 2971 dum
639 2922 698 2985 sata
714 2936 755 2969 re·
818 2922 900 2983 Vtrpo
907 2926 1019 2985 populea
1030 2922 1217 2985 nturerepiouia
1227 2925 1252 2971 in
1262 2937 1338 2985 puer·

466 3008 550 3072 quirit,
732 3022 734 3031 ’
779 3009 860 3069 pertin
882 3008 968 3056 eodem
991 3009 1076 3055 stadim
1099 3010 1153 3056 loco
1172 3008 1338 3070 deportatio

194 3095 328 3156 populeum
345 3093 429 3141 sterili
446 3094 542 3155 airpum
555 3094 681 3141 pranderit
695 3106 752 3140 ure·
780 3088 852 3139 dreni
872 3094 964 3139 eualait
988 3097 1113 3155 tempore,
1137 3097 1163 3138 ut
1186 3094 1261 3140 inulto
1279 3098 1338 3140 unte

223 3164 225 3169 ¹
426 3172 429 3179 '
466 3191 528 3224 nae:
779 3181 852 3224 ¹sutus
868 3177 976 3239 populos
993 3176 1197 3240 adaequauisret.

152 3246 153 3249 Ἴ
193 3268 307 3325 tempore
320 3276 384 3327 pure
397 3262 492 3309 nutrite
504 3259 577 3308 breui
592 3261 648 3309 ditur
661 3262 754 3310 erescit

464 3347 490 3392 in
508 3359 578 3392 omen

194 3434 272 3481 abar
280 3433 377 3480 emicuit
390 3430 493 3483 cancris,
512 3442 575 3492 pour
587 3434 698 3502 erexerat
712 3442 753 3475 ae-

463 3517 513 3559 lat.

172 3686 176 3699 .
262 3668 287 3716 p.
307 3649 349 3709 71,
371 3647 401 3696 lt
414 3662 472 3711 sqq.
847 3640 1269 3708 praeteruolateumenen

194 3735 302 3785 Mantua
323 3742 351 3782 ta
367 3736 503 3782 coniuncta
518 3732 573 3779 loco
590 3729 689 3777 rodata
706 3744 751 3791 pc·
817 3734 852 3783 ut,
866 3744 916 3777 aon
937 3728 1078 3791 sufficiente
1101 3742 1164 3791 apro
1190 3727 1337 3776 &erroneu-

463 3817 548 3865 riciia:
778 3816 839 3861 aiunr
854 3812 990 3862 Mantuani
1006 3827 1112 3877 quoque,
1130 3813 1156 3859 ia
1174 3811 1262 3875 quibus
1280 3817 1338 3860 crat

194 3919 244 3953 nou
261 3911 343 3955 tornea
361 3903 392 3952 ob
404 3905 516 3950 meritum
533 3900 649 3947 miserum
661 3897 753 3946 uicinia
778 3901 852 3945 ettam
861 3903 940 3961 poeta
949 3897 1083 3960 Vcrpiliras,
1096 3897 1228 3944 niaxirnum
1237 3900 1338 3959 partem

459 3986 533 4049 serit·
621 3985 623 3989 ’
775 3984 860 4043 finium
874 3997 974 4030 snorum
989 3981 1163 4045 perdidissent
1180 3995 1210 4029 eo
1223 3980 1292 4045 qnod
1300 3982 1336 4027 ui·

192 4072 332 4122 {miliaro
348 4075 435 4135 pratens
453 4076 524 4120 erut:
541 4067 694 4117 seduirilrur
710 4066 751 4115 ob·
777 4068 828 4113 riui
846 4065 1050 4114 Oreraonenribns
1065 4065 1179 4127 suerunt.
1208 4065 1257 4113 sed
1271 4064 1336 4112 Ver·

463 4157 518 4204 airu
532 4153 587 4203 ibat
775 4152 850 4213 pilius
872 4155 961 4200 merito
979 4151 1114 4199 carolinam
1129 4149 1214 4211 fretae
1232 4154 1258 4196 et
1275 4148 1334 4195 arai·

189 4244 276 4305 fretra
294 4243 529 4304 amicornmciz'pea,
547 4254 600 4288 cum
611 4252 749 4300 paruere·
775 4237 836 4287 citio
860 4236 1015 4299 quorundam
1036 4236 1176 4297 potantirtm
1194 4232 1338 4281 centurioni
1398 4248 1406 4263 ¹
1463 4240 1474 4263 ⁸

460 4326 542 4387 fando
775 4320 856 4369 Arrio
872 4318 1058 4368 comoditatem
1070 4320 1224 4367 marceret
1241 4330 1266 4364 e.
1280 4328 1334 4379 qe·

193 4422 253 4461 ense
264 4414 343 4476 perit.
369 4418 373 4423 “
1195 4472 1198 4477 ‚

1051 4483 1109 4543 26*
