3220 5022
234 362 296 426 292
738 372 869 416 essrvu

320 540 373 588 sio
392 532 424 587 et
443 528 514 604 lna]
541 522 588 586 sio
614 522 669 609 qui
698 522 778 585 dioit
807 520 950 586 ostendit
971 519 1172 607 exemplum,
1196 518 1243 582 ita
1263 518 1306 583 ad
1328 541 1377 584 ra-

236 627 356 690 tionem
380 624 532 689 refertur.

321 743 474 791 serenan
495 734 527 789 et
549 730 705 807 ovrrsn]
727 734 821 810 gutta
840 722 991 788 imbrium
1021 732 1085 806 est,
1116 722 1206 787 stilla
1229 721 1293 789 olei
1315 721 1375 801 ¹uel

232 830 331 893 aceti.

320 945 506 994 ultumum
540 937 572 992 et
598 932 720 1009 slusii]
754 927 913 991 terminus
939 927 1071 991 nonnisi
1105 946 1205 989 manu
1233 925 1396 1011 punitum

234 1030 310 1095 finis
333 1033 492 1094 sermonis
514 1028 568 1093 uel
590 1029 767 1114 uoluptatis
790 1036 847 1091 aut
867 1028 1007 1091 alieuius
1029 1027 1077 1090 rei
1095 1025 1244 1110 intellegi
1258 1035 1375 1112 potest.

320 1148 437 1196 rasus
463 1141 495 1195 et
510 1131 686 1215 russeus]
709 1138 801 1214 terga
814 1128 998 1209 hominum,
1020 1139 1152 1211 tergora
1171 1127 1376 1209 animalium3

233 1245 268 1298 et
289 1236 324 1298 in
345 1254 479 1298 numero
500 1230 659 1315 singulari
679 1240 806 1314 tergum
827 1229 968 1294 hominis
991 1229 1146 1310 dicimus,
1172 1238 1285 1312 tergus
1307 1228 1377 1291 ani·

234 1335 342 1398 malis.

321 1538 367 1590 Sio
386 1535 485 1603 etita]
507 1537 531 1587 G
549 1553 575 1603 p.
599 1535 690 1587 10:311.
709 1535 772 1585 208:
796 1536 856 1585 ‘Sic
880 1536 926 1601 qui
949 1536 1019 1586 dicit
1037 1536 1159 1586 ostendit
1177 1534 1318 1600 exempla,
1338 1535 1378 1585 ita

239 1606 274 1657 sd
292 1608 429 1656 rationem
447 1602 585 1655 refertur?

320 1674 431 1723 Stillam
450 1679 477 1723 et
495 1669 613 1738 guttam]
629 1671 653 1721 G
671 1688 696 1736 p,
718 1670 765 1720 105
783 1687 809 1720 n.
828 1668 891 1721 238:
913 1670 1009 1721 ‘Gutta
1026 1672 1161 1733 imbrium,
1181 1671 1258 1721 stilla
1275 1669 1377 1720 situlae

234 1741 281 1792 uel
304 1740 397 1791 aeeti.’
416 1767 449 1778 -
467 1742 651 1804 Hieronymus
670 1739 762 1789 chron.
786 1738 830 1788 01.
854 1737 944 1801 206‚⁴l:
979 1740 1145 1789 ‘Palaemon
1169 1740 1312 1788 vicetinus
1335 1740 1377 1787 in-

236 1810 324 1874 signis
342 1809 538 1874 grammaticus
549 1809 653 1856 Romae
672 1807 801 1856 hahetur:
822 1806 867 1870 qui
885 1808 1020 1871 quondum
1038 1807 1235 1872 interrogatus,
1254 1807 1318 1870 quid
1336 1807 1377 1855 in⁴

236 1882 279 1925 ter
297 1876 400 1926 stillam
420 1882 448 1925 et
465 1882 572 1941 guttam
591 1876 752 1924 interesset:
781 1874 878 1934 Gutta,
903 1874 1011 1938 inquid,
1036 1879 1105 1935 stat,
1131 1874 1207 1923 stilla
1231 1870 1328 1923 eadit)
1364 1873 1378 1923 1

235 1944 299 1993 534:
324 1944 487 1993 ‘Palaemon
511 1944 708 2009 grammaticus
732 1943 773 1991 ita
794 1943 953 2006 distinguit:
978 1942 1076 2003 Gutta,
1100 1943 1198 2006 inquit,
1217 1947 1282 2003 stat,
1302 1940 1379 1991 stilla

237 2009 445 2076 eadit.'—Gp.
457 2010 491 2061 911
509 2028 534 2060 n.
554 2009 597 2058 78:
619 2012 704 2059 ‘Inter
722 2015 828 2074 guttam
848 2015 876 2057 et
893 2009 997 2059 stillam
1010 2010 1062 2059 hoe
1076 2010 1199 2071 interest,
1219 2008 1290 2073 quod
1302 2009 1378 2060 stilla

236 2080 320 2140 eadit,
340 2085 420 2144 gutta
437 2077 513 2129 stat’
549 2079 571 2127 l*
590 2094 615 2143 p.
635 2076 697 2127 355:
718 2078 812 2126 ‘Gutta
829 2083 930 2137 manet,
950 2077 1028 2126 stilla
1045 2074 1140 2128 eadit!

320 2147 477 2197 Terminum
496 2151 524 2195 et
541 2142 634 2211 finem]
650 2145 673 2195 G
690 2162 717 2210 p.
737 2144 769 2193 79
787 2160 814 2193 n.
832 2144 861 2193 ll:
883 2144 1038 2195 ‘Terminus
1056 2160 1111 2194 non
1129 2144 1187 2195 sine
1201 2160 1283 2193 uranu
1299 2145 1378 2209 poni-

235 2219 289 2276 tur,
308 2213 370 2264 linis
387 2213 433 2263 uel
451 2214 585 2263 sermonis
607 2212 653 2265 uel
676 2211 826 2263 uoluntatis
846 2212 895 2261 uel
918 2213 1049 2276 cuiusque
1068 2213 1109 2262 rei
1127 2212 1248 2276 intelligi
1266 2210 1377 2278 potest!

234 2283 261 2332 H
299 2281 354 2330 .8:
381 2282 537 2331 ‘Terminus
560 2280 668 2329 nonnisi
692 2281 763 2345 quod
781 2295 863 2330 maun
881 2282 1004 2345 ponitur,
1034 2280 1096 2329 finis
1118 2280 1164 2329 uel
1182 2281 1315 2330 sermonis
1333 2279 1378 2329 uel

234 2298 387 2399 uollrntutis
410 2349 456 2399 uel
484 2349 679 2412 erriusonmque
708 2348 823 2397 alterius
852 2349 893 2397 rei
920 2347 1040 2411 intelligi
1066 2345 1177 2412 potest.'
1218 2348 1242 2397 R
1264 2364 1290 2412 p.
1314 2346 1377 2397 308:

237 2418 390 2467 ‘Terminus
412 2424 456 2467 est
478 2416 544 2477 looi,
570 2415 631 2465 linis
653 2415 708 2477 rei3
727 2421 756 2464 et
773 2416 905 2465 terminus
924 2415 1014 2465 dictus
1033 2415 1067 2464 ab
1087 2431 1119 2464 eo
1138 2415 1209 2479 quod
1227 2415 1306 2479 quasi
1324 2421 1377 2464 ter-

236 2500 295 2534 ram
314 2485 432 2545 minuat,
452 2483 514 2534 finis
531 2488 624 2549 potest
642 2498 703 2532 esse
723 2483 806 2532 etiam
830 2482 903 2533 ultra
927 2481 1090 2533 terminum)
1127 2483 1151 2532 It
1168 2499 1195 2547 p.
1215 2482 1277 2532 312:
1303 2483 1378 2532 'linis
1422 2541 1426 2550 Ι

235 2552 310 2602 tollit
327 2552 450 2616 labores,
469 2551 531 2600 finis
550 2557 593 2601 est
610 2550 697 2600 oflicii
714 2551 834 2600 muueris
852 2550 1013 2614 potestatis,
1034 2556 1062 2599 et
1078 2556 1170 2599 terrae
1188 2550 1250 2601 finis
1262 2550 1378 2612 dieitur3

236 2620 368 2669 terminus
391 2620 426 2669 ab
450 2635 483 2669 oo
506 2620 577 2684 quod
602 2624 702 2668 terram
725 2618 832 2667 minuat
856 2623 884 2667 et
906 2625 997 2667 terrae
1016 2618 1077 2669 fiuis
1095 2623 1215 2678 statuat;
1238 2624 1313 2667 meta
1336 2625 1379 2669 ost

236 2703 307 2752 quae
325 2688 420 2738 inooat
437 2687 556 2751 spatium
580 2692 608 2737 et
630 2690 744 2736 reuocat
762 2691 790 2735 et
813 2687 884 2736 eitra
903 2701 984 2751 quam
1002 2684 1081 2735 labor
1099 2690 1142 2735 est
1160 2692 1188 2735 et
1205 2685 1279 2735 ultra
1298 2701 1378 2750 quam

235 2770 291 2804 nou
308 2753 368 2804 est'

321 2823 414 2886 Terga
437 2826 466 2871 et
488 2816 613 2885 tergora]
634 2819 700 2886 Gp.
719 2818 750 2869 91
770 2837 796 2870 n.
815 2820 861 2869 22:
887 2820 993 2886 ‘Targa
1015 2820 1153 2870 hominum
1171 2825 1248 2883 suut,
1267 2826 1379 2887 tergora

237 2888 405 2938 animalium.
437 2904 548 2944 numero
561 2888 694 2953 singulari
712 2887 830 2938 hominis
848 2894 955 2954 tergum
973 2888 1098 2949 dicimus,
1118 2888 1246 2939 animalis
1264 2887 1379 2954 tergus)

235 2957 262 3007 Η
280 2972 306 3022 p.
328 2955 371 3005 15:
392 2956 492 3021 ‘Terga
510 2954 648 3005 hominurn
665 2960 736 3017 sunt,
757 2963 868 3021 tergora
886 2956 1059 3016 animalium3
1077 2972 1141 3006 nam
1164 2956 1313 3021 singularis
1331 2957 1379 3023 ho·

235 3024 316 3073 minis
334 3030 455 3088 tergum,
481 3023 609 3072 animalis
632 3029 726 3088 tergus
755 3021 888 3073 dicimus)
928 3021 1025 3073 1562:
1056 3026 1151 3089 ‘terga
1173 3032 1237 3074 sunt
1260 3024 1379 3075 hominis

236 3091 307 3156 quod
326 3090 505 3157 singulariter
522 3097 629 3156 tergum
648 3091 731 3153 laeit3
754 3096 850 3156 tergus
863 3107 928 3140 uero
941 3091 1145 3156 quadrupedum
1160 3097 1215 3153 est3
1234 3092 1306 3141 unde
1318 3091 1378 3156 plu·

235 3159 333 3211 taliter
351 3164 463 3224 tergora
481 3159 556 3209 coria
574 3159 720 3209 Moratur!
752 3159 893 3208 Charisius
911 3175 936 3223 p.
950 3158 995 3207 71:
1017 3160 1144 3224 ‘Tergnrn
1163 3160 1271 3210 domum
1290 3165 1333 3209 est
1351 3165 1379 3209 et

236 3226 392 3276 declinatur
409 3228 463 3276 sio:
482 3227 534 3277 hoo
553 3233 659 3291 tergum
677 3227 748 3291 tergi
766 3233 858 3292 tergo,
877 3225 1022 3290 pluraliter
1039 3226 1109 3276 haee
1127 3233 1208 3291 terga
1226 3231 1378 3292 tergorum

235 3300 330 3359 tergus
349 3302 441 3344 autern
463 3294 544 3360 pellis
566 3294 646 3344 huius
669 3295 786 3359 tergoris
805 3294 888 3353 lacit,
911 3294 1056 3357 pluraliter
1074 3299 1184 3359 tergora
1203 3300 1232 3345 et
1248 3296 1378 3412 genetiuo

235 3367 278 3411 tor
299 3361 375 3412 <irum
401 3368 540 3427 ‚correpta
587 3363 636 3412 sed
663 3362 802 3413 contrario
832 3362 970 3427 Vergilius
999 3362 1089 3427 Tergo
1119 3362 1219 3413 bouum
1267 3363 1318 3412 ioit
1351 3367 1380 3412 et

236 3430 265 3479 in
309 3431 365 3479 111:

507 3497 572 3549 hino
590 3503 687 3563 raptas
705 3497 875 3563 fugientibus
893 3497 996 3563 ingerit
1013 3497 1108 3547 hastas

407 3608 418 3615 .
507 3567 537 3615 in
555 3570 657 3629 tergus.

236 3632 345 3696 quidam
363 3632 462 3682 uolunt
479 3638 585 3698 tergum
604 3634 721 3682 hominis
739 3648 809 3694 esse,
828 3638 923 3697 tergus
941 3647 1006 3682 nero
1024 3630 1151 3697 peeoris!
1186 3631 1298 3684 Servius
1310 3633 1378 3685 stou.

235 3700 325 3749 1211:
350 3701 467 3766 ‘Tergus
484 3702 611 3765 tergoris,
631 3701 702 3750 unde
722 3707 750 3750 et
767 3706 888 3766 tergora,
908 3702 1010 3751 corium
1023 3700 1174 3765 signifieat3
1194 3706 1301 3766 tergum
1313 3717 1381 3752 uero

235 3768 309 3834 tergi
326 3772 356 3816 ut
374 3769 505 3832 templum
523 3768 618 3833 templi
636 3769 745 3818 dorsum
763 3769 911 3833 signifieat.
947 3774 978 3817 ut
996 3768 1156 3818 Sallustius:
1183 3768 1296 3819 Seiliost
1313 3771 1379 3835 quia

236 3835 323 3901 tergis
353 3835 516 3885 abstinetur.
561 3837 611 3885 sed
636 3836 689 3885 hoo
719 3851 735 3883 a
763 3837 905 3886 ueteribus
928 3836 1162 3897 contundebatur,
1191 3842 1234 3885 nt:
1258 3837 1379 3887 Taurino

236 3906 367 3966 quantum
386 3910 498 3967 possent
520 3904 689 3953 circumdare
712 3908 800 3968 tergo,
841 3905 908 3953 item
930 3905 960 3953 in
982 3904 1074 3952 VIIII:
1103 3903 1209 3971 Ingerit
1233 3903 1328 3953 hastas
1347 3906 1379 3954 In

235 3968 348 4035 tergus)
367 3996 400 4005 —-
434 3971 549 4022 Flavius
568 3971 660 4037 Caper
677 3972 710 4020 do
729 3970 927 4036 orthographia
944 3987 970 4036 p.
988 3971 1056 4019 2242
1073 3973 1109 4020 P:
1139 3971 1240 4036 ‘Terga
1262 3971 1379 4022 hominis

323 4135 333 4185 l
355 4125 407 4205 qni
426 4124 501 4183 dicit
516 4127 655 4183 Rothins:
678 4126 731 4205 qui
748 4124 830 4204 quod
848 4124 922 4183 dicit
936 4127 970 4183 M
988 4118 1002 4206 ll
1023 4134 1040 4188 3
1055 4123 1204 4204 ymbrium
1219 4126 1254 4182 M
1265 4119 1279 4204 ll
1293 4134 1310 4187 6
1325 4144 1378 4184 uo·

236 4209 361 4287 luptatis
379 4211 519 4267 Rothias:
540 4209 705 4268 uoluntatis
722 4210 757 4267 M
769 4203 813 4290 lli
832 4219 955 4286 tergora
972 4209 1156 4268 -hominis
1174 4228 1229 4267 om.
1247 4212 1378 4269 Duehne·

234 4312 287 4351 rus
307 4293 321 4371 ΙΙ
342 4303 361 4355 8
381 4296 552 4352 innumeros
574 4295 702 4371 singulis
716 4297 752 4353 M
770 4308 783 4373 ῃ
806 4303 893 4371 terga
910 4293 1050 4353 animalis
1068 4296 1225 4352 Doroilliat
1241 4304 1272 4352 et
1290 4304 1378 4374 terga

235 4377 375 4437 animalis
389 4381 560 4437 Daetnerus
