3218 5000
243 434 302 496 180
438 452 674 497 eversarum-ra
698 453 785 495 araur
810 450 853 493 ns
874 451 961 494 suso
987 450 1190 495 souisoavu

240 610 338 669 postea
357 603 425 653 alios
445 602 539 663 aliter,
560 603 605 667 qui
625 603 763 653 mensibus
785 604 863 651 uarie
886 600 1085 651 intercalandis
1108 615 1172 650 suas
1195 600 1382 651 octaeteridas

240 672 424 737 protulerunt,
448 677 479 721 ut
502 671 571 720 lecit
593 670 733 734 Harpalus
751 670 882 720 Nanteles
905 671 1090 719 hlenestratus
1112 669 1177 717 item
1202 668 1251 717 alii
1273 669 1382 732 inquis

239 740 396 799 llositheus,
411 741 489 788 euius
501 739 617 787 maxime
631 740 781 787 oetaeteris
793 738 898 787 Eudoxi
910 737 1078 786 inscribitur.
1102 734 1127 785 6.
1141 736 1177 785 ob
1188 736 1240 785 hoe
1254 737 1283 785 in
1296 735 1381 786 Grae·

240 809 285 858 cia
309 806 412 856 multae
436 806 583 871 religiones
607 805 659 854 hoc
687 805 835 855 interuallo
860 805 990 870 temporis
1014 819 1119 854 summa
1143 804 1312 853 caerimonia
1336 820 1381 853 co·

239 875 344 934 luntur,
368 873 485 938 llelphis
510 889 615 937 quoque
640 873 697 922 ludi
721 874 767 937 qui
785 879 919 922 uocantur
937 871 1038 935 Pythia
1056 877 1117 936 post
1136 886 1234 920 aunum
1254 878 1381 920 octauum

239 942 304 991 olim
324 941 550 991 conficiebantur.
586 943 708 1005 proxima
726 946 770 989 est
787 940 859 990 hauc
877 940 1094 1003 magnitudinem
1113 954 1183 1003 quae
1203 944 1317 987 uocatur
1335 939 1381 987 do·

238 1009 395 1059 decaeteris
407 1025 440 1057 ex
453 1011 533 1057 annis
545 1008 716 1057 uertentibus
728 1008 881 1057 duodecim.
912 1007 936 1056 7.
956 1006 1020 1055 huie
1033 1022 1104 1055 anno
1123 1006 1274 1055 Chaldaico
1283 1021 1381 1055 nomen

239 1082 281 1126 est
300 1093 378 1141 quem
398 1076 566 1141 genethliaci
576 1091 639 1125 ‚nen
659 1076 693 1125 ad
712 1076 778 1125 solis
797 1076 931 1138 lunaeque
952 1090 1047 1123 cursus
1060 1074 1109 1123 sed
1122 1074 1157 1122 ad
1174 1074 1382 1123 obseruationes

240 1144 311 1194 alias
327 1144 434 1193 habeut
446 1143 694 1204 accommodatum,
716 1143 786 1207 quod
810 1143 838 1191 in
857 1158 890 1191 eo
909 1143 1004 1191 dicunt
1022 1146 1203 1206 tempestates
1222 1142 1263 1190 lru
1330 1155 1381 1206 que

239 1220 388 1277 prouentus
401 1228 434 1260 ac
448 1211 610 1259 sterilitates
629 1211 694 1259 item
708 1211 816 1259 morbos
834 1210 1068 1274 salubritatesque
1088 1210 1240 1258 circumire.
1282 1223 1381 1273 .prae·

239 1286 318 1329 terea
336 1285 400 1328 sunt
418 1280 483 1328 anni
501 1278 594 1343 magni
613 1277 766 1343 complures
784 1285 814 1327 ut
831 1278 988 1327 Metonieus
1007 1291 1086 1341 quem
1098 1277 1193 1325 Meton
1205 1275 1381 1327 Atheniensis

240 1363 273 1395 err
292 1348 371 1396 aunis
390 1346 563 1410 undeuiginti
582 1346 725 1395 corratituit
749 1361 834 1410 eoque
855 1344 1101 1394 enneadecaeteris
1119 1343 1277 1409 appellatur
1295 1348 1323 1392 et
1341 1344 1381 1391 in·

239 1414 391 1463 tercalatur
408 1414 512 1478 septies
530 1414 558 1462 in
572 1429 658 1478 coque
672 1428 744 1463 anno
758 1419 821 1462 sunt
839 1413 942 1461 dierum
955 1412 990 1460 Vl
1005 1412 1081 1460 milia
1100 1418 1128 1461 et
1145 1410 1325 1460 ltCCCCXL.
1340 1415 1382 1458 est

240 1488 268 1529 et
286 1482 406 1531 Philolai
424 1480 604 1545 Pythagorici
623 1497 710 1531 annus
723 1496 755 1529 ex
769 1482 848 1529 annis
867 1478 1066 1545 quinquaginta
1084 1493 1192 1539 nouem,
1211 1478 1240 1527 iu
1253 1493 1306 1542 qno
1319 1483 1381 1527 sunt

240 1564 348 1598 menses
370 1548 552 1598 intercalares
573 1549 673 1613 uiginti
698 1554 725 1597 et
747 1563 830 1609 unns3
855 1549 920 1596 item
944 1546 1064 1611 Callippi
1088 1546 1219 1609 Cyziceni
1244 1562 1278 1594 ox
1301 1546 1380 1593 annis

240 1618 419 1682 septuaginta
437 1632 494 1675 sex,
515 1617 594 1665 itant
606 1632 713 1665 menses
732 1615 939 1678 duodetriginta
958 1612 1167 1674 intercalentur;
1188 1619 1216 1663 et
1228 1613 1381 1662 Democriti

240 1700 273 1734 ex
291 1685 371 1734 aunis
384 1684 512 1733 LXXXII
532 1699 592 1732 cum
610 1683 797 1733 intercalariis
814 1683 927 1747 perinde
940 1682 1040 1746 uiginti
1058 1688 1134 1741 ncto;
1157 1680 1182 1730 9.
1200 1680 1249 1731 scd
1268 1685 1295 1729 et
1312 1681 1381 1745 Hip·

238 1752 336 1816 parchi
354 1768 387 1801 ex
406 1752 486 1800 aunis
505 1750 643 1811 curun,
662 1752 690 1799 iu
710 1767 761 1815 quo
781 1750 958 1800 intercaletur
977 1752 1083 1798 centies
1106 1749 1200 1798 decies
1223 1748 1274 1798 bis.
1310 1747 1380 1797 haec

240 1834 371 1868 antrorum
389 1818 548 1882 magnitudo
573 1834 605 1868 eo
623 1819 777 1883 discrepat,
806 1819 877 1884 quod
903 1818 976 1866 inter
1002 1816 1156 1880 astrologos
1172 1831 1229 1866 nou
1252 1816 1381 1865 conuenit

239 1893 341 1951 quanto
360 1886 405 1936 uel
424 1887 466 1936 sol
482 1886 543 1952 plus
562 1902 643 1950 quam
662 1893 802 1935 trecentos
821 1886 968 1951 sexaginta
986 1885 1104 1948 quinque
1118 1884 1177 1934 dies
1188 1885 1218 1933 in
1231 1898 1303 1932 anuo
1317 1898 1381 1933 conu

237 1955 316 2003 ficiat
331 1954 378 2003 uel
394 1954 460 2003 luna
478 1955 566 2003 minus
585 1969 665 2018 quam
684 1955 799 2015 triginta
815 1955 843 2002 iu
860 1968 963 2003 meuse.
1003 1950 1040 1999 10.
1055 1953 1090 2000 ad
1107 1951 1303 2016 Aegyptiorum
1315 1966 1380 2000 uero

238 2037 338 2071 annam
356 2037 484 2086 maguum
502 2021 568 2070 luna
586 2038 639 2072 non
658 2023 791 2087 pertinet,
812 2037 889 2086 quem
909 2022 1016 2070 Graece
1040 2011 1160 2069 κυνικὸν
1176 2019 1278 2068 Latine
1303 2019 1378 2068 eani-

238 2088 360 2140 eularem
378 2104 516 2147 uocamus,
535 2095 682 2155 propterca
702 2090 772 2154 quod
789 2090 897 2139 initium
917 2086 991 2136 illius
1009 2089 1132 2147 sumitur,
1152 2087 1316 2152 cumprime
1336 2085 1379 2135 dis

238 2157 297 2206 eius
320 2158 423 2207 mensis
453 2173 531 2221 quem
560 2164 664 2206 uocant
691 2158 822 2222 Aegpptii
846 2151 948 2206 Θωυθὶ
978 2153 1123 2204 caniculae
1151 2154 1226 2203 sidus
1250 2154 1379 2203 exoritur.

237 2239 301 2273 nam
321 2241 413 2276 eornm
433 2238 521 2274 annus
540 2224 630 2273 ciuilis
653 2225 727 2275 solos
752 2225 837 2274 habet
861 2224 920 2273 dies
939 2222 1082 2273 CCCLXV
1106 2223 1166 2272 sine
1184 2221 1240 2271 ullo
1259 2222 1378 2271 interea-

237 2291 303 2342 laris
327 2293 422 2357 itaque
446 2292 654 2355 quadriennium
676 2293 748 2357 apud
773 2309 821 2342 eos
843 2308 896 2341 uno
920 2289 1032 2340 circiter
1055 2290 1099 2339 die
1123 2290 1211 2339 minus
1237 2296 1280 2339 cst
1298 2303 1379 2354 quarn

237 2360 364 2413 naturale
388 2360 608 2424 quadriennium,
632 2375 718 2439 eoque
742 2360 773 2410 lit
795 2365 825 2409 ut
844 2376 916 2409 anno
936 2359 1082 2410 effetam·
1102 2358 1136 2407 ad
1157 2357 1230 2407 idern
1255 2357 1379 2407 reuolua-

236 2432 281 2476 tur
298 2427 469 2504 principium.
507 2426 551 2477 hie
565 2443 652 2477 arruns
666 2435 749 2477 otram
770 2419 886 2492 ἡλιακὰς
904 2443 922 2476 a
940 2428 1101 2492 quibusdam
1114 2425 1214 2474 dicitur
1227 2432 1255 2473 et
1267 2426 1303 2474 ab
1317 2423 1379 2474 aliis

237 2493 311 2545 θεου
329 2486 468 2552 ἐνιαυτός.
487 2492 527 2543 ll.
544 2500 586 2544 est
598 2503 745 2560 praeterea
758 2511 845 2545 annus
858 2510 937 2560 quem
949 2495 1113 2545 Aristoteles
1125 2493 1271 2542 marimum
1289 2493 1380 2557 potius

237 2574 319 2627 quarn
337 2578 465 2627 magnum
483 2561 617 2626 appellat,
637 2580 716 2627 quern
734 2563 799 2613 solis
824 2570 851 2611 et
869 2563 952 2612 lunae
970 2576 1157 2627 uagarnmque
1176 2560 1294 2624 quinque
1314 2560 1378 2609 stel-

237 2629 324 2680 larum
343 2629 424 2680 orbes
443 2630 606 2687 conficiunt,
627 2646 687 2679 eum
707 2631 742 2679 ad
755 2631 825 2680 idem
840 2631 946 2695 signum
965 2632 1012 2679 ubi
1026 2629 1162 2695 quondam
1175 2630 1255 2677 sirnnl
1270 2629 1379 2677 fuerunt

236 2711 292 2746 una
304 2697 473 2747 referuntur:
487 2697 564 2746 cuius
577 2698 641 2745 anni
653 2697 758 2762 hiemps
769 2713 874 2747 summa
886 2705 929 2747 cst
942 2699 1135 2762 cataclysmus,
1149 2710 1228 2761 quam
1239 2698 1326 2745 nostri
1339 2696 1378 2745 di·

236 2763 374 2813 luuionem
383 2769 494 2821 uocant,
504 2772 598 2813 aestas
610 2771 700 2814 autem
708 2766 926 2830 ecpyrnsisquod
934 2763 1246 2815 estmundiincendium.
1266 2764 1379 2814 namhis

237 2831 353 2880 alternis
363 2830 530 2896 temporibus
540 2832 655 2881 mundus
665 2838 721 2882 tum
728 2833 907 2897 exigueseere
915 2839 969 2883 tum
978 2847 1162 2897 exaquescere
1169 2830 1286 2882 uidetur.
1305 2831 1378 2881 hunc

236 2899 414 2948 Aristarchus
442 2899 551 2963 putauit
579 2916 639 2949 esse
665 2916 797 2950 annorum
825 2902 991 2950 uertentium
1020 2898 1255 2957 Ilm,
1281 2901 1379 2949 Aretes

238 2965 428 3028 Dyrrachinus
452 2967 552 3024 l'fiirr,
577 2967 737 3017 Heraclitus
765 2976 793 3017 et
818 2970 904 3018 Linus
926 2967 1036 3031 Xr'u'ffi,
1055 2970 1129 3019 Dion
1147 2969 1379 3029 erceraxxxir’r‘r,

238 3033 364 3098 Orpheus
383 3032 468 3095 CXX,
490 3034 662 3085 Cassandrus
681 3036 776 3085 tricies
794 3037 884 3086 sexies
903 3044 1012 3087 centum
1031 3038 1147 3087 milium:
1170 3039 1218 3087 alii
1236 3052 1302 3087 nero
1319 3036 1379 3085 infi-

237 3102 323 3150 nitum
337 3117 397 3151 esse
410 3117 463 3152 nec
476 3118 603 3168 umquam
616 3104 643 3152 in
657 3120 686 3153 se
700 3105 802 3153 reuerti
815 3104 1013 3155 existimarunt.
1035 3105 1074 3156 12.
1088 3106 1142 3155 Sed
1154 3105 1248 3156 horum
1261 3105 1379 3155 omniurn

237 3170 445 3233 pentasteridss
464 3172 580 3221 maxime
593 3172 720 3221 notandis
733 3172 902 3236 temporibus
915 3172 1016 3224 Graeci
1034 3173 1193 3233 obseruaut,
1212 3174 1239 3222 id
1258 3178 1300 3222 est
1313 3186 1378 3237 qua·

237 3242 344 3285 ternum
363 3252 494 3287 annorum
514 3239 646 3289 circuitus
665 3254 734 3303 quas
757 3244 860 3289 nocant
877 3239 1063 3306 olympiadas:
1085 3248 1122 3297 ‚et
1146 3256 1216 3290 nunc
1241 3240 1313 3306 apud
1332 3255 1379 3291 eos

236 3303 427 3354 ducentesima
451 3306 676 3371 quinquagesima
701 3314 799 3371 quarta
823 3307 958 3372 olympias
980 3313 1139 3358 numeratur
1161 3310 1273 3372 eiusque
1292 3322 1379 3357 annus

236 3370 281 3420 hie
294 3372 439 3421 secundus.
461 3372 500 3422 13.
514 3375 585 3423 idem
599 3381 707 3440 ternpus
720 3375 786 3424 anni
799 3376 890 3439 magui
904 3376 1034 3426 Romanls
1047 3376 1107 3436 suit,
1122 3377 1192 3441 qrrod
1205 3374 1318 3425 lustrum
1332 3376 1378 3424 ad·

236 3438 389 3503 pellebant,
410 3441 450 3489 ita
470 3441 578 3504 quidem
598 3458 614 3491 a
633 3443 728 3491 Seruio
747 3442 837 3491 Tullio
856 3442 1010 3493 institutum
1023 3451 1055 3493 ut
1073 3444 1166 3507 quinto
1179 3458 1287 3508 quoque
1306 3458 1378 3492 auno

235 3521 321 3556 censu
334 3507 433 3557 ciuium
452 3507 546 3559 habito
564 3510 678 3559 lustrum
692 3510 867 3571 conderetur,
888 3511 936 3559 sed
948 3526 1003 3562 non
1015 3512 1055 3560 ita
1069 3527 1086 3561 a
1099 3512 1216 3577 posteris
1229 3516 1377 3563 seruatum.

238 3573 277 3622 14.
291 3589 355 3623 nam
374 3589 435 3624 cum
452 3577 527 3626 inter
543 3577 658 3642 primurn
672 3593 688 3626 a
706 3578 802 3627 Seruio
814 3594 880 3642 rege
894 3579 1034 3629 conditum
1045 3579 1159 3628 lustrum
1178 3585 1206 3629 et
1218 3579 1246 3628 id
1259 3578 1330 3644 quod
1343 3579 1378 3627 ab

235 3641 401 3705 imperatore
420 3643 592 3708 Vespasiano
611 3645 634 3693 V
654 3650 682 3694 et
704 3645 735 3693 'l'.
756 3646 878 3695 Caesare
898 3647 940 3696 111
960 3647 1036 3696 Coss.
1058 3647 1162 3697 factum
1187 3652 1230 3697 est
1253 3646 1318 3697 anui
1335 3645 1376 3695 in'-

234 3710 384 3758 terlnerint
402 3711 484 3774 paulo
506 3712 594 3762 minus
611 3713 699 3771 DCL,
725 3712 812 3761 lustra
835 3719 928 3762 tamen
952 3731 1001 3779 per
1025 3729 1059 3763 ea
1082 3720 1208 3779 tempora
1226 3729 1280 3763 non
1299 3712 1379 3779 plura

235 3791 316 3840 quam
334 3777 434 3826 LXXV
446 3786 511 3828 sant
523 3780 601 3830 iacta
621 3785 649 3828 et
661 3785 758 3843 postea
770 3780 853 3845 plane
872 3781 931 3831 fieri
950 3782 1098 3832 desierunt.
1120 3782 1159 3831 15.
1175 3796 1266 3831 rursus
1286 3788 1377 3830 tamen

236 3857 324 3893 annus
341 3843 414 3894 idem
432 3862 548 3911 magnus
566 3863 615 3912 per
634 3846 805 3911 Capitolinos
825 3864 930 3913 agonas
949 3856 1064 3914 coeptus
1082 3856 1126 3899 cst
1143 3849 1303 3913 diligentius
1321 3864 1377 3897 ser·

233 3912 295 3960 uari
314 3927 426 3975 quorum
444 3930 562 3977 agonum
580 3914 682 3979 primus
701 3930 718 3963 a
734 3915 897 3967 Domitiano·
912 3917 1056 3967 institutus
1074 3918 1127 3966 fuit
1145 3918 1306 3967 duodecimo
1319 3917 1378 3965 cius

235 3984 264 4027 et
282 3978 340 4028 Ser.
361 3979 482 4031 Cornelii
500 3981 666 4032 Dolabellae
686 3983 840 4033 consulatu.
875 3985 971 4049 itaqua
988 3985 1040 4035 hoc
1060 4000 1132 4035 nunc
1151 4000 1222 4034 anno
1241 3985 1285 4048 qui
1305 3984 1378 4033 cele·

235 4045 330 4096 bratus
349 4053 483 4111 astagon
502 4050 802 4115 undequadragesimus
825 4060 992 4103 numeratur.
1034 4053 1121 4114 Quod,
1136 4053 1170 4102 ad
1189 4067 1276 4101 annos
1294 4051 1377 4115 perti·

234 4119 284 4162 net
301 4130 416 4180 magnos
435 4116 641 4180 inpraesentia
664 4118 734 4167 satis
757 4118 874 4168 dietum:
904 4134 976 4168 nuuc
995 4121 1030 4169 de
1049 4120 1129 4169 annis
1146 4118 1319 4168 uertantibus
1338 4117 1376 4165 di-

236 4181 316 4231 cendi
333 4181 419 4231 locus.
438 4183 554 4232 XVllll.
591 4200 678 4234 annus
696 4190 808 4235 stertens
827 4191 870 4236 est
886 4191 997 4249 natura,
1016 4188 1079 4236 dum
1096 4187 1137 4237 sol
1149 4200 1311 4250 percurrens
1324 4185 1377 4234 Xll

234 4251 316 4313 signa
335 4249 431 4298 eodem
449 4251 520 4299 unde
538 4252 679 4315 profectus
698 4258 743 4303 est
758 4254 837 4303 redit.
868 4253 892 4303 2,
907 4254 960 4303 hoe
977 4262 1084 4319 tempus
1103 4259 1168 4318 quot
1180 4253 1283 4301 diorum
1303 4258 1377 4302 esset

235 4314 269 4364 ad
288 4322 394 4365 certum
412 4316 532 4366 nondum
550 4319 684 4383 astrologi
703 4322 825 4385 reperire
843 4327 998 4387 potuerunt.
1026 4320 1168 4371 Philolaus
1182 4334 1283 4369 annum
1296 4326 1375 4369 natu·

234 4382 386 4433 ralemdics
398 4383 1031 4451 habereprodiditCCCLXIIHctdimidiatum‚
1045 4388 1225 4453 Aphrodisius
1231 4388 1375 4437 CCCLXV

235 4456 264 4499 et
280 4456 387 4515 partein
406 4451 462 4500 diei
480 4458 620 4514 octauam,
645 4454 789 4521 Callippns
808 4460 901 4506 antem
919 4456 1065 4508 CCCLXV
1086 4462 1115 4515 et
1132 4455 1308 4507 Aristarchus
1325 4455 1374 4505 Sa·
