3218 5000
237 374 299 444 242
604 464 608 469 ἡ
747 385 878 434 rnsrtrr

238 545 336 607 etiam
365 542 459 608 ostiis
486 540 556 605 eius
579 538 699 626 quibus
730 539 764 603 in
790 560 881 603 maro
907 536 1014 602 influit
1039 557 1213 602 arenarum
1244 533 1383 603 cumulis

238 643 307 707 Nili
339 642 459 708 fluctus
493 642 715 705 intumescunt
741 661 780 704 ae
806 649 893 704 retro
928 639 1049 703 reuerti
1078 649 1241 724 eoguntur
1273 640 1383 726 sicque

239 766 342 831 aquae
365 751 571 829 erumpentes
594 739 819 829 propelluntur
838 742 871 804 in
892 750 1056 821 austrum,
1077 740 1196 826 quibus
1220 742 1384 824 congestis

240 845 334 910 Nilus
362 847 396 908 in
423 845 613 930 Aegyptum
645 845 794 929 erumpit.
844 842 1087 929 quiescentibus
1115 864 1243 928 quoque
1272 843 1384 906 etesiis

238 948 408 1033 ruptisque
431 966 603 1009 arenarum
624 943 763 1007 cumulis
788 945 821 1008 in
845 965 939 1007 suum
961 944 1090 1008 alueum
1113 943 1198 1007 redit
1218 942 1350 1006 fluuius.
1394 957 1407 995 ⁵

131 1141 233 1213 157*
326 1148 366 1212 In
388 1149 490 1235 pratis
509 1168 595 1210 nono
616 1146 700 1210 libro
720 1145 931 1232 Tranquillus
954 1147 1001 1210 sie
1023 1146 1147 1210 adserit
1167 1144 1294 1211 dicens:
1325 1162 1385 1208 ax-

241 1267 386 1314 rmtuvru
405 1265 502 1312 urna
526 1269 668 1312 oceanus
696 1256 747 1311 est
774 1264 957 1311 rrt'rlcauvm
981 1247 1068 1333 quod
1097 1269 1139 1311 ex
1166 1268 1287 1311 oceano
1314 1245 1387 1310 fluit

241 1367 402 1416 svennvrr
425 1360 456 1414 et
477 1365 633 1412 ruralium
652 1347 771 1433 quibus
789 1346 887 1411 Italia
909 1346 1063 1414 adluitur.
1097 1370 1141 1412 ox
1162 1347 1212 1425 his
1233 1369 1385 1434 superum

241 1463 273 1518 et
288 1467 507 1516 Ansslarlcvra
522 1451 642 1514 dicitur
663 1460 696 1512 et
710 1464 847 1512 Tvscvm
865 1449 1016 1514 inferum.
1051 1466 1193 1513 FRETVM
1211 1456 1386 1534 angustum

242 1556 336 1641 quasi
367 1553 498 1617 feruens
521 1574 610 1615 mare
636 1559 672 1613 ut
701 1548 845 1614 Siculum
870 1561 903 1615 et
931 1552 1143 1616 Gaditanum.
1189 1568 1384 1636 acervatim
1397 1569 1421 1608 ro

243 1656 397 1734 romnis
425 1675 485 1740 per
511 1674 595 1739 quae
623 1673 711 1715 mare
740 1654 886 1715 uicissim
916 1662 984 1718 tum
1009 1654 1136 1718 aceedit
1162 1664 1231 1717 tum
1253 1652 1386 1717 recedit.
1432 1664 1436 1671 ’

245 1842 409 1910 φαίνεσθαι
429 1831 460 1893 d’
479 1833 617 1892 ἐλάττονα
635 1838 687 1890 τοῦ
706 1838 852 1905 χειμῶνος,
873 1835 921 1892 diri
941 1833 972 1892 τὸ
992 1834 1023 1892 ἐν
1041 1834 1131 1909 τούτῳ
1149 1841 1188 1908 τῷ
1210 1858 1259 1892 ναι
1278 1840 1301 1907 ᾤ
1318 1842 1387 1907 πλη-

245 1911 309 1962 σίον
332 1905 414 1961 ἰόντα
437 1903 487 1959 τὸν
509 1899 593 1974 ἥλιον
615 1908 664 1972 τῆς
689 1902 835 1973 Αἰγύπτου
858 1900 1019 1976 ἐξατμίζειν
1041 1904 1076 1960 τά
1100 1903 1223 1976 νάματα.
1273 1910 1388 1974 Epopon

244 1972 259 2031 d
279 1971 441 2043 ioropcoypu'
468 1993 498 2035 ος
521 1970 594 2027 κατὰ
618 1972 706 2040 θέρος
729 1972 819 2041 φησὶν
841 1967 1047 2043 ἀναχαλᾶσθαι
1070 1972 1123 2045 τὴν
1145 1968 1216 2044 ὅλην
1233 1977 1388 2041 Αἴγυπτον,

244 2045 294 2098 καὶ
312 2041 402 2117 οἱονεὶ
427 1994 561 2117 ἕζὸοοῦν
584 2037 617 2093 τὸ
641 2037 714 2094 πολὺ
739 2044 844 2116 νᾶμαχ
857 2044 1011 2095 συνδίδωσι
1031 2035 1062 2095 δ’
1080 2036 1154 2110 urici
1172 2042 1221 2097 καὶ
1238 2038 1256 2110 ἡ
1275 2041 1388 2128 Ἀραβία

244 2112 294 2166 καὶ
317 2132 334 2180 η
354 2107 446 2179 Λιβύη
470 2130 548 2190 παρα
573 2105 605 2161 τὸ
627 2102 732 2176 riparia
755 2108 805 2162 aod
828 2105 1015 2179 οπόψαμμον.
1057 2064 1186 2174 Εὔδοέος
1208 2116 1275 2172 τοὺς
1301 2114 1389 2176 capric

245 2198 315 2262 ppos
334 2175 427 2246 λέγειν
445 2174 478 2230 roi
493 2179 598 2247 ομβρια
616 2179 673 2228 τῶν
690 2170 807 2229 ὑδάτων
824 2176 873 2229 καὶ
891 2175 943 2245 τὴν
966 2171 1199 2245 ἀντιπερίστασιν
1218 2182 1277 2231 τῶν
1299 2172 1388 2243 αἱρῶν,

243 2267 315 2303 οταν
333 2241 399 2312 παρ’
417 2242 488 2315 ἡμῖν
512 2235 530 2313 ᾖ
548 2241 635 2311 θέρος
654 2250 713 2305 τοῖς
730 2239 788 2297 ὑπὸ
806 2239 855 2297 τὸν
873 2241 993 2311 θερινὸν
1010 2242 1147 2313 cuonrade
1165 2244 1303 2307 οἰκοῦσιν,
1324 2239 1388 2298 τότε

244 2322 304 2376 τοῖς
328 2309 385 2367 ὑπὸ
410 2309 646 2390 τὸνηχιιμερινόν
670 2309 807 2391 τροπικὸν
830 2307 976 2375 οἷντοίκοις
999 2308 1104 2381 χειμών
1127 2308 1216 2380 ἔστιν,
1242 2308 1271 2379 ἐξ
1294 2303 1334 2366 ὦν
1356 2310 1388 2366 τὸ

244 2383 435 2452 πλημμοοοῦν
452 2382 530 2448 odoro
548 2398 789 2448 καταρρηγνοται.

317 2450 385 2506 15Ῑ*
403 2452 524 2503 Isidorus
547 2452 580 2500 do
604 2457 704 2500 natura
727 2466 814 2499 rerum
838 2451 957 2500 XLIIII:
995 2452 1051 2501 ‘De
1076 2453 1231 2504 nominibus
1253 2454 1389 2502 maricae

246 2524 394 2573 fluminum.
437 2520 489 2568 ‘In
511 2519 624 2583 pratis
719 2517 932 2582 praecipiti?
977 2519 1150 2569 desideratur
1173 2520 1225 2569 hoo
1254 2527 1338 2585 caput
1361 2520 1390 2568 in

246 2588 401 2641 BEFGHK
425 2586 572 2650 multisque
596 2586 684 2635 libris.
727 2585 818 2634 Sciret.
843 2587 924 2635 Bern.
950 2603 1043 2651 georg.
1069 2589 1096 2636 II
1124 2587 1184 2636 158:
1221 2588 1389 2637 ‘Adriati-

246 2675 318 2707 cum
337 2671 491 2721 superum
504 2657 659 2714 uocatur,
684 2653 888 2715 Tyrrhenum
908 2655 1055 2705 inferum
1073 2663 1103 2703 ut
1120 2655 1237 2704 Iunilius
1257 2661 1285 2704 et
1303 2655 1389 2704 Tran-

246 2726 348 2790 quillus
367 2725 477 2783 (linunt,
501 2721 624 2785 quibus
643 2719 796 2769 adluitur
814 2719 948 2770 ltalia.¹
990 2722 1174 2773 Hildebraudi
1192 2722 1275 2784 gloss.
1295 2739 1321 2787 p.
1344 2722 1390 2771 147

246 2794 331 2857 gloss.
356 2790 481 2855 Amplon.
506 2805 532 2854 p.
552 2786 615 2837 333:
653 2787 778 2836 ‘Fretum
801 2804 876 2837 mare
901 2789 1065 2855 angustum!
1102 2790 1236 2839 Corollar.
1254 2790 1337 2854 gloss.
1362 2792 1389 2838 in

245 2858 374 2910 Muelleri
393 2857 476 2906 Festo
495 2873 522 2920 p.
541 2854 603 2905 asti:
633 2853 794 2905 ‘Aestuaria
812 2863 876 2904 sunt
894 2857 999 2918 onmia,
1026 2873 1079 2921 qua
1098 2873 1173 2907 more
1191 2859 1315 2907 uicissim
1335 2868 1390 2907 tum

248 2927 359 2977 aceedit
377 2932 433 2973 tum
452 2923 582 2972 recedit’
614 2922 714 2971 Coroll.
733 2923 815 2985 gloss.
836 2923 853 2972 l.
874 2940 912 2972 c.:
939 2924 1038 2974 ‘ultum
1056 2927 1166 2990 proprie
1185 2941 1259 2974 mare
1278 2926 1390 2989 prosun-

247 2992 330 3045 dum.’
366 2990 549 3041 Hildebrarrd.
568 2989 650 3053 gloss.
670 3007 695 3054 p.
710 2988 773 3039 ⁶288:
793 2993 885 3057 ‘augin
905 2991 1051 3041 increata!
1088 2993 1178 3043 Schol.
1197 2994 1303 3043 Lucan.
1324 2993 1390 3041 Vlll

247 3062 311 3111 540:
348 3056 574 3110 ‘uudabrcuia’
611 3058 723 3108 Servius
741 3058 810 3107 Aen.
833 3059 857 3108 V
883 3058 942 3108 ldzt:
981 3061 1096 3109 ‘Litus
1120 3066 1171 3110 est
1193 3060 1389 3124 omnequod

249 3144 336 3195 aqua
360 3125 529 3178 alluitur.’
572 3125 714 3174 Charisius
738 3142 764 3191 p.
788 3126 834 3175 98:
876 3126 990 3176 ‘Ostia
1020 3129 1134 3177 exitus
1158 3116 1333 3177 fluminum
1357 3129 1390 3176 in

249 3195 356 3249 mare.’
393 3192 698 3245 Servirrsrten.1400:
719 3194 874 3258 ‘Proprie
899 3195 991 3243 ostia
1010 3195 1174 3245 dicuutur
1193 3197 1305 3245 exitus
1324 3196 1390 3245 flu-

248 3261 391 3315 minum.'
410 3289 442 3296 —
461 3262 528 3311 cod.
547 3262 623 3327 Lips.
641 3260 722 3311 Pauli
741 3278 767 3325 p.
785 3259 834 3312 381
853 3263 904 3311 M.:
943 3262 1103 3326 ‘Supernum
1122 3280 1196 3313 mare
1209 3264 1390 3324 Adriaticum,

338 3480 348 3529 1
365 3466 470 3525 hostiis
487 3462 539 3546 ΑΗ
555 3475 571 3526 2
585 3466 675 3525 flntus
691 3460 725 3523 Αι
743 3460 757 3545 Η
773 3466 969 3524 intumiscunt
986 3462 1022 3523 Αι
1041 3462 1054 3548 Η
1069 3467 1126 3526 liae
1144 3463 1183 3525 Βι
1200 3467 1212 3545 Η
1228 3465 1396 3549 4-negypto

249 3559 406 3631 Aegypto
424 3547 464 3608 B¹
480 3546 494 3632 Η
509 3551 729 3631 quiucientibus
752 3547 790 3609 B¹
812 3546 826 3629 Η
847 3550 976 3610 &haesis
997 3557 1022 3609 Α
1042 3554 1132 3611 eteris
1149 3556 1177 3610 B
1197 3549 1209 3633 Η
1232 3553 1392 3614 ὀιοάἰίιΑ

250 3635 263 3718 Η
280 3649 297 3701 6
313 3640 344 3695 in
358 3637 453 3714 pratis
469 3656 548 3694 nono
563 3635 641 3695 libro
660 3642 780 3711 scripsi:
811 3637 842 3694 in
857 3636 952 3712 pratis
973 3637 1005 3694 in
1024 3637 1184 3697 annalibus
1201 3641 1223 3696 0
1245 3638 1276 3695 in
1298 3656 1391 3695 anna·

249 3724 329 3781 libus
345 3722 430 3780 libris
450 3729 570 3798 patrum
591 3725 627 3778 ot.
645 3722 676 3778 in
698 3722 793 3800 pratis
815 3722 948 3778 ACDLM
975 3716 980 3802 Η
1001 3722 1043 3779 ait
1065 3725 1087 3780 0
1109 3721 1245 3781 adseruit
1266 3719 1359 3779 CDM'
1378 3718 1391 3803 Η

251 3820 407 3866 externum
431 3809 569 3864 Rottiur:
600 3814 766 3863 extremum
788 3807 943 3863 ACDLMO
973 3804 978 3887 Η
999 3814 1014 3867 7
1038 3808 1163 3865 ocianus
1186 3804 1253 3865 Ml)
1278 3825 1393 3881 remprr
1465 3842 1469 3848 ·

250 3900 298 3951 est
309 3911 362 3949 om.
378 3895 399 3949 0
414 3887 429 3974 Η
444 3892 595 3950 internum
605 3888 721 3948 medius
737 3890 819 3969 quod
832 3892 854 3948 O
869 3885 882 3971 Η
898 3891 1005 3949 ociano
1019 3893 1051 3947 M
1064 3886 1078 3972 Η
1090 3902 1110 3952 8
1121 3911 1284 3970 supernum
1296 3894 1393 3950 Coro

252 3972 265 4057 Η
284 3985 330 4033 est
347 3985 378 4034 ct
393 3979 440 4034 CI)
456 3973 469 4055 Η
485 3978 635 4034 infernum
649 3977 671 4031 0
686 3970 700 4056 Η
715 3996 753 4035 ex
769 3976 826 4033 hiis
844 3978 867 4033 C
879 3984 909 4033 et
920 3975 971 4033 hio
987 3979 1009 4034 0
1024 3972 1070 4057 Η9
1089 3985 1116 4033 et
1129 3996 1183 4037 om.
1202 3979 1251 4035 CI)
1264 3974 1278 4059 Η
1294 3976 1392 4035 adria·

250 4080 317 4119 cum
335 4063 368 4117 M
385 4062 555 4120 atriaticum
570 4055 628 4116 AC*
647 4054 660 4140 Η
675 4060 813 4119 thuscum
830 4062 912 4119 CDM
924 4061 1062 4119 tuachum
1076 4067 1099 4117 A
1113 4056 1127 4142 Η
1144 4071 1175 4119 et
1189 4064 1297 4121 fretum
1315 4063 1363 4119 CI)
1379 4058 1391 4142 Η

250 4165 361 4223 augum
384 4149 409 4203 D
433 4148 463 4204 in
486 4154 614 4220 augusto
637 4149 709 4202 coni.
735 4150 959 4219 Larrpensiepen.
987 4146 1026 4219 cf.
1056 4147 1131 4203 Mus.
1155 4150 1249 4206 thn.
1278 4168 1340 4206 nou.
1372 4150 1397 4204 V

245 4252 277 4305 p.
293 4238 419 4303 ἳσσσοο.
436 4227 449 4309 Η
468 4240 498 4291 10
513 4227 556 4308 ut]
575 4239 606 4287 et
618 4231 691 4287 0Βο
706 4226 718 4310 Η
734 4232 924 4307 graditannm
937 4232 970 4288 M
974 4227 980 4266 ¹
992 4229 1179 4306 gaditiunum
1193 4235 1215 4290 0
1230 4232 1394 4309 gadiunum

250 4318 274 4372 L
289 4310 302 4393 Η
318 4317 471 4372 aestuaria
489 4323 559 4372 suut
571 4316 668 4372 Coto
684 4316 846 4373 ceruariae
864 4312 915 4394 ΑΗ
935 4326 961 4375 ΙΙ
976 4314 1089 4391 omnis]
1102 4329 1212 4393 stagna
1228 4322 1300 4374 σοιτί.
1317 4319 1393 4374 Lun-

249 4404 402 4472 pensiepen
418 4395 431 4479 Η
446 4398 504 4477 que
518 4404 544 4456 Α
559 4418 648 4477 quem
666 4402 698 4457 M
713 4394 727 4481 Η
742 4400 854 4460 oceidit
872 4404 894 4458 0
909 4398 923 4484 Η
938 4401 1030 4459 rescit
1044 4402 1162 4462 recedit
1180 4405 1203 4459 L
