3218 5000
221 438 282 505 19'6
722 454 854 499 esurus

219 607 253 669 111
276 604 394 694 quibus
417 605 577 670 diuiditur
597 603 686 669 orbis
706 613 822 670 terrac.
866 604 925 669 has
947 603 1107 690 Virgilius
1134 605 1168 669 in
1195 605 1357 690 georgicis

219 708 361 773 ostendit
383 707 510 772 dicens:

511 812 652 897 quinque
675 818 786 874 tenent
808 810 931 874 caelum
953 831 1063 874 zonae.

220 911 278 975 sed
300 910 461 998 fingamus
485 933 540 974 eas
562 913 596 975 iu
619 911 750 975 modum
773 911 927 975 dexterae
949 922 1097 994 nostrae,
1126 921 1162 975 ut
1183 908 1293 998 pollex
1316 912 1357 974 sit

220 1013 361 1077 circulus
390 1005 545 1096 ἀρκτικὸς
573 1014 695 1098 frigore
727 1012 968 1095 inhabitabilis,
1006 1012 1168 1077 secundus
1203 1011 1382 1098 (digitusls

220 1116 361 1180 circulus
399 1107 537 1197 depretia
578 1125 777 1200 temperatus
811 1113 1018 1195 habitabilis,
1054 1114 1182 1179 modius
1217 1114 1356 1178 circulus
1417 1146 1423 1157 =

220 1210 410 1302 ἰσημερινός
431 1216 574 1281 torridus
594 1216 833 1299 inhabitabilis,
857 1225 991 1304 quartus
1014 1215 1155 1280 circulus
1175 1207 1359 1299 χειμερινὸς

219 1330 417 1407 temperatus
439 1317 648 1401 habitabilis,
675 1318 826 1383 minimus
854 1316 995 1383 circulus
1023 1308 1240 1403 ἀνταρκτικὸς
1266 1317 1357 1401 frigi·

220 1421 281 1486 dus
304 1419 540 1485 inhabitabilis.
585 1420 698 1485 horum
722 1421 844 1507 primus
867 1436 1192 1485 supramemoratus
1216 1428 1277 1501 est,
1308 1440 1357 1482 se-

219 1651 275 1707 tes,
293 1646 375 1694 iidem
391 1646 504 1710 tropici,
523 1646 604 1694 iidem
617 1645 790 1705 solstitialem
811 1647 881 1697 alter
898 1646 1041 1705 hibernus,
1059 1662 1109 1712 per
1123 1662 1201 1711 quern
1215 1644 1255 1694 sol
1268 1648 1356 1693 trans·

220 1715 280 1764 iens
299 1720 327 1762 et
343 1720 440 1763 tenens
454 1720 580 1763 octauanr
594 1720 699 1779 partem
718 1716 871 1779 capricorni
884 1715 1029 1764 solstitium
1039 1716 1180 1764 hibernum
1192 1714 1272 1773 faeit;
1286 1712 1357 1761 alter
1376 1743 1396 1791 ο

220 1783 351 1839 aestiuus,
369 1796 508 1846 perquem
521 1782 561 1831 sol
575 1787 765 1848 octauaparte
780 1784 873 1832 cancri
886 1783 1030 1832 solstitium
1050 1784 1182 1831 aestiuum
1200 1782 1283 1830 facit.
1300 1796 1355 1829 me·

219 1851 280 1899 dius
298 1855 341 1898 est
358 1849 581 1914 aequinoctialis,
605 1851 650 1914 qui
673 1860 773 1901 octaua
794 1857 871 1915 parte
895 1852 989 1900 arietis
1012 1851 1212 1915 aequinoctium
1234 1863 1356 1907 uernum,

220 1924 320 1966 ‹rctaua
332 1918 419 1967 librae
433 1918 589 1967 autumnale
604 1919 752 1967 constituit.
784 1928 813 1967 ut
826 1920 921 1968 circuli
933 1920 960 1967 in
974 1919 1063 1981 eaelo,
1076 1920 1116 1967 ita
1128 1919 1155 1967 in
1168 1922 1255 1966 terra:
1270 1931 1355 1965 zonae

219 1991 361 2035 uocantur.
386 1985 582 2035 inhabitabiles
603 1987 676 2035 inira
699 1987 813 2052 frigidos
831 1987 948 2036 circulos
966 1988 1000 2037 ob
1018 1987 1148 2052 rigorem,
1172 1986 1245 2050 quod
1262 1984 1296 2033 ab
1313 1985 1357 2033 his

219 2054 377 2119 longissime
391 2053 431 2102 sol
450 2054 542 2114 abest,
561 2056 626 2104 item
644 2055 748 2104 medius
767 2055 990 2119 aequinoctialis,
1014 2056 1083 2119 quod
1100 2055 1150 2103 sub
1167 2055 1272 2102 uertice
1290 2052 1357 2101 solis

221 2128 270 2183 est,
285 2123 399 2186 subque
417 2122 526 2186 quidam
544 2122 664 2171 habitari
682 2123 775 2173 dieunt
792 2124 810 2184 †
826 2122 973 2188 cydropiae
992 2129 1019 2172 et
1032 2120 1196 2188 Aethiopiae
1211 2121 1355 2171 maximam

219 2198 334 2255 partem,
349 2191 413 2237 item
426 2189 556 2254 plurimas
570 2191 673 2240 1111111111
687 2192 770 2240 maris
783 2192 856 2239 rubri
871 2191 993 2255 aliosque
1006 2191 1125 2239 uertices
1139 2189 1356 2252 eminentiusque

219 2264 352 2307 terrarum
365 2258 464 2306 nostris
477 2258 631 2322 ampliores.
656 2259 706 2308 sub
719 2260 831 2324 tropicis
844 2259 964 2308 habitari
977 2258 1044 2308 nihil
1058 2259 1166 2308 dubium
1186 2264 1236 2307 est.
1264 2262 1358 2305 noster

220 2325 373 2374 solstitialis
393 2326 514 2374 aestiuus
532 2331 574 2373 est
587 2326 712 2375 excelsus
731 2335 812 2392 atque
827 2328 934 2377 arduus.
960 2327 1039 2376 diuisi
1057 2343 1074 2376 11
1091 2326 1170 2375 nobis
1188 2325 1291 2375 circulo
1309 2340 1354 2374 ae·

220 2392 379 2459 quinoetiali
393 2393 593 2451 antichthones,
607 2394 688 2444 iidem
707 2395 895 2445 antistoechec
915 2400 941 2444 et
959 2394 1092 2444 antissioe
1109 2394 1291 2443 nominantur.
1317 2391 1355 2440 ui·

220 2463 318 2511 dentur
335 2460 451 2510 humiles
473 2468 554 2526 atquc
576 2462 699 2526 depressi
718 2463 867 2527 quibusque
886 2464 1029 2527 antipodes
1048 2463 1121 2512 iufra
1138 2468 1214 2511 sunt:
1240 2460 1309 2526 quod
1328 2466 1357 2508 ut

219 2545 300 2595 posse
313 2529 452 2587 uideatur,
469 2529 592 2578 afliciunt
610 2531 694 2579 tlexns
712 2530 941 2595 obliquitatesque
960 2537 1101 2580 terrenam.
1126 2530 1224 2595 incipit
1241 2528 1357 2593 signifer

220 2614 274 2647 uon
288 2594 322 2646 ab
336 2603 456 2646 extremo
470 2596 572 2647 circulo
590 2613 642 2646 nee.
661 2599 695 2647 1111
713 2603 860 2647 extremum
878 2600 1060 2664 pertenditur,
1074 2598 1122 2648 sed
1136 2599 1170 2648 ab
1183 2600 1237 2646 imo
1250 2596 1356 2661 tropico

221 2666 335 2715 australi
352 2665 521 2728 brumalique
540 2666 635 2714 eodem
653 2682 702 2730 per
725 2667 955 2731 aequinoctialem
980 2667 1014 2716 ad
1035 2681 1165 2715 summum
1183 2664 1355 2714 solstitialem

221 2733 389 2797 eandemque
413 2733 573 2782 aestiualem
592 2750 641 2797 per
658 2734 774 2783 medium
791 2734 968 2799 longitudinis
990 2734 1196 2798 latitudinisque
1215 2737 1356 2798 porrectus

220 2799 376 2865 obliquum)
402 2801 498 2849 eadem
516 2800 605 2850 aanor.
625 2803 782 2851 Germanici
800 2818 826 2867 p.
845 2802 878 2851 33
899 2818 939 2867 sq.
974 2803 1131 2852 Marcianus
1154 2801 1271 2866 Capella
1289 2798 1355 2849 Vlll

219 2869 268 2917 817
291 2884 364 2932 sqq:
388 2868 497 2917 ‘decem
518 2869 573 2917 diei
596 2870 687 2918 nrrrndi
709 2870 826 2919 circulos
849 2886 991 2931 asseuero;
1014 2886 1125 2934 quorum
1149 2869 1196 2918 alii
1219 2867 1355 2934 paralleli,

220 2952 286 3002 qum
305 2937 523 2999 aequidistautes
540 2937 639 2986 Latiue
663 2952 805 3002 possumus
822 2954 987 2997 memorare,
1011 2939 1121 2987 eosdem
1143 2937 1220 3002 polos
1242 2936 1355 2997 habent,

219 3020 285 3069 quos
298 3004 358 3069 ipse
371 3004 492 3053 mundus.
517 3005 571 3069 puli
585 3007 655 3053 enirn
669 3012 739 3065 suut,
754 3008 798 3070 qui
811 3023 827 3055 a
841 3012 935 3056 centro
954 3007 1048 3055 circuli
1063 3006 1136 3056 linea
1155 3020 1238 3069 usque
1256 3005 1284 3053 in
1303 3005 1354 3052 eir·

220 3072 423 3122 camierentias'
434 3072 516 3121 drieta
533 3073 689 3122 medietatis
706 3082 800 3123 sectae
818 3090 972 3124 mensuram
991 3089 1080 3138 aequa
1098 3073 1203 3123 ratione
1222 3072 1355 3122 discrimi-

218 3146 294 3190 nant.
320 3155 413 3188 uerrrm
433 3156 466 3189 ex
483 3140 625 3205 parallelis
643 3142 744 3206 primus
761 3142 785 3190 is
804 3148 859 3201 est,
878 3143 923 3207 qul
942 3149 969 3191 et
981 3158 1090 3207 semper
1102 3157 1238 3207 apparens
1252 3146 1279 3189 et
1292 3154 1354 3188 eou-

218 3209 329 3272 tingens
346 3208 467 3257 conliuia
484 3208 598 3257 tinitoris
615 3224 760 3274 numquam
780 3226 885 3259 mersus
903 3211 1034 3273 assurgit3
1058 3210 1101 3275 qui
1124 3208 1356 3274 septemtrionalis

219 3277 338 3326 circulus
350 3276 509 3340 perhibetur
522 3293 553 3326 cx
568 3293 609 3333 eo,
628 3279 698 3341 quod
712 3293 772 3326 cunr
785 3280 886 3328 ceteris
899 3294 968 3343 quae
982 3286 1139 3344 promentur
1151 3280 1233 3327 etiam
1245 3276 1355 3343 gemina

219 3344 312 3394 sidera
324 3345 527 3409 septemtrionis
539 3344 662 3395 includit.
689 3347 824 3395 secundus
838 3352 927 3396 autern
947 3364 980 3395 er
992 3347 1135 3412 parallelis
1153 3346 1285 3395 inanimus
1301 3343 1354 3392 sol-

219 3413 331 3462 stitialis
345 3418 394 3470 est,
409 3413 442 3461 ad
457 3428 534 3477 quem
547 3414 588 3462 sol
602 3414 722 3463 aestiuus
736 3416 872 3463 accedens
884 3414 994 3463 solstitii
1011 3415 1065 3463 line
1083 3414 1207 3479 repulsus
1221 3411 1353 3462 abscedit.

218 3482 316 3530 tertius
338 3480 547 3544 aequinoctialis
569 3481 672 3530 medius
693 3483 879 3546 maximusque
902 3488 1073 3545 cunctorum,
1092 3499 1141 3548 per
1158 3497 1236 3547 quem
1254 3480 1295 3529 sul
1312 3495 1354 3527 11-

220 3550 316 3605 11111111,
330 3548 374 3597 uel
393 3564 452 3597 eum
466 3550 493 3597 in
507 3549 639 3598 aestiuum
653 3550 827 3613 flagrantiam
840 3551 927 3616 surgit
938 3551 982 3600 uel
1001 3567 1060 3600 cum
1073 3552 1101 3600 in
1113 3550 1229 3599 hiberna
1241 3549 1354 3597 descen·

219 3618 267 3678 dic,
287 3618 403 3682 quadam
417 3618 508 3666 rnrrudi
521 3618 669 3666 medietate
683 3624 829 3681 peruectus
841 3634 997 3668 mensuram
1008 3619 1097 3668 noctis
1107 3618 1175 3668 lucis
1186 3617 1354 3681 aequalitate

220 3689 388 3751 compensat.
419 3684 483 3734 huic
500 3685 666 3751 propinquus
684 3686 827 3749 brumalis,
845 3686 874 3735 in
892 3702 969 3750 quem
988 3687 1100 3737 hiemali
1118 3687 1171 3735 line
1189 3685 1354 3751 perueniens

220 3754 249 3802 111
267 3753 422 3818 aquilonem
440 3753 528 3803 denuo
551 3752 675 3818 repulsus
694 3755 821 3818 assurgit.
852 3755 960 3819 quintus
983 3762 1073 3804 autem
1097 3754 1222 3817 idemque
1244 3752 1354 3801 ultimus

220 3822 348 3870 australis
362 3821 460 3885 quique
474 3822 644 3871 antarcticus
661 3821 832 3886 perhibetur3
851 3822 896 3871 hic
909 3838 1012 3872 mersus
1026 3840 1059 3872 ae
1077 3823 1122 3871 uix
1142 3822 1239 3871 altiore
1258 3818 1354 3869 circuli

219 3890 392 3938 extremitate
405 3888 554 3939 horizontis
566 3889 656 3939 defixa
669 3890 831 3953 contingens
842 3891 913 3940 tanti
926 3896 1017 3941 tamen
1030 3890 1112 3956 spatii
1130 3889 1225 3953 quanti
1237 3895 1353 3953 septem-

305 4072 314 4122 1
334 4080 367 4120 aa
385 4058 421 4117 B¹
439 4056 452 4143 11
467 4059 598 4138 gergicis
610 4056 651 4118 B¹
666 4056 679 4141 ΙΙ
702 4063 784 4135 Vere.
801 4080 895 4137 paors.
912 4065 931 4119 Ι
943 4069 1001 4120 322
1016 4060 1028 4141 11
1042 4073 1146 4125 3111111
1159 4055 1197 4117 13¹
1211 4054 1226 4139 11
1241 4058 1354 4120 amodo

218 4142 258 4205 13¹
274 4142 288 4229 11
304 4146 429 4205 dextrae
445 4144 484 4203 B¹
507 4141 520 4225 11
539 4158 555 4207 ὀ
572 4146 657 4205 culus
673 4143 708 4204 Α1
729 4148 842 4225 primus
867 4146 997 4205 circulus
1016 4146 1099 4204 culus
1115 4143 1153 4204 Α2
1167 4146 1281 4223 primus
1298 4146 1353 4202 cir·

219 4233 304 4291 culus
325 4234 349 4289 Β
365 4226 378 4311 11
394 4234 504 4290 articos
521 4238 545 4288 Α
565 4233 677 4290 articus
698 4235 725 4289 B
740 4227 752 4312 11
768 4232 918 4291 acciendus
932 4265 969 4273 -
983 4230 1158 4290 habitabilis
1170 4250 1224 4288 om.
1241 4236 1266 4288 A
1278 4228 1293 4311 11
1309 4229 1353 4287 di-

218 4319 298 4395 gitus
317 4312 473 4397 addicitis
490 4317 605 4374 terinus
625 4312 710 4398 11117
728 4317 926 4375 hiserncrinus
942 4321 995 4374 AB
1009 4313 1023 4398 11
1038 4317 1227 4375 exerueriuus
1247 4323 1272 4375 A
1291 4316 1353 4375 exi-

218 4404 386 4462 meriuusB
401 4397 414 4483 11
428 4410 446 4461 8
459 4399 612 4479 minimus]
627 4405 749 4481 quintus
762 4407 843 4477 vrrlyo
853 4413 955 4460 eontra
964 4405 1051 4460 libros
1066 4398 1081 4486 11
1094 4403 1260 4462 antarticus
1273 4406 1326 4462 AB
1339 4399 1353 4484 11

217 4486 490 4566 9septcutrioualis
508 4492 532 4545 A
