3194 5004
254 378 317 441 486
671 398 704 439 111
717 399 817 440 515511
833 399 982 439 55555511

253 554 286 610 15
303 553 427 611 1155515
441 550 558 609 Aldina
580 550 738 612 55511555
758 550 913 610 Antonius
929 550 1099 610 Muretus
1121 552 1258 611 contulit.
1292 553 1391 613 Huius

255 654 336 711 55115
353 652 511 711 dumtaxat
526 652 606 711 duae
627 634 751 711 fuerint
773 651 950 731 probabiles
973 651 1223 727 5155555115555,
1246 675 1277 733 p.
1293 663 1342 729 27,
1362 665 1393 717 lt)

253 758 508 821 115555151551515,
531 762 578 826 32,
595 764 612 815 8
635 758 719 812 urbe:
739 755 820 813 illius
841 774 903 813 una
927 755 995 813 5515
1016 756 1125 813 Santra
1144 776 1176 834 p.
1191 766 1239 828 31,
1257 767 1290 818 le
1312 758 1393 815 inter

254 877 364 936 5155115
381 857 431 914 551
447 855 569 914 15511155
586 856 755 934 5515515155
771 877 802 935 p.
819 864 861 929 32,
880 867 921 917 15.
943 865 987 927 35,
1003 865 1030 916 4.
1046 868 1072 918 5.
1088 865 1120 929 6,
1138 877 1198 936 quo
1215 858 1307 916 etiam
1323 878 1392 937 pro·

254 959 385 1037 positum
400 958 432 1015 in
448 957 586 1033 margine
607 977 637 1036 p.
654 968 703 1030 35,
719 965 735 1019 7
757 960 807 1034 qui
820 960 885 1014 iura
896 961 1014 1031 5555115
1030 961 1278 1018 5555511555151151
1299 960 1391 1038 perti·

254 1069 317 1119 net.
361 1060 427 1118 Has
454 1068 555 1117 autem
580 1078 620 1117 ue
644 1058 711 1137 quis
737 1060 816 1116 ferte
837 1060 869 1116 in
892 1060 1105 1118 Erasmianam
1125 1062 1273 1120 transisse
1295 1081 1334 1120 511
1356 1080 1393 1119 55

254 1161 468 1239 815511551555
493 1161 666 1239 suspicetur
691 1180 782 1240 quarn
806 1181 867 1219 uno
895 1181 976 1220 anno
1004 1172 1077 1220 5515
1098 1163 1225 1221 Ρ5115115
1253 1164 1393 1221 emissam

254 1262 421 1341 prodidere
447 1261 728 1340 bibliographorum
753 1263 807 1321 filii
838 1262 913 1321 inde
940 1263 978 1321 ab
1004 1264 1227 1323 Almeloveeno
1254 1263 1294 1323 de
1320 1265 1392 1324 51115
1418 1293 1425 1303 ·

255 1363 481 1441 Stephanorurn
508 1361 617 1441 (Arest.
642 1384 669 1421 5.
695 1362 775 1440 1683)
800 1364 936 1444 append.
964 1386 995 1444 p.
1016 1371 1032 1420 5
1055 1365 1094 1424 ad
1117 1366 1334 1425 Renouardum
1359 1367 1392 1425 15

256 1464 405 1523 ‘Annales
423 1465 461 1523 de
483 1465 690 1542 l'imprimerie
713 1465 768 1524 des
783 1467 951 1527 Estienne'
975 1466 1057 1546 (Par.
1074 1487 1102 1526 5.
1120 1465 1199 1544 1843)
1223 1476 1245 1527 1.
1262 1477 1276 1524 1
1295 1476 1392 1546 5351

254 1566 415 1625 sciendum
441 1567 589 1625 5511111115
611 1567 686 1624 5551
715 1577 778 1630 1531
803 1569 982 1628 Terentium
1008 1569 1253 1647 Stephanianum
1277 1570 1394 1629 nullum

254 1688 397 1747 umquam
420 1669 573 1726 exstitisse
593 1667 709 1739 videri,
732 1677 766 1727 51
789 1689 879 1748 quem
900 1671 1057 1729 consultae
1079 1691 1098 1729 5
1118 1691 1167 1731 155
1188 1671 1393 1731 bibliothecae

255 1770 440 1829 lautissimae
455 1790 580 1848 prorsus
596 1771 754 1847 ignorent,
774 1791 833 1829 nec
848 1771 1022 1831 Germanae
1036 1782 1155 1831 tantum
1170 1757 1393 1834 Vindobonen·

255 1892 305 1930 ses
319 1851 515 1931 Monacensis
530 1872 742 1931 Berolinensis
759 1872 991 1950 Goettingensis
1006 1874 1193 1933 Drasdensis
1209 1874 1393 1935 Heidelber-

255 1973 359 2050 gcnsis
375 1974 626 2058 Vratislaviensis
643 1983 674 2032 et
688 1975 714 2032 si
731 1994 810 2053 quae
826 1975 906 2033 51155
921 1985 992 2034 51151
1006 1977 1203 2050 Β515551555,
1224 1975 1281 2035 5511
1303 1978 1394 2036 511515

255 2075 420 2135 Leidensis
435 2085 528 2155 atque
544 2075 623 2135 adeo
639 2077 726 2154 ipsae
741 2077 912 2135 Parisinae.

339 2178 389 2236 De
415 2177 566 2237 Fridetici
592 2177 907 2237 Lindenbruchii
933 2179 1011 2237 curis
1037 2179 1167 2238 Rothius
1196 2178 1275 2239 dixit
1294 2181 1394 2240 Musei

195 2314 201 2323 ·
256 2279 358 2339 Rhea.
379 2280 399 2337 1.
422 2299 446 2337 s.
462 2300 487 2338 s.
509 2300 540 2358 p.
558 2287 623 2351 175,
648 2279 732 2357 15555
753 2279 875 2339 55111555
895 2280 942 2339 illi
962 2281 1062 2340 nullos
1083 2289 1207 2360 praesto
1233 2282 1328 2341 fuisse
1354 2282 1394 2342 ad

257 2380 471 2441 adornandam
486 2381 654 2439 editionem
668 2381 841 2440 Parisinam
856 2382 931 2441 5551
950 2390 1015 2444 teos
1031 2381 1184 2460 (iteratam
1198 2384 1395 2443 Francofurti

257 2504 285 2543 a.
301 2481 382 2558 1623)
400 2483 575 2561 disputans,
595 2482 653 2541 sed
670 2493 829 2567 excerptas
845 2494 963 2542 1551515
978 2504 995 2541 5
1011 2484 1103 2542 variis
1119 2484 1274 2544 codicibus
1285 2487 1394 2552 lectio·

257 2606 328 2657 555,
356 2606 431 2664 quas
457 2586 485 2643 ei
500 2586 552 2644 vel
567 2586 767 2643 conlectanea
789 2585 942 2664 quaedam
960 2584 1167 2644 bibliothecae
1188 2587 1321 2665 Regiae,
1344 2588 1396 2647 551

256 2687 340 2765 typis
363 2705 509 2766 expressa
531 2687 719 2765 exemplaria
740 2688 939 2746 Pitbocorum
958 2687 1118 2773 Francisoi
1139 2688 1300 2767 Patrique,
1324 2708 1395 2748 con·

256 2789 319 2847 lata
340 2808 377 2847 ea
399 2809 466 2847 cum
480 2809 534 2847 ms.
556 2787 711 2847 codicibus
727 2789 856 2847 Antonii
873 2788 977 2848 055111
999 2798 1030 2847 51
1050 2789 1155 2848 Iacobi
1172 2788 1290 2849 Cuiaeii
1310 2799 1395 2849 unte·

257 2910 411 2966 cessopmn
435 2890 689 2961 Bituriecnsium‚
717 2889 769 2975 551
794 2889 930 2949 schedae
956 2891 1042 2949 Petri
1066 2891 1208 2952 Danielis
1235 2892 1395 2951 Aureliani

258 2990 484 3070 praebuissent.
528 2993 570 3050 Et
595 2991 651 3049 has
679 2990 805 3069 quidem
829 2991 960 3050 schedas
987 2991 1027 3050 ad
1051 2992 1150 3071 ipsum
1175 2994 1347 3052 Parisinum
1371 2998 1396 3051 A

257 3101 413 3171 spectasse
440 3095 515 3152 satis
537 3092 694 3151 confirmat
715 3112 883 3171 censensus
905 3095 1158 3153 testimoniorum.
1198 3095 1283 3154 Hinc
1303 3095 1397 3172 igitur

258 3203 305 3253 551
320 3176 402 3273 quod
418 3197 512 3254 vitam
525 3194 671 3273 Terentiix
683 3193 865 3273 quibusdam
879 3196 913 3253 in
928 3196 1017 3269 loeis,
1033 3216 1140 3255 verum
1156 3197 1199 3255 eis
1214 3204 1318 3256 tamen
1333 3218 1395 3255 555

257 3297 375 3371 5151115,
399 3297 641 3356 emendatiorem
663 3295 775 3369 edidit,
798 3297 884 3355 55151
906 3298 1039 3376 receptis
1061 3318 1140 3376 quae
1156 3298 1308 3377 Stephani
1323 3300 1396 3358 ami·

258 3418 309 3457 cus
326 3398 507 3475 neglexerat
521 3420 552 3477 p.
568 3408 618 3473 26,
634 3408 652 3462 8
666 3395 920 3473 151551155527,
937 3401 1039 3459 5510.
1056 3402 1168 3466 laelio,
1189 3409 1238 3473 29,
1255 3404 1396 3471 libiadis,

257 3511 306 3573 31,
326 3510 357 3562 12
373 3502 401 3558 0.
419 3502 560 3575 Sulpicio,
576 3510 624 3575 32,
643 3511 675 3564 13
691 3504 857 3569 Cosconius,
881 3510 928 3575 55,
945 3504 1174 3574 scamnorum,
1196 3511 1303 3575 55551.
1346 3503 1397 3562 De

259 3602 398 3681 qualibus
415 3623 494 3681 quae
510 3605 577 3682 ipse
597 3623 753 3683 perpauca
768 3602 931 3682 adscripsit
952 3602 1091 3661 codicum
1109 3603 1299 3676 testimonia,
1323 3623 1396 3683 quo·

259 3705 343 3762 niam
357 3716 389 3762 et
402 3704 497 3764 valde
513 3703 655 3782 arnbigua
670 3715 742 3764 5551
757 3725 815 3763 555
837 3705 919 3763 51551
936 3725 975 3763 ex
990 3714 1078 3783 parte
1094 3726 1183 3778 vera,
1205 3724 1265 3783 quo
1286 3705 1397 3763 certius
1415 3688 1422 3703 ⁵

258 3806 385 3863 aliorum
395 3826 520 3872 ,errores
537 3806 686 3886 quosdam
701 3826 829 3880 555555,
846 3807 943 3885 ipsius
958 3806 1053 3865 verba
1068 3807 1150 3865 infra
1164 3807 1254 3885 posui
1261 3803 1304 3883 ²¹²).
1367 3820 1371 3831 '

258 3940 457 3949 -..-.-.....-.-..⁴

342 4004 366 4070 *1
386 4007 534 4058 1115551551
553 4008 625 4057 55151
643 4007 714 4059 tales
728 4024 833 4059 errores
846 4025 879 4059 ex
898 4024 930 4058 co
948 4008 1130 4074 potissimum,
1150 4007 1222 4074 quod
1239 4007 1399 4058 testimonia

259 4092 309 4142 illa
326 4092 369 4141 551
389 4092 446 4142 alia
463 4093 506 4142 vel
526 4093 650 4142 auctiora
669 4094 697 4141 in
716 4093 945 4143 Francofurtensi
963 4108 989 4158 p.
1003 4090 1051 4142 1131
1070 4108 1109 4156 sq.
1130 4108 1210 4157 quam
1228 4093 1257 4141 in
1268 4094 1399 4142 Parisino.

258 4194 285 4243 5.
305 4176 352 4227 621
373 4194 412 4242 sq.
438 4181 562 4227 exstant:
588 4177 813 4241 quemadmodum
837 4179 922 4228 etiam
946 4176 1038 4226 Contii
1056 4175 1219 4242 Cuiaciique
1243 4178 1345 4227 mentio
1369 4178 1398 4227 iu

260 4263 375 4313 alterius
398 4262 506 4312 demum
525 4262 653 4311 editionis
671 4263 845 4326 praefatione
869 4263 999 4311 accessit.
1035 4262 1133 4325 Itaque
1156 4262 1398 4312 Francofurtehsis

260 4363 439 4412 quaecunque
457 4346 503 4396 551
522 4346 628 4396 addidit
646 4344 699 4411 (-Ι-)
721 4346 766 4397 551
786 4348 903 4395 mutavit
921 4345 975 4409 (=)
999 4345 1077 4394 uncis
1100 4348 1200 4412 555551.
1221 4370 1249 4381 -
1269 4346 1301 4395 P.
1319 4344 1361 4407 31,
1381 4344 1399 4395 8

259 4434 369 4489 115551
392 4432 614 4493 555555151555)
638 4447 699 4485 1155,
726 4432 969 4482 01115555555155111.
994 4428 1039 4494 [e
1048 4444 1141 4485 115.,5.
1166 4431 1240 4482 Gaiae
1256 4430 1397 4479 5511551511-
