<?xml version="1.0" encoding="UTF-8"?>
<!DOCTYPE html PUBLIC "-//W3C//DTD XHTML 1.0 Transitional//EN"
    "http://www.w3.org/TR/xhtml1/DTD/xhtml1-transitional.dtd">
<html xmlns="http://www.w3.org/1999/xhtml" xml:lang="en" lang="en">
 <head>
  <title>
</title>
<meta http-equiv="Content-Type" content="text/html;charset=utf-8" />
  <meta name='ocr-system' content='tesseract 3.04.00' />
  <meta name='ocr-capabilities' content='ocr_page ocr_carea ocr_par ocr_line ocrx_word'/>
</head>
<body>
  <div class='ocr_page' id='page_1' title='image "./csuetonitranqui01ritsgoog_0397.png"; bbox 0 0 3220 5022; ppageno 0'>
   <div class='ocr_carea' id='block_1_1' title="bbox 240 387 1049 457">
    <p class='ocr_par' dir='ltr' id='par_1_1' title="bbox 240 387 1049 457">
     <span class='ocr_line' id='line_1_1' title="bbox 240 387 1049 457; baseline 0 -7"><span class='ocrx_word' id='word_1_1' title='bbox 240 387 302 450; x_wconf 81' lang='lat'><strong>368</strong></span> <span class='ocrx_word' id='word_1_2' title='bbox 583 408 806 457; x_wconf 75' lang='lat' dir='ltr'><strong>ovausrronus</strong></span> <span class='ocrx_word' id='word_1_3' title='bbox 822 409 1049 452; x_wconf 78' lang='lat' dir='ltr'><strong>svsuournunu</strong></span> 
     </span>
    </p>
   </div>
   <div class='ocr_carea' id='block_1_2' title="bbox 182 559 1380 3275">
    <p class='ocr_par' dir='ltr' id='par_1_2' title="bbox 182 559 1380 2963">
     <span class='ocr_line' id='line_1_2' title="bbox 242 559 1365 640; baseline 0.002 -22"><span class='ocrx_word' id='word_1_4' title='bbox 242 559 369 618; x_wconf 88' lang='lat' dir='ltr'><strong>Suetoni</strong></span> <span class='ocrx_word' id='word_1_5' title='bbox 382 559 531 618; x_wconf 89' lang='lat' dir='ltr'><strong>rationem</strong></span> <span class='ocrx_word' id='word_1_6' title='bbox 545 559 717 636; x_wconf 82' lang='lat' dir='ltr'><strong>significare</strong></span> <span class='ocrx_word' id='word_1_7' title='bbox 733 567 817 638; x_wconf 88' lang='lat' dir='ltr'><strong>puto.</strong></span> <span class='ocrx_word' id='word_1_8' title='bbox 844 579 935 640; x_wconf 87' lang='lat' dir='ltr'><strong>quarn</strong></span> <span class='ocrx_word' id='word_1_9' title='bbox 951 561 1122 640; x_wconf 73' lang='lat' dir='ltr'>opinionem</span> <span class='ocrx_word' id='word_1_10' title='bbox 1138 560 1289 620; x_wconf 85' lang='lat' dir='ltr'><strong>adiuverit</strong></span> <span class='ocrx_word' id='word_1_11' title='bbox 1304 561 1365 620; x_wconf 92' lang='lat' dir='ltr'><strong>alte</strong></span> 
     </span>
     <span class='ocr_line' id='line_1_3' title="bbox 240 650 1379 742; baseline 0.002 -23"><span class='ocrx_word' id='word_1_12' title='bbox 240 679 305 719; x_wconf 88' lang='lat' dir='ltr'><strong>rum</strong></span> <span class='ocrx_word' id='word_1_13' title='bbox 322 650 525 719; x_wconf 83' lang='lat' dir='ltr'><strong>testimouium</strong></span> <span class='ocrx_word' id='word_1_14' title='bbox 532 661 711 742; x_wconf 79' lang='lat' dir='ltr'><strong>Hieronymi</strong></span> <span class='ocrx_word' id='word_1_15' title='bbox 728 661 759 719; x_wconf 92' lang='lat' dir='ltr'><strong>in</strong></span> <span class='ocrx_word' id='word_1_16' title='bbox 779 662 916 741; x_wconf 76' lang='lat' dir='ltr'>epistulis</span> <span class='ocrx_word' id='word_1_17' title='bbox 930 668 1057 720; x_wconf 85' lang='lat' dir='ltr'><strong>imitatus</strong></span> <span class='ocrx_word' id='word_1_18' title='bbox 1073 665 1271 736; x_wconf 73' lang='lat' dir='ltr'><em>Tranquillum</em></span> <span class='ocrx_word' id='word_1_19' title='bbox 1289 668 1379 722; x_wconf 85' lang='lat' dir='ltr'><strong>Grue-</strong></span> 
     </span>
     <span class='ocr_line' id='line_1_4' title="bbox 238 762 1377 843; baseline 0.003 -24"><span class='ocrx_word' id='word_1_20' title='bbox 238 778 360 834; x_wconf 84' lang='lat' dir='ltr'><strong>cumquc</strong></span> <span class='ocrx_word' id='word_1_21' title='bbox 374 766 569 834; x_wconf 79' lang='lat' dir='ltr'><strong>Apollonium,</strong></span> <span class='ocrx_word' id='word_1_22' title='bbox 582 783 641 843; x_wconf 89' lang='lat' dir='ltr'><strong>que</strong></span> <span class='ocrx_word' id='word_1_23' title='bbox 660 762 901 822; x_wconf 87' lang='lat' dir='ltr'><strong>Suetonius-non</strong></span> <span class='ocrx_word' id='word_1_24' title='bbox 916 766 982 823; x_wconf 92' lang='lat' dir='ltr'><strong>sine</strong></span> <span class='ocrx_word' id='word_1_25' title='bbox 996 771 1121 822; x_wconf 88' lang='lat' dir='ltr'><strong>auctore</strong></span> <span class='ocrx_word' id='word_1_26' title='bbox 1132 763 1285 824; x_wconf 88' lang='lat' dir='ltr'><strong>diversam</strong></span> <span class='ocrx_word' id='word_1_27' title='bbox 1297 766 1377 824; x_wconf 85' lang='lat' dir='ltr'><strong>viam</strong></span> 
     </span>
     <span class='ocr_line' id='line_1_5' title="bbox 239 861 1379 943; baseline 0.002 -23"><span class='ocrx_word' id='word_1_28' title='bbox 239 863 333 920; x_wconf 89' lang='lat' dir='ltr'><strong>inisse</strong></span> <span class='ocrx_word' id='word_1_29' title='bbox 361 861 521 923; x_wconf 87' lang='lat' dir='ltr'><strong>indicatur.</strong></span> <span class='ocrx_word' id='word_1_30' title='bbox 559 883 650 943; x_wconf 86' lang='lat' dir='ltr'><strong>quarn</strong></span> <span class='ocrx_word' id='word_1_31' title='bbox 671 863 818 942; x_wconf 84' lang='lat' dir='ltr'>Apolloni</span> <span class='ocrx_word' id='word_1_32' title='bbox 839 864 952 925; x_wconf 87' lang='lat' dir='ltr'><strong>Rhodii</strong></span> <span class='ocrx_word' id='word_1_33' title='bbox 981 865 1156 924; x_wconf 82' lang='lat' dir='ltr'><strong>memoriam</strong></span> <span class='ocrx_word' id='word_1_34' title='bbox 1178 862 1231 943; x_wconf 82' lang='lat' dir='ltr'><strong>(el.</strong></span> <span class='ocrx_word' id='word_1_35' title='bbox 1248 865 1379 925; x_wconf 86' lang='lat' dir='ltr'><strong>Ritschl.</strong></span> 
     </span>
     <span class='ocr_line' id='line_1_6' title="bbox 240 961 1378 1045; baseline 0.004 -25"><span class='ocrx_word' id='word_1_36' title='bbox 240 961 345 1022; x_wconf 93' lang='lat' dir='ltr'><strong>coroll.</strong></span> <span class='ocrx_word' id='word_1_37' title='bbox 367 963 405 1022; x_wconf 87' lang='lat' dir='ltr'><strong>de</strong></span> <span class='ocrx_word' id='word_1_38' title='bbox 430 962 503 1024; x_wconf 89' lang='lat' dir='ltr'><strong>bibl.</strong></span> <span class='ocrx_word' id='word_1_39' title='bbox 520 965 610 1024; x_wconf 83' lang='lat' dir='ltr'><strong>Alex.</strong></span> <span class='ocrx_word' id='word_1_40' title='bbox 626 985 656 1044; x_wconf 88' lang='lat' dir='ltr'><strong>p.</strong></span> <span class='ocrx_word' id='word_1_41' title='bbox 675 972 710 1026; x_wconf 75' lang='lat'><strong>‘23</strong></span> <span class='ocrx_word' id='word_1_42' title='bbox 724 964 861 1024; x_wconf 84' lang='lat' dir='ltr'><strong>Mtltaell.</strong></span> <span class='ocrx_word' id='word_1_43' title='bbox 882 965 920 1024; x_wconf 87' lang='lat' dir='ltr'><strong>de</strong></span> <span class='ocrx_word' id='word_1_44' title='bbox 942 965 1061 1025; x_wconf 88' lang='lat' dir='ltr'><strong>emend.</strong></span> <span class='ocrx_word' id='word_1_45' title='bbox 1082 966 1184 1044; x_wconf 84' lang='lat' dir='ltr'><strong>theog.</strong></span> <span class='ocrx_word' id='word_1_46' title='bbox 1201 966 1329 1027; x_wconf 87' lang='lat' dir='ltr'><strong>Hesiod.</strong></span> <span class='ocrx_word' id='word_1_47' title='bbox 1349 987 1378 1045; x_wconf 87' lang='lat' dir='ltr'><strong>p.</strong></span> 
     </span>
     <span class='ocr_line' id='line_1_7' title="bbox 238 1062 1377 1144; baseline -0.002 -17"><span class='ocrx_word' id='word_1_48' title='bbox 238 1062 304 1142; x_wconf 76' lang='lat'>288)</span> <span class='ocrx_word' id='word_1_49' title='bbox 325 1063 424 1124; x_wconf 86' lang='lat' dir='ltr'><strong>eidem</strong></span> <span class='ocrx_word' id='word_1_50' title='bbox 439 1066 555 1124; x_wconf 90' lang='lat' dir='ltr'><strong>auctori</strong></span> <span class='ocrx_word' id='word_1_51' title='bbox 569 1066 759 1144; x_wconf 85' lang='lat' dir='ltr'><strong>Hieronymo</strong></span> <span class='ocrx_word' id='word_1_52' title='bbox 775 1065 895 1126; x_wconf 90' lang='lat' dir='ltr'><strong>debeat.</strong></span> <span class='ocrx_word' id='word_1_53' title='bbox 924 1077 1020 1126; x_wconf 88' lang='lat' dir='ltr'><strong>restat</strong></span> <span class='ocrx_word' id='word_1_54' title='bbox 1036 1077 1245 1144; x_wconf 76' lang='lat' dir='ltr'><strong>argumentum</strong></span> <span class='ocrx_word' id='word_1_55' title='bbox 1262 1086 1302 1127; x_wconf 81' lang='lat' dir='ltr'><strong>ex</strong></span> <span class='ocrx_word' id='word_1_56' title='bbox 1317 1076 1377 1127; x_wconf 89' lang='lat' dir='ltr'><strong>tes·</strong></span> 
     </span>
     <span class='ocr_line' id='line_1_8' title="bbox 237 1164 1380 1247; baseline 0.003 -24"><span class='ocrx_word' id='word_1_57' title='bbox 237 1166 360 1224; x_wconf 87' lang='lat' dir='ltr'><strong>timonio</strong></span> <span class='ocrx_word' id='word_1_58' title='bbox 375 1167 553 1245; x_wconf 88' lang='lat' dir='ltr'><strong>repetitum,</strong></span> <span class='ocrx_word' id='word_1_59' title='bbox 569 1164 649 1245; x_wconf 92' lang='lat' dir='ltr'><strong>quod</strong></span> <span class='ocrx_word' id='word_1_60' title='bbox 668 1169 847 1246; x_wconf 88' lang='lat' dir='ltr'><strong>cumprime</strong></span> <span class='ocrx_word' id='word_1_61' title='bbox 865 1168 1014 1247; x_wconf 88' lang='lat' dir='ltr'><strong>adspectu</strong></span> <span class='ocrx_word' id='word_1_62' title='bbox 1034 1176 1129 1227; x_wconf 88' lang='lat' dir='ltr'><strong>totam</strong></span> <span class='ocrx_word' id='word_1_63' title='bbox 1146 1167 1380 1247; x_wconf 88' lang='lat' dir='ltr'><strong>disputationem</strong></span> 
     </span>
     <span class='ocr_line' id='line_1_9' title="bbox 238 1265 1378 1349; baseline 0.001 -23"><span class='ocrx_word' id='word_1_64' title='bbox 238 1276 378 1327; x_wconf 82' lang='lat' dir='ltr'><strong>evertere</strong></span> <span class='ocrx_word' id='word_1_65' title='bbox 398 1267 553 1338; x_wconf 90' lang='lat' dir='ltr'><strong>videatur,</strong></span> <span class='ocrx_word' id='word_1_66' title='bbox 582 1265 621 1325; x_wconf 93' lang='lat' dir='ltr'><strong>ad</strong></span> <span class='ocrx_word' id='word_1_67' title='bbox 641 1286 709 1326; x_wconf 79' lang='lat' dir='ltr'><strong>eam</strong></span> <span class='ocrx_word' id='word_1_68' title='bbox 729 1269 963 1329; x_wconf 85' lang='lat' dir='ltr'><strong>confirmandam</strong></span> <span class='ocrx_word' id='word_1_69' title='bbox 987 1272 1087 1349; x_wconf 89' lang='lat' dir='ltr'><strong>potius</strong></span> <span class='ocrx_word' id='word_1_70' title='bbox 1109 1280 1139 1328; x_wconf 92' lang='lat' dir='ltr'><strong>et</strong></span> <span class='ocrx_word' id='word_1_71' title='bbox 1158 1269 1378 1329; x_wconf 85' lang='lat' dir='ltr'><strong>inlustrandam</strong></span> 
     </span>
     <span class='ocr_line' id='line_1_10' title="bbox 182 1367 1379 1448; baseline 0.002 -22"><span class='ocrx_word' id='word_1_72' title='bbox 182 1435 188 1448; x_wconf 37' lang='lat'>⁸</span> <span class='ocrx_word' id='word_1_73' title='bbox 238 1368 426 1445; x_wconf 88' lang='lat' dir='ltr'><strong>aptissimum</strong></span> <span class='ocrx_word' id='word_1_74' title='bbox 440 1388 508 1428; x_wconf 91' lang='lat' dir='ltr'><strong>esse</strong></span> <span class='ocrx_word' id='word_1_75' title='bbox 519 1367 648 1446; x_wconf 89' lang='lat' dir='ltr'><strong>patebit.</strong></span> <span class='ocrx_word' id='word_1_76' title='bbox 671 1368 850 1430; x_wconf 83' lang='lat' dir='ltr'><strong>Suetonium</strong></span> <span class='ocrx_word' id='word_1_77' title='bbox 867 1372 946 1430; x_wconf 86' lang='lat' dir='ltr'><strong>enirn</strong></span> <span class='ocrx_word' id='word_1_78' title='bbox 960 1371 999 1429; x_wconf 91' lang='lat' dir='ltr'><strong>de</strong></span> <span class='ocrx_word' id='word_1_79' title='bbox 1011 1369 1133 1447; x_wconf 86' lang='lat' dir='ltr'><strong>regibus</strong></span> <span class='ocrx_word' id='word_1_80' title='bbox 1147 1370 1240 1430; x_wconf 91' lang='lat' dir='ltr'><strong>libros</strong></span> <span class='ocrx_word' id='word_1_81' title='bbox 1252 1379 1314 1429; x_wconf 86' lang='lat' dir='ltr'><strong>tres</strong></span> <span class='ocrx_word' id='word_1_82' title='bbox 1326 1369 1379 1428; x_wconf 88' lang='lat' dir='ltr'><strong>dc·</strong></span> 
     </span>
     <span class='ocr_line' id='line_1_11' title="bbox 238 1468 1378 1552; baseline 0.003 -26"><span class='ocrx_word' id='word_1_83' title='bbox 238 1468 320 1529; x_wconf 88' lang='lat' dir='ltr'><strong>disse</strong></span> <span class='ocrx_word' id='word_1_84' title='bbox 337 1470 491 1530; x_wconf 88' lang='lat' dir='ltr'><strong>Ausonius</strong></span> <span class='ocrx_word' id='word_1_85' title='bbox 510 1469 643 1548; x_wconf 78' lang='lat' dir='ltr'><strong>epistula</strong></span> <span class='ocrx_word' id='word_1_86' title='bbox 661 1471 790 1531; x_wconf 86' lang='lat' dir='ltr'>XVIIII</span> <span class='ocrx_word' id='word_1_87' title='bbox 807 1471 929 1549; x_wconf 79' lang='lat' dir='ltr'><strong>(fragm.</strong></span> <span class='ocrx_word' id='word_1_88' title='bbox 943 1473 1006 1551; x_wconf 84' lang='grc'>177)</span> <span class='ocrx_word' id='word_1_89' title='bbox 1026 1471 1145 1545; x_wconf 81' lang='lat' dir='ltr'><strong>scribit,</strong></span> <span class='ocrx_word' id='word_1_90' title='bbox 1164 1492 1241 1552; x_wconf 87' lang='lat' dir='ltr'><strong>quos</strong></span> <span class='ocrx_word' id='word_1_91' title='bbox 1260 1480 1378 1551; x_wconf 89' lang='lat' dir='ltr'><strong>partem</strong></span> 
     </span>
     <span class='ocr_line' id='line_1_12' title="bbox 237 1564 1377 1652; baseline 0.004 -25"><span class='ocrx_word' id='word_1_92' title='bbox 237 1571 407 1630; x_wconf 84' lang='lat' dir='ltr'><strong>inlustrium</strong></span> <span class='ocrx_word' id='word_1_93' title='bbox 427 1573 559 1631; x_wconf 88' lang='lat' dir='ltr'><strong>virorum</strong></span> <span class='ocrx_word' id='word_1_94' title='bbox 574 1591 630 1630; x_wconf 91' lang='lat' dir='ltr'><strong>nos</strong></span> <span class='ocrx_word' id='word_1_95' title='bbox 651 1570 765 1632; x_wconf 89' lang='lat' dir='ltr'><strong>habere</strong></span> <span class='ocrx_word' id='word_1_96' title='bbox 785 1592 841 1652; x_wconf 90' lang='lat' dir='ltr'><strong>per</strong></span> <span class='ocrx_word' id='word_1_97' title='bbox 863 1593 896 1633; x_wconf 89' lang='lat' dir='ltr'><strong>se</strong></span> <span class='ocrx_word' id='word_1_98' title='bbox 922 1575 997 1634; x_wconf 92' lang='lat' dir='ltr'><strong>nihil</strong></span> <span class='ocrx_word' id='word_1_99' title='bbox 1011 1564 1124 1634; x_wconf 75' lang='lat' dir='ltr'><strong>&#39;vetare</strong></span> <span class='ocrx_word' id='word_1_100' title='bbox 1146 1574 1277 1637; x_wconf 85' lang='lat' dir='ltr'><strong>videtur.</strong></span> <span class='ocrx_word' id='word_1_101' title='bbox 1322 1571 1377 1632; x_wconf 88' lang='lat' dir='ltr'><strong>sed</strong></span> 
     </span>
     <span class='ocr_line' id='line_1_13' title="bbox 238 1670 1378 1737; baseline 0.003 -7"><span class='ocrx_word' id='word_1_102' title='bbox 238 1670 276 1730; x_wconf 88' lang='lat' dir='ltr'><strong>ab</strong></span> <span class='ocrx_word' id='word_1_103' title='bbox 300 1671 407 1731; x_wconf 88' lang='lat' dir='ltr'><strong>eodem</strong></span> <span class='ocrx_word' id='word_1_104' title='bbox 431 1679 555 1731; x_wconf 88' lang='lat' dir='ltr'><strong>auctore</strong></span> <span class='ocrx_word' id='word_1_105' title='bbox 585 1672 729 1733; x_wconf 90' lang='lat' dir='ltr'><strong>doeemur</strong></span> <span class='ocrx_word' id='word_1_106' title='bbox 754 1675 932 1736; x_wconf 87' lang='lat' dir='ltr'><strong>Suetonium</strong></span> <span class='ocrx_word' id='word_1_107' title='bbox 959 1697 1020 1737; x_wconf 92' lang='lat' dir='ltr'><strong>non</strong></span> <span class='ocrx_word' id='word_1_108' title='bbox 1050 1675 1147 1736; x_wconf 89' lang='lat' dir='ltr'><strong>solum</strong></span> <span class='ocrx_word' id='word_1_109' title='bbox 1174 1676 1378 1735; x_wconf 87' lang='lat' dir='ltr'><strong>Romanorum</strong></span> 
     </span>
     <span class='ocr_line' id='line_1_14' title="bbox 236 1773 1374 1851; baseline 0.001 -19"><span class='ocrx_word' id='word_1_110' title='bbox 236 1794 342 1851; x_wconf 85' lang='lat' dir='ltr'><strong>regum</strong></span> <span class='ocrx_word' id='word_1_111' title='bbox 365 1773 421 1834; x_wconf 90' lang='lat' dir='ltr'><strong>sed</strong></span> <span class='ocrx_word' id='word_1_112' title='bbox 443 1775 535 1833; x_wconf 88' lang='lat' dir='ltr'><strong>etiam</strong></span> <span class='ocrx_word' id='word_1_113' title='bbox 550 1774 737 1836; x_wconf 85' lang='lat' dir='ltr'><strong>Graecorum</strong></span> <span class='ocrx_word' id='word_1_114' title='bbox 761 1785 792 1836; x_wconf 91' lang='lat' dir='ltr'><strong>et</strong></span> <span class='ocrx_word' id='word_1_115' title='bbox 813 1775 1009 1837; x_wconf 88' lang='lat' dir='ltr'><strong>barbarorum</strong></span> <span class='ocrx_word' id='word_1_116' title='bbox 1023 1778 1181 1837; x_wconf 71' lang='lat' dir='ltr'><strong>historiam</strong></span> <span class='ocrx_word' id='word_1_117' title='bbox 1200 1775 1374 1848; x_wconf 81' lang='lat' dir='ltr'><strong>tradidisse,</strong></span> 
     </span>
     <span class='ocr_line' id='line_1_15' title="bbox 237 1874 1377 1956; baseline 0 -23"><span class='ocrx_word' id='word_1_118' title='bbox 237 1874 319 1954; x_wconf 87' lang='lat' dir='ltr'><strong>quod</strong></span> <span class='ocrx_word' id='word_1_119' title='bbox 334 1897 353 1935; x_wconf 87' lang='lat' dir='ltr'><strong>a</strong></span> <span class='ocrx_word' id='word_1_120' title='bbox 368 1877 493 1935; x_wconf 84' lang='lat' dir='ltr'><strong>oonsilio</strong></span> <span class='ocrx_word' id='word_1_121' title='bbox 511 1875 581 1935; x_wconf 89' lang='lat' dir='ltr'><strong>libri</strong></span> <span class='ocrx_word' id='word_1_122' title='bbox 598 1876 637 1937; x_wconf 90' lang='lat' dir='ltr'><strong>de</strong></span> <span class='ocrx_word' id='word_1_123' title='bbox 653 1879 728 1937; x_wconf 81' lang='lat' dir='ltr'><strong>viris</strong></span> <span class='ocrx_word' id='word_1_124' title='bbox 745 1877 922 1937; x_wconf 89' lang='lat' dir='ltr'><strong>inlustribus</strong></span> <span class='ocrx_word' id='word_1_125' title='bbox 938 1878 1070 1937; x_wconf 89' lang='lat' dir='ltr'><strong>alianum</strong></span> <span class='ocrx_word' id='word_1_126' title='bbox 1087 1897 1155 1937; x_wconf 85' lang='lat' dir='ltr'><strong>esse</strong></span> <span class='ocrx_word' id='word_1_127' title='bbox 1172 1876 1308 1956; x_wconf 83' lang='lat' dir='ltr'><strong>adparet</strong></span> <span class='ocrx_word' id='word_1_128' title='bbox 1345 1885 1377 1933; x_wconf 91' lang='lat' dir='ltr'><strong>at</strong></span> 
     </span>
     <span class='ocr_line' id='line_1_16' title="bbox 236 1977 1377 2058; baseline -0.002 -22"><span class='ocrx_word' id='word_1_129' title='bbox 236 1979 317 2036; x_wconf 86' lang='lat' dir='ltr'><strong>enim</strong></span> <span class='ocrx_word' id='word_1_130' title='bbox 334 1997 395 2037; x_wconf 90' lang='lat' dir='ltr'><strong>non</strong></span> <span class='ocrx_word' id='word_1_131' title='bbox 415 1978 582 2038; x_wconf 87' lang='lat' dir='ltr'><strong>subversor</strong></span> <span class='ocrx_word' id='word_1_132' title='bbox 603 1999 642 2038; x_wconf 88' lang='lat' dir='ltr'><strong>nc</strong></span> <span class='ocrx_word' id='word_1_133' title='bbox 664 1980 731 2058; x_wconf 90' lang='lat' dir='ltr'><strong>quis</strong></span> <span class='ocrx_word' id='word_1_134' title='bbox 747 1980 820 2038; x_wconf 91' lang='lat' dir='ltr'><strong>mihi</strong></span> <span class='ocrx_word' id='word_1_135' title='bbox 838 1979 1012 2058; x_wconf 82' lang='lat' dir='ltr'><strong>exemplum</strong></span> <span class='ocrx_word' id='word_1_136' title='bbox 1027 1979 1156 2058; x_wconf 86' lang='lat' dir='ltr'><strong>Nepotis</strong></span> <span class='ocrx_word' id='word_1_137' title='bbox 1176 1977 1306 2051; x_wconf 89' lang='lat' dir='ltr'><strong>obiciat,</strong></span> <span class='ocrx_word' id='word_1_138' title='bbox 1324 1977 1377 2056; x_wconf 88' lang='lat' dir='ltr'><strong>qui</strong></span> 
     </span>
     <span class='ocr_line' id='line_1_17' title="bbox 237 2080 1378 2141; baseline -0.002 -3"><span class='ocrx_word' id='word_1_139' title='bbox 237 2080 328 2138; x_wconf 88' lang='lat' dir='ltr'><strong>etiam</strong></span> <span class='ocrx_word' id='word_1_140' title='bbox 351 2080 539 2140; x_wconf 88' lang='lat' dir='ltr'><strong>Graecorum</strong></span> <span class='ocrx_word' id='word_1_141' title='bbox 554 2081 729 2141; x_wconf 77' lang='lat' dir='ltr'><strong>inlustrium</strong></span> <span class='ocrx_word' id='word_1_142' title='bbox 752 2082 884 2140; x_wconf 89' lang='lat' dir='ltr'><strong>virorum</strong></span> <span class='ocrx_word' id='word_1_143' title='bbox 904 2081 998 2139; x_wconf 86' lang='lat' dir='ltr'><strong>vitam</strong></span> <span class='ocrx_word' id='word_1_144' title='bbox 1017 2080 1234 2140; x_wconf 83' lang='lat' dir='ltr'><strong>inlustraverit.</strong></span> <span class='ocrx_word' id='word_1_145' title='bbox 1261 2099 1331 2138; x_wconf 85' lang='lat' dir='ltr'><strong>narn</strong></span> <span class='ocrx_word' id='word_1_146' title='bbox 1344 2085 1378 2136; x_wconf 91' lang='lat' dir='ltr'><strong>ut</strong></span> 
     </span>
     <span class='ocr_line' id='line_1_18' title="bbox 236 2180 1377 2262; baseline -0.003 -23"><span class='ocrx_word' id='word_1_147' title='bbox 236 2183 373 2240; x_wconf 71' lang='lat' dir='ltr'><strong>eminam</strong></span> <span class='ocrx_word' id='word_1_148' title='bbox 387 2183 472 2241; x_wconf 90' lang='lat' dir='ltr'><strong>nulla</strong></span> <span class='ocrx_word' id='word_1_149' title='bbox 485 2183 618 2259; x_wconf 76' lang='lat' dir='ltr'><strong>vestIgia</strong></span> <span class='ocrx_word' id='word_1_150' title='bbox 629 2202 698 2241; x_wconf 88' lang='lat' dir='ltr'><strong>esse</strong></span> <span class='ocrx_word' id='word_1_151' title='bbox 713 2180 824 2262; x_wconf 92' lang='lat' dir='ltr'><strong>quibus</strong></span> <span class='ocrx_word' id='word_1_152' title='bbox 844 2181 1031 2241; x_wconf 84' lang='lat' dir='ltr'><strong>adducamur</strong></span> <span class='ocrx_word' id='word_1_153' title='bbox 1043 2191 1078 2240; x_wconf 90' lang='lat' dir='ltr'><strong>ut</strong></span> <span class='ocrx_word' id='word_1_154' title='bbox 1092 2181 1271 2241; x_wconf 82' lang='lat' dir='ltr'><strong>Suetonium</strong></span> <span class='ocrx_word' id='word_1_155' title='bbox 1287 2180 1377 2239; x_wconf 88' lang='lat' dir='ltr'><strong>ctiam</strong></span> 
     </span>
     <span class='ocr_line' id='line_1_19' title="bbox 235 2278 1378 2363; baseline -0.005 -21"><span class='ocrx_word' id='word_1_156' title='bbox 235 2302 364 2360; x_wconf 57' lang='lat' dir='ltr'><strong>mancos</strong></span> <span class='ocrx_word' id='word_1_157' title='bbox 386 2285 549 2363; x_wconf 83' lang='lat' dir='ltr'><strong>scriptores</strong></span> <span class='ocrx_word' id='word_1_158' title='bbox 571 2302 765 2343; x_wconf 84' lang='lat' dir='ltr'><strong>enumerasse</strong></span> <span class='ocrx_word' id='word_1_159' title='bbox 783 2291 968 2356; x_wconf 81' lang='lat' dir='ltr'><strong>statuamus,</strong></span> <span class='ocrx_word' id='word_1_160' title='bbox 995 2282 1073 2342; x_wconf 89' lang='lat' dir='ltr'><strong>adeo</strong></span> <span class='ocrx_word' id='word_1_161' title='bbox 1096 2292 1202 2342; x_wconf 91' lang='lat' dir='ltr'><strong>auctor</strong></span> <span class='ocrx_word' id='word_1_162' title='bbox 1222 2278 1310 2338; x_wconf 90' lang='lat' dir='ltr'><strong>uobis</strong></span> <span class='ocrx_word' id='word_1_163' title='bbox 1331 2288 1378 2337; x_wconf 88' lang='lat' dir='ltr'><strong>est</strong></span> 
     </span>
     <span class='ocr_line' id='line_1_20' title="bbox 235 2383 1377 2465; baseline -0.001 -23"><span class='ocrx_word' id='word_1_164' title='bbox 235 2384 403 2461; x_wconf 83' lang='lat' dir='ltr'><strong>neglegens</strong></span> <span class='ocrx_word' id='word_1_165' title='bbox 413 2384 466 2443; x_wconf 90' lang='lat' dir='ltr'><strong>ille</strong></span> <span class='ocrx_word' id='word_1_166' title='bbox 479 2384 602 2465; x_wconf 91' lang='lat' dir='ltr'><strong>quidem</strong></span> <span class='ocrx_word' id='word_1_167' title='bbox 615 2393 646 2443; x_wconf 89' lang='lat' dir='ltr'><strong>et</strong></span> <span class='ocrx_word' id='word_1_168' title='bbox 656 2384 882 2463; x_wconf 80' lang='lat' dir='ltr'><strong>neglegendus,</strong></span> <span class='ocrx_word' id='word_1_169' title='bbox 899 2405 989 2464; x_wconf 90' lang='lat' dir='ltr'><strong>quem</strong></span> <span class='ocrx_word' id='word_1_170' title='bbox 1001 2393 1104 2444; x_wconf 88' lang='lat' dir='ltr'><strong>tamen</strong></span> <span class='ocrx_word' id='word_1_171' title='bbox 1114 2385 1173 2443; x_wconf 92' lang='lat' dir='ltr'><strong>hoc</strong></span> <span class='ocrx_word' id='word_1_172' title='bbox 1184 2383 1252 2443; x_wconf 90' lang='lat' dir='ltr'><strong>loco</strong></span> <span class='ocrx_word' id='word_1_173' title='bbox 1264 2384 1377 2462; x_wconf 89' lang='lat' dir='ltr'><strong>optime</strong></span> 
     </span>
     <span class='ocr_line' id='line_1_21' title="bbox 236 2483 1377 2562; baseline -0.002 -18"><span class='ocrx_word' id='word_1_174' title='bbox 236 2486 393 2557; x_wconf 84' lang='lat' dir='ltr'><strong>adhibeas.</strong></span> <span class='ocrx_word' id='word_1_175' title='bbox 429 2485 539 2545; x_wconf 82' lang='lat' dir='ltr'><strong>Suidas</strong></span> <span class='ocrx_word' id='word_1_176' title='bbox 555 2487 636 2545; x_wconf 89' lang='lat' dir='ltr'><strong>enim</strong></span> <span class='ocrx_word' id='word_1_177' title='bbox 656 2486 687 2544; x_wconf 93' lang='lat' dir='ltr'><strong>in</strong></span> <span class='ocrx_word' id='word_1_178' title='bbox 709 2485 849 2562; x_wconf 85' lang='lat' dir='ltr'><strong>catalogo</strong></span> <span class='ocrx_word' id='word_1_179' title='bbox 875 2486 1020 2545; x_wconf 86' lang='lat' dir='ltr'><strong>librorum</strong></span> <span class='ocrx_word' id='word_1_180' title='bbox 1040 2486 1310 2558; x_wconf 89' lang='lat' dir='ltr'><strong>Suetoniauorum,</strong></span> <span class='ocrx_word' id='word_1_181' title='bbox 1339 2483 1377 2543; x_wconf 91' lang='lat' dir='ltr'><strong>de</strong></span> 
     </span>
     <span class='ocr_line' id='line_1_22' title="bbox 236 2585 1377 2665; baseline -0.003 -19"><span class='ocrx_word' id='word_1_182' title='bbox 236 2589 321 2646; x_wconf 91' lang='lat' dir='ltr'><strong>cuius</strong></span> <span class='ocrx_word' id='word_1_183' title='bbox 336 2589 452 2665; x_wconf 85' lang='lat' dir='ltr'><strong>origine</strong></span> <span class='ocrx_word' id='word_1_184' title='bbox 470 2597 501 2647; x_wconf 89' lang='lat' dir='ltr'><strong>et</strong></span> <span class='ocrx_word' id='word_1_185' title='bbox 520 2588 702 2646; x_wconf 82' lang='lat' dir='ltr'><strong>auctoritate</strong></span> <span class='ocrx_word' id='word_1_186' title='bbox 716 2586 796 2644; x_wconf 78' lang='lat' dir='ltr'><strong>infra</strong></span> <span class='ocrx_word' id='word_1_187' title='bbox 814 2585 937 2647; x_wconf 89' lang='lat' dir='ltr'><strong>dicendi</strong></span> <span class='ocrx_word' id='word_1_188' title='bbox 952 2588 1037 2647; x_wconf 86' lang='lat' dir='ltr'><strong>locus</strong></span> <span class='ocrx_word' id='word_1_189' title='bbox 1055 2588 1129 2661; x_wconf 90' lang='lat' dir='ltr'><strong>erit,</strong></span> <span class='ocrx_word' id='word_1_190' title='bbox 1155 2586 1236 2645; x_wconf 91' lang='lat' dir='ltr'><strong>hunc</strong></span> <span class='ocrx_word' id='word_1_191' title='bbox 1257 2585 1377 2645; x_wconf 90' lang='lat' dir='ltr'><strong>titulum</strong></span> 
     </span>
     <span class='ocr_line' id='line_1_23' title="bbox 235 2676 1377 2768; baseline -0.002 -22"><span class='ocrx_word' id='word_1_192' title='bbox 235 2687 329 2747; x_wconf 89' lang='lat' dir='ltr'><strong>habet</strong></span> <span class='ocrx_word' id='word_1_193' title='bbox 360 2684 472 2765; x_wconf 80' lang='grc' dir='ltr'><strong><em>στέμμα</em></strong></span> <span class='ocrx_word' id='word_1_194' title='bbox 494 2677 644 2765; x_wconf 78' lang='grc' dir='ltr'><strong><em>Ῥωμαίων</em></strong></span> <span class='ocrx_word' id='word_1_195' title='bbox 671 2676 792 2764; x_wconf 67' lang='grc' dir='ltr'><strong><em>ἀνδρῶν</em></strong></span> <span class='ocrx_word' id='word_1_196' title='bbox 819 2681 979 2765; x_wconf 78' lang='grc' dir='ltr'><strong><em>ἐπισήμων.</em></strong></span> <span class='ocrx_word' id='word_1_197' title='bbox 1023 2708 1206 2768; x_wconf 88' lang='lat' dir='ltr'><strong>quamquam</strong></span> <span class='ocrx_word' id='word_1_198' title='bbox 1235 2706 1274 2745; x_wconf 91' lang='lat' dir='ltr'><strong>ne</strong></span> <span class='ocrx_word' id='word_1_199' title='bbox 1299 2687 1377 2745; x_wconf 88' lang='lat' dir='ltr'><strong>haec</strong></span> 
     </span>
     <span class='ocr_line' id='line_1_24' title="bbox 236 2785 1377 2869; baseline 0.001 -23"><span class='ocrx_word' id='word_1_200' title='bbox 236 2785 358 2869; x_wconf 90' lang='lat' dir='ltr'><strong>quidem</strong></span> <span class='ocrx_word' id='word_1_201' title='bbox 379 2792 523 2849; x_wconf 79' lang='lat' dir='ltr'><strong>memoria</strong></span> <span class='ocrx_word' id='word_1_202' title='bbox 540 2811 558 2849; x_wconf 93' lang='lat' dir='ltr'><strong>a</strong></span> <span class='ocrx_word' id='word_1_203' title='bbox 573 2789 669 2850; x_wconf 90' lang='lat' dir='ltr'><strong>Suida</strong></span> <span class='ocrx_word' id='word_1_204' title='bbox 684 2789 735 2848; x_wconf 86' lang='lat' dir='ltr'><strong>vel</strong></span> <span class='ocrx_word' id='word_1_205' title='bbox 751 2791 817 2849; x_wconf 92' lang='lat' dir='ltr'><strong>eius</strong></span> <span class='ocrx_word' id='word_1_206' title='bbox 833 2798 956 2850; x_wconf 89' lang='lat' dir='ltr'><strong>auctore</strong></span> <span class='ocrx_word' id='word_1_207' title='bbox 971 2809 1032 2849; x_wconf 90' lang='lat' dir='ltr'><strong>non</strong></span> <span class='ocrx_word' id='word_1_208' title='bbox 1047 2787 1210 2849; x_wconf 83' lang='lat' dir='ltr'><strong>obscurata</strong></span> <span class='ocrx_word' id='word_1_209' title='bbox 1220 2796 1287 2862; x_wconf 83' lang='lat' dir='ltr'><strong>ast,</strong></span> <span class='ocrx_word' id='word_1_210' title='bbox 1310 2806 1377 2847; x_wconf 86' lang='lat' dir='ltr'><strong>cum</strong></span> 
     </span>
     <span class='ocr_line' id='line_1_25' title="bbox 235 2890 1017 2963; baseline 0 -14"><span class='ocrx_word' id='word_1_211' title='bbox 235 2890 328 2949; x_wconf 85' lang='lat' dir='ltr'><strong>talem</strong></span> <span class='ocrx_word' id='word_1_212' title='bbox 344 2891 463 2949; x_wconf 90' lang='lat' dir='ltr'><strong>titulum</strong></span> <span class='ocrx_word' id='word_1_213' title='bbox 479 2891 624 2963; x_wconf 81' lang='lat' dir='ltr'><strong>Suetonio</strong></span> <span class='ocrx_word' id='word_1_214' title='bbox 640 2890 774 2952; x_wconf 86' lang='lat' dir='ltr'><strong>tribuere</strong></span> <span class='ocrx_word' id='word_1_215' title='bbox 789 2912 879 2952; x_wconf 90' lang='lat' dir='ltr'><strong>nemo</strong></span> <span class='ocrx_word' id='word_1_216' title='bbox 894 2891 1017 2952; x_wconf 88' lang='lat' dir='ltr'><strong>audeat.</strong></span> 
     </span>
    </p>

    <p class='ocr_par' dir='ltr' id='par_1_3' title="bbox 192 2991 1377 3275">
     <span class='ocr_line' id='line_1_26' title="bbox 320 2991 1377 3072; baseline -0.004 -20"><span class='ocrx_word' id='word_1_217' title='bbox 320 2991 383 3052; x_wconf 88' lang='lat' dir='ltr'><strong>Sed</strong></span> <span class='ocrx_word' id='word_1_218' title='bbox 394 2991 454 3051; x_wconf 88' lang='lat' dir='ltr'><strong>iam</strong></span> <span class='ocrx_word' id='word_1_219' title='bbox 466 2992 556 3052; x_wconf 86' lang='lat' dir='ltr'><strong>video</strong></span> <span class='ocrx_word' id='word_1_220' title='bbox 567 3013 615 3052; x_wconf 90' lang='lat' dir='ltr'><strong>me</strong></span> <span class='ocrx_word' id='word_1_221' title='bbox 628 2992 787 3072; x_wconf 86' lang='lat' dir='ltr'><strong>delapsum</strong></span> <span class='ocrx_word' id='word_1_222' title='bbox 799 3014 868 3053; x_wconf 88' lang='lat' dir='ltr'><strong>esse</strong></span> <span class='ocrx_word' id='word_1_223' title='bbox 879 2993 912 3053; x_wconf 93' lang='lat' dir='ltr'><strong>in</strong></span> <span class='ocrx_word' id='word_1_224' title='bbox 923 2994 1014 3053; x_wconf 87' lang='lat' dir='ltr'><strong>aliam</strong></span> <span class='ocrx_word' id='word_1_225' title='bbox 1026 2991 1237 3072; x_wconf 83' lang='lat' dir='ltr'><strong>disputationis</strong></span> <span class='ocrx_word' id='word_1_226' title='bbox 1250 2999 1377 3069; x_wconf 88' lang='lat' dir='ltr'><strong>partem,</strong></span> 
     </span>
     <span class='ocr_line' id='line_1_27' title="bbox 234 3091 1377 3174; baseline -0.003 -21"><span class='ocrx_word' id='word_1_227' title='bbox 234 3093 349 3174; x_wconf 89' lang='lat' dir='ltr'><strong>quade</strong></span> <span class='ocrx_word' id='word_1_228' title='bbox 365 3095 434 3173; x_wconf 86' lang='lat' dir='ltr'><strong>ipsa</strong></span> <span class='ocrx_word' id='word_1_229' title='bbox 447 3092 516 3153; x_wconf 92' lang='lat' dir='ltr'><strong>libri</strong></span> <span class='ocrx_word' id='word_1_230' title='bbox 532 3095 727 3173; x_wconf 86' lang='lat' dir='ltr'><strong>inscriptione</strong></span> <span class='ocrx_word' id='word_1_231' title='bbox 743 3094 895 3172; x_wconf 82' lang='lat' dir='ltr'><strong>agendum</strong></span> <span class='ocrx_word' id='word_1_232' title='bbox 910 3104 965 3155; x_wconf 89' lang='lat' dir='ltr'><strong>est.</strong></span> <span class='ocrx_word' id='word_1_233' title='bbox 992 3094 1069 3153; x_wconf 90' lang='lat' dir='ltr'><strong>libro</strong></span> <span class='ocrx_word' id='word_1_234' title='bbox 1085 3095 1165 3153; x_wconf 87' lang='lat' dir='ltr'><strong>enim</strong></span> <span class='ocrx_word' id='word_1_235' title='bbox 1186 3091 1293 3152; x_wconf 86' lang='lat' dir='ltr'><strong>linibus</strong></span> <span class='ocrx_word' id='word_1_236' title='bbox 1315 3092 1377 3150; x_wconf 90' lang='lat' dir='ltr'><strong>suis</strong></span> 
     </span>
     <span class='ocr_line' id='line_1_28' title="bbox 192 3193 1377 3275; baseline -0.003 -21"><span class='ocrx_word' id='word_1_237' title='bbox 192 3197 194 3202; x_wconf 79' lang='grc'>’</span> <span class='ocrx_word' id='word_1_238' title='bbox 235 3196 463 3273; x_wconf 87' lang='lat' dir='ltr'><strong>circumscripto</strong></span> <span class='ocrx_word' id='word_1_239' title='bbox 477 3194 575 3274; x_wconf 88' lang='lat' dir='ltr'><strong>ipsum</strong></span> <span class='ocrx_word' id='word_1_240' title='bbox 586 3195 721 3269; x_wconf 87' lang='lat' dir='ltr'><strong>titulum,</strong></span> <span class='ocrx_word' id='word_1_241' title='bbox 737 3215 827 3275; x_wconf 88' lang='lat' dir='ltr'><strong>quem</strong></span> <span class='ocrx_word' id='word_1_242' title='bbox 844 3197 909 3256; x_wconf 89' lang='lat' dir='ltr'><strong>sine</strong></span> <span class='ocrx_word' id='word_1_243' title='bbox 924 3197 989 3256; x_wconf 90' lang='lat' dir='ltr'><strong>ulla</strong></span> <span class='ocrx_word' id='word_1_244' title='bbox 1010 3194 1207 3255; x_wconf 86' lang='lat' dir='ltr'><strong>dubitationis</strong></span> <span class='ocrx_word' id='word_1_245' title='bbox 1225 3193 1377 3272; x_wconf 75' lang='lat' dir='ltr'><strong>significa·</strong></span> 
     </span>
    </p>
   </div>
   <div class='ocr_carea' id='block_1_3' title="bbox 234 3286 1481 3373">
    <p class='ocr_par' dir='ltr' id='par_1_4' title="bbox 234 3286 1481 3373">
     <span class='ocr_line' id='line_1_29' title="bbox 234 3286 1481 3373; baseline -0.004 -17"><span class='ocrx_word' id='word_1_246' title='bbox 234 3298 318 3356; x_wconf 88' lang='lat' dir='ltr'><strong>tione</strong></span> <span class='ocrx_word' id='word_1_247' title='bbox 333 3302 368 3356; x_wconf 75' lang='lat' dir='ltr'><strong>cle</strong></span> <span class='ocrx_word' id='word_1_248' title='bbox 383 3303 456 3356; x_wconf 80' lang='lat' dir='ltr'><strong>uiris</strong></span> <span class='ocrx_word' id='word_1_249' title='bbox 468 3301 637 3358; x_wconf 69' lang='lat' dir='ltr'><strong>inlustribus</strong></span> <span class='ocrx_word' id='word_1_250' title='bbox 653 3297 731 3370; x_wconf 79' lang='lat' dir='ltr'><strong>dixi,</strong></span> <span class='ocrx_word' id='word_1_251' title='bbox 748 3297 896 3357; x_wconf 87' lang='lat' dir='ltr'><strong>incertum</strong></span> <span class='ocrx_word' id='word_1_252' title='bbox 911 3298 1063 3358; x_wconf 89' lang='lat' dir='ltr'><strong>redditum</strong></span> <span class='ocrx_word' id='word_1_253' title='bbox 1078 3315 1148 3356; x_wconf 88' lang='lat' dir='ltr'><strong>esse</strong></span> <span class='ocrx_word' id='word_1_254' title='bbox 1163 3294 1264 3355; x_wconf 83' lang='lat' dir='ltr'><strong>video.</strong></span> <span class='ocrx_word' id='word_1_255' title='bbox 1285 3303 1377 3373; x_wconf 88' lang='lat' dir='ltr'><strong>atque</strong></span> <span class='ocrx_word' id='word_1_256' title='bbox 1409 3286 1413 3292; x_wconf 76' lang='grc'>’</span> <span class='ocrx_word' id='word_1_257' title='bbox 1478 3318 1481 3325; x_wconf 87' lang='grc'><em>·</em></span> 
     </span>
    </p>
   </div>
   <div class='ocr_carea' id='block_1_4' title="bbox 233 3395 1379 4493">
    <p class='ocr_par' dir='ltr' id='par_1_5' title="bbox 233 3395 1379 4493">
     <span class='ocr_line' id='line_1_30' title="bbox 235 3395 1376 3479; baseline -0.007 -20"><span class='ocrx_word' id='word_1_258' title='bbox 235 3398 436 3459; x_wconf 81' lang='lat' dir='ltr'><strong>Oasaubonus</strong></span> <span class='ocrx_word' id='word_1_259' title='bbox 451 3401 483 3458; x_wconf 93' lang='lat' dir='ltr'><strong>in</strong></span> <span class='ocrx_word' id='word_1_260' title='bbox 499 3400 691 3479; x_wconf 85' lang='lat' dir='ltr'><strong>praelatione</strong></span> <span class='ocrx_word' id='word_1_261' title='bbox 705 3398 747 3458; x_wconf 88' lang='lat' dir='ltr'><strong>ad</strong></span> <span class='ocrx_word' id='word_1_262' title='bbox 762 3419 868 3459; x_wconf 90' lang='lat' dir='ltr'><strong>comm.</strong></span> <span class='ocrx_word' id='word_1_263' title='bbox 882 3399 953 3459; x_wconf 91' lang='lat' dir='ltr'><strong>libri</strong></span> <span class='ocrx_word' id='word_1_264' title='bbox 969 3399 1007 3458; x_wconf 90' lang='lat' dir='ltr'><strong>de</strong></span> <span class='ocrx_word' id='word_1_265' title='bbox 1023 3417 1149 3477; x_wconf 84' lang='lat' dir='ltr'><strong>gramm.</strong></span> <span class='ocrx_word' id='word_1_266' title='bbox 1169 3408 1200 3455; x_wconf 92' lang='lat' dir='ltr'><strong>et</strong></span> <span class='ocrx_word' id='word_1_267' title='bbox 1216 3395 1293 3456; x_wconf 89' lang='lat' dir='ltr'><strong>rhet.</strong></span> <span class='ocrx_word' id='word_1_268' title='bbox 1311 3414 1376 3454; x_wconf 90' lang='lat' dir='ltr'><strong>sus·</strong></span> 
     </span>
     <span class='ocr_line' id='line_1_31' title="bbox 234 3499 1378 3581; baseline -0.004 -21"><span class='ocrx_word' id='word_1_269' title='bbox 234 3502 331 3580; x_wconf 91' lang='lat' dir='ltr'><strong>picari</strong></span> <span class='ocrx_word' id='word_1_270' title='bbox 360 3521 393 3561; x_wconf 88' lang='lat' dir='ltr'><strong>se</strong></span> <span class='ocrx_word' id='word_1_271' title='bbox 415 3501 489 3560; x_wconf 89' lang='lat' dir='ltr'><strong>dicit</strong></span> <span class='ocrx_word' id='word_1_272' title='bbox 511 3502 611 3581; x_wconf 83' lang='lat' dir='ltr'><strong>operis</strong></span> <span class='ocrx_word' id='word_1_273' title='bbox 632 3500 812 3561; x_wconf 87' lang='lat' dir='ltr'><strong>Suetoniaui</strong></span> <span class='ocrx_word' id='word_1_274' title='bbox 833 3501 964 3561; x_wconf 89' lang='lat' dir='ltr'><strong>indicem</strong></span> <span class='ocrx_word' id='word_1_275' title='bbox 988 3502 1086 3559; x_wconf 87' lang='lat' dir='ltr'><strong>minus</strong></span> <span class='ocrx_word' id='word_1_276' title='bbox 1106 3499 1177 3558; x_wconf 86' lang='lat' dir='ltr'><strong>laxe</strong></span> <span class='ocrx_word' id='word_1_277' title='bbox 1199 3504 1378 3577; x_wconf 89' lang='lat' dir='ltr'><strong>conceptum</strong></span> 
     </span>
     <span class='ocr_line' id='line_1_32' title="bbox 234 3597 1377 3676; baseline -0.005 -14"><span class='ocrx_word' id='word_1_278' title='bbox 234 3604 330 3663; x_wconf 88' lang='lat' dir='ltr'><strong>fuisse</strong></span> <span class='ocrx_word' id='word_1_279' title='bbox 349 3604 408 3663; x_wconf 86' lang='lat' dir='ltr'><strong>hoc</strong></span> <span class='ocrx_word' id='word_1_280' title='bbox 428 3603 480 3664; x_wconf 90' lang='lat' dir='ltr'><strong>val</strong></span> <span class='ocrx_word' id='word_1_281' title='bbox 503 3603 596 3662; x_wconf 89' lang='lat' dir='ltr'><strong>simili</strong></span> <span class='ocrx_word' id='word_1_282' title='bbox 610 3602 699 3662; x_wconf 87' lang='lat' dir='ltr'><strong>modo</strong></span> <span class='ocrx_word' id='word_1_283' title='bbox 720 3606 755 3660; x_wconf 84' lang='lat' dir='ltr'><strong>dc</strong></span> <span class='ocrx_word' id='word_1_284' title='bbox 772 3606 846 3662; x_wconf 84' lang='lat' dir='ltr'><strong>uiris</strong></span> <span class='ocrx_word' id='word_1_285' title='bbox 868 3607 899 3661; x_wconf 89' lang='lat' dir='ltr'><strong>in</strong></span> <span class='ocrx_word' id='word_1_286' title='bbox 917 3607 1020 3663; x_wconf 75' lang='lat' dir='ltr'><strong>litteris</strong></span> <span class='ocrx_word' id='word_1_287' title='bbox 1033 3603 1216 3676; x_wconf 72' lang='lat' dir='ltr'><strong>inlustribus,</strong></span> <span class='ocrx_word' id='word_1_288' title='bbox 1244 3618 1306 3659; x_wconf 90' lang='lat' dir='ltr'><strong>non</strong></span> <span class='ocrx_word' id='word_1_289' title='bbox 1324 3597 1377 3656; x_wconf 95' lang='lat' dir='ltr'><strong>ob-</strong></span> 
     </span>
     <span class='ocr_line' id='line_1_33' title="bbox 235 3700 1378 3785; baseline -0.004 -22"><span class='ocrx_word' id='word_1_290' title='bbox 235 3724 323 3764; x_wconf 89' lang='lat' dir='ltr'><strong>scura</strong></span> <span class='ocrx_word' id='word_1_291' title='bbox 338 3706 457 3783; x_wconf 90' lang='lat' dir='ltr'><strong>praeire</strong></span> <span class='ocrx_word' id='word_1_292' title='bbox 473 3703 530 3764; x_wconf 90' lang='lat' dir='ltr'><strong>sibi</strong></span> <span class='ocrx_word' id='word_1_293' title='bbox 541 3703 581 3763; x_wconf 89' lang='lat' dir='ltr'><strong>ad</strong></span> <span class='ocrx_word' id='word_1_294' title='bbox 594 3704 676 3763; x_wconf 85' lang='lat' dir='ltr'><strong>hane</strong></span> <span class='ocrx_word' id='word_1_295' title='bbox 689 3705 872 3764; x_wconf 86' lang='lat' dir='ltr'><strong>sententiam</strong></span> <span class='ocrx_word' id='word_1_296' title='bbox 883 3705 1120 3785; x_wconf 88' lang='lat' dir='ltr'><strong>Hieronymum,</strong></span> <span class='ocrx_word' id='word_1_297' title='bbox 1134 3701 1187 3782; x_wconf 89' lang='lat' dir='ltr'><strong>qui</strong></span> <span class='ocrx_word' id='word_1_298' title='bbox 1201 3700 1378 3760; x_wconf 90' lang='lat' dir='ltr'><strong>Suetonium</strong></span> 
     </span>
     <span class='ocr_line' id='line_1_34' title="bbox 235 3801 1377 3885; baseline -0.004 -23"><span class='ocrx_word' id='word_1_299' title='bbox 235 3824 428 3864; x_wconf 85' lang='lat' dir='ltr'><strong>enumerasse</strong></span> <span class='ocrx_word' id='word_1_300' title='bbox 447 3805 562 3865; x_wconf 84' lang='lat' dir='ltr'><strong>scribat</strong></span> <span class='ocrx_word' id='word_1_301' title='bbox 580 3827 641 3866; x_wconf 90' lang='lat' dir='ltr'><strong>non</strong></span> <span class='ocrx_word' id='word_1_302' title='bbox 661 3806 840 3885; x_wconf 89' lang='lat' dir='ltr'><strong>simpliciter</strong></span> <span class='ocrx_word' id='word_1_303' title='bbox 860 3810 943 3867; x_wconf 85' lang='lat' dir='ltr'><strong>viros</strong></span> <span class='ocrx_word' id='word_1_304' title='bbox 965 3806 1108 3866; x_wconf 89' lang='lat' dir='ltr'><strong>inlustres</strong></span> <span class='ocrx_word' id='word_1_305' title='bbox 1132 3801 1188 3862; x_wconf 92' lang='lat' dir='ltr'><strong>sed</strong></span> <span class='ocrx_word' id='word_1_306' title='bbox 1209 3802 1377 3860; x_wconf 87' lang='lat' dir='ltr'><strong>litterarum</strong></span> 
     </span>
     <span class='ocr_line' id='line_1_35' title="bbox 234 3888 1376 3989; baseline -0.006 -24"><span class='ocrx_word' id='word_1_307' title='bbox 234 3888 316 3965; x_wconf 80' lang='lat' dir='ltr'><strong>viros</strong></span> <span class='ocrx_word' id='word_1_308' title='bbox 332 3907 485 3966; x_wconf 89' lang='lat' dir='ltr'><strong>inlustres.</strong></span> <span class='ocrx_word' id='word_1_309' title='bbox 514 3916 649 3968; x_wconf 88' lang='lat' dir='ltr'><strong>attamen</strong></span> <span class='ocrx_word' id='word_1_310' title='bbox 664 3909 857 3969; x_wconf 87' lang='lat' dir='ltr'><strong>coniecturae</strong></span> <span class='ocrx_word' id='word_1_311' title='bbox 876 3908 1015 3989; x_wconf 89' lang='lat' dir='ltr'><strong>quamvis</strong></span> <span class='ocrx_word' id='word_1_312' title='bbox 1031 3906 1189 3986; x_wconf 84' lang='lat' dir='ltr'><strong>spesiosae</strong></span> <span class='ocrx_word' id='word_1_313' title='bbox 1204 3903 1272 3981; x_wconf 87' lang='lat' dir='ltr'><strong>ipsa</strong></span> <span class='ocrx_word' id='word_1_314' title='bbox 1287 3920 1376 3981; x_wconf 89' lang='lat' dir='ltr'><strong>quam</strong></span> 
     </span>
     <span class='ocr_line' id='line_1_36' title="bbox 234 4002 1377 4088; baseline -0.003 -24"><span class='ocrx_word' id='word_1_315' title='bbox 234 4007 359 4085; x_wconf 88' lang='lat' dir='ltr'><strong>protulit</strong></span> <span class='ocrx_word' id='word_1_316' title='bbox 378 4008 559 4087; x_wconf 90' lang='lat' dir='ltr'><strong>Hieronymi</strong></span> <span class='ocrx_word' id='word_1_317' title='bbox 581 4008 746 4070; x_wconf 64' lang='lat' dir='ltr'><strong>aucuritas</strong></span> <span class='ocrx_word' id='word_1_318' title='bbox 766 4012 953 4088; x_wconf 78' lang='lat' dir='ltr'><strong>refragatur,</strong></span> <span class='ocrx_word' id='word_1_319' title='bbox 981 4009 1033 4087; x_wconf 91' lang='lat' dir='ltr'><strong>qui</strong></span> <span class='ocrx_word' id='word_1_320' title='bbox 1056 4026 1123 4066; x_wconf 90' lang='lat' dir='ltr'><strong>cum</strong></span> <span class='ocrx_word' id='word_1_321' title='bbox 1150 4003 1220 4065; x_wconf 89' lang='lat' dir='ltr'><strong>libri</strong></span> <span class='ocrx_word' id='word_1_322' title='bbox 1244 4003 1282 4063; x_wconf 94' lang='lat' dir='ltr'><strong>de</strong></span> <span class='ocrx_word' id='word_1_323' title='bbox 1303 4002 1377 4062; x_wconf 88' lang='lat' dir='ltr'><strong>viris</strong></span> 
     </span>
     <span class='ocr_line' id='line_1_37' title="bbox 233 4102 1377 4171; baseline -0.004 -5"><span class='ocrx_word' id='word_1_324' title='bbox 233 4107 410 4168; x_wconf 87' lang='lat' dir='ltr'><strong>inlustribus</strong></span> <span class='ocrx_word' id='word_1_325' title='bbox 435 4110 592 4169; x_wconf 88' lang='lat' dir='ltr'><strong>consilium</strong></span> <span class='ocrx_word' id='word_1_326' title='bbox 617 4110 657 4169; x_wconf 92' lang='lat' dir='ltr'><strong>sit</strong></span> <span class='ocrx_word' id='word_1_327' title='bbox 676 4110 809 4171; x_wconf 89' lang='lat' dir='ltr'><strong>imitatus</strong></span> <span class='ocrx_word' id='word_1_328' title='bbox 831 4112 923 4171; x_wconf 88' lang='lat' dir='ltr'><strong>etiam</strong></span> <span class='ocrx_word' id='word_1_329' title='bbox 942 4102 1130 4168; x_wconf 89' lang='lat' dir='ltr'><strong>inscribendi</strong></span> <span class='ocrx_word' id='word_1_330' title='bbox 1152 4106 1301 4166; x_wconf 85' lang='lat' dir='ltr'><strong>rationem</strong></span> <span class='ocrx_word' id='word_1_331' title='bbox 1316 4123 1377 4163; x_wconf 87' lang='lat' dir='ltr'><strong>ser·</strong></span> 
     </span>
     <span class='ocr_line' id='line_1_38' title="bbox 234 4209 1377 4290; baseline -0.005 -21"><span class='ocrx_word' id='word_1_332' title='bbox 234 4230 324 4269; x_wconf 83' lang='lat' dir='ltr'><strong>vasso</strong></span> <span class='ocrx_word' id='word_1_333' title='bbox 346 4209 499 4290; x_wconf 88' lang='lat' dir='ltr'><strong>putandus</strong></span> <span class='ocrx_word' id='word_1_334' title='bbox 520 4210 568 4270; x_wconf 81' lang='lat' dir='ltr'><strong>sit.</strong></span> <span class='ocrx_word' id='word_1_335' title='bbox 606 4210 717 4271; x_wconf 87' lang='lat' dir='ltr'><strong>deinde</strong></span> <span class='ocrx_word' id='word_1_336' title='bbox 731 4212 824 4271; x_wconf 81' lang='lat' dir='ltr'><strong>vitam</strong></span> <span class='ocrx_word' id='word_1_337' title='bbox 839 4211 921 4272; x_wconf 91' lang='lat' dir='ltr'><strong>Plini</strong></span> <span class='ocrx_word' id='word_1_338' title='bbox 935 4229 975 4269; x_wconf 75' lang='lat' dir='ltr'><strong>ex</strong></span> <span class='ocrx_word' id='word_1_339' title='bbox 988 4214 1061 4269; x_wconf 83' lang='lat' dir='ltr'><strong>libro</strong></span> <span class='ocrx_word' id='word_1_340' title='bbox 1076 4213 1207 4267; x_wconf 82' lang='lat' dir='ltr'><strong>uirorum</strong></span> <span class='ocrx_word' id='word_1_341' title='bbox 1224 4210 1377 4266; x_wconf 81' lang='lat' dir='ltr'><strong>illustrium</strong></span> 
     </span>
     <span class='ocr_line' id='line_1_39' title="bbox 237 4307 1379 4392; baseline -0.003 -22"><span class='ocrx_word' id='word_1_342' title='bbox 237 4315 399 4386; x_wconf 81' lang='lat' dir='ltr'><strong>Tranquilli</strong></span> <span class='ocrx_word' id='word_1_343' title='bbox 420 4320 596 4392; x_wconf 79' lang='lat' dir='ltr'><strong>excerptam</strong></span> <span class='ocrx_word' id='word_1_344' title='bbox 616 4331 686 4372; x_wconf 88' lang='lat' dir='ltr'><strong>esse</strong></span> <span class='ocrx_word' id='word_1_345' title='bbox 701 4312 768 4391; x_wconf 91' lang='lat' dir='ltr'><strong>ipse</strong></span> <span class='ocrx_word' id='word_1_346' title='bbox 784 4314 849 4372; x_wconf 91' lang='lat' dir='ltr'><strong>eius</strong></span> <span class='ocrx_word' id='word_1_347' title='bbox 865 4311 956 4371; x_wconf 84' lang='lat' dir='ltr'><strong>index</strong></span> <span class='ocrx_word' id='word_1_348' title='bbox 972 4309 1121 4390; x_wconf 89' lang='lat' dir='ltr'><strong>perhibet.</strong></span> <span class='ocrx_word' id='word_1_349' title='bbox 1148 4307 1304 4389; x_wconf 88' lang='lat' dir='ltr'><strong>inquibus</strong></span> <span class='ocrx_word' id='word_1_350' title='bbox 1321 4310 1379 4369; x_wconf 88' lang='lat' dir='ltr'><strong>etsi</strong></span> 
     </span>
     <span class='ocr_line' id='line_1_40' title="bbox 233 4411 1378 4493; baseline 0 -23"><span class='ocrx_word' id='word_1_351' title='bbox 233 4413 390 4491; x_wconf 90' lang='lat' dir='ltr'><strong>inscriptio</strong></span> <span class='ocrx_word' id='word_1_352' title='bbox 406 4413 562 4493; x_wconf 90' lang='lat' dir='ltr'><strong>paululum</strong></span> <span class='ocrx_word' id='word_1_353' title='bbox 576 4413 700 4474; x_wconf 86' lang='lat' dir='ltr'><strong>diversa</strong></span> <span class='ocrx_word' id='word_1_354' title='bbox 714 4412 753 4473; x_wconf 92' lang='lat' dir='ltr'><strong>ab</strong></span> <span class='ocrx_word' id='word_1_355' title='bbox 768 4413 1010 4491; x_wconf 86' lang='lat' dir='ltr'><strong>Hieronymiana</strong></span> <span class='ocrx_word' id='word_1_356' title='bbox 1023 4411 1169 4491; x_wconf 83' lang='lat' dir='ltr'><strong>adparet,</strong></span> <span class='ocrx_word' id='word_1_357' title='bbox 1190 4421 1293 4471; x_wconf 84' lang='lat' dir='ltr'><strong>tamen</strong></span> <span class='ocrx_word' id='word_1_358' title='bbox 1308 4411 1378 4470; x_wconf 88' lang='lat' dir='ltr'><strong>airn-</strong></span> 
     </span>
    </p>
   </div>
   <div class='ocr_carea' id='block_1_5' title="bbox 0 0 1614 5022">
    <p class='ocr_par' dir='ltr' id='par_1_6' title="bbox 0 0 1614 5022">
     <span class='ocr_line' id='line_1_41' title="bbox 0 0 1614 5022; baseline 0 1"><span class='ocrx_word' id='word_1_359' title='bbox 0 0 1614 5022; x_wconf 95' lang='lat' dir='ltr'><strong> </strong></span> 
     </span>
    </p>
   </div>
  </div>
 </body>
</html>
