3200 4992
730 276 743 305 ι

637 433 678 474 Di}
701 433 787 475 vlnls
810 433 1025 476 lnnvsnnlnvs

807 585 856 645 XI

70 746 75 757 .
178 670 255 743 68*
349 696 451 746 cslvs
468 697 605 745 aslnsvs
628 697 762 746 GALLVS
780 691 888 747 orator
901 680 998 747 Asini
1016 681 1173 746 Pollionis
1191 680 1292 761 lilius,
1309 684 1402 747 cuins

263 786 360 848 ctiam
387 782 554 868 Vergilius
580 786 745 869 meminit,
777 784 857 849 diris
885 805 906 847 a
928 782 1062 850 Tiberio
1092 783 1260 874 suppliciis
1289 805 1402 849 eneca-

262 895 315 951 tur
338 891 370 962 (l
387 910 413 948 ιι.
440 896 522 965 767).
1239 908 1245 917 ·

263 1026 291 1075 in
315 1026 433 1075 oratoris
457 1024 597 1075 cuiusdam
620 1025 680 1075 vita
702 1026 774 1077 hanc
799 1025 934 1076 celebrem
959 1027 1098 1077 actionem
1120 1032 1268 1077 narrasset.
1304 1026 1403 1077 hocin

262 1093 374 1144 Haterii
395 1093 454 1143 vita
472 1093 577 1142 factum
591 1109 663 1155 assa,
684 1100 788 1144 certum
806 1107 896 1159 paene
914 1099 994 1160 puto,
1023 1094 1093 1160 qnod
1112 1094 1140 1144 in
1159 1110 1245 1145 causa
1264 1099 1348 1156 esset,
1373 1099 1404 1144 nt

190 1202 195 1214 .
263 1162 368 1212 Hieron
416 1176 447 1210 us
465 1160 529 1210 hnic
547 1161 601 1225 ipsi
624 1177 695 1213 anno
720 1161 844 1212 inlustris
862 1163 1014 1212 senectutis
1038 1164 1196 1213 memoriam
1220 1163 1379 1228 adponeret.

350 1177 414 1282 figi?
421 1229 605 1293 Hieronymus
628 1229 671 1279 Ol.
702 1230 764 1287 198.
788 1231 813 1279 2.
854 1230 962 1280 Seneca
990 1247 1048 1287 exc.
1079 1236 1201 1281 controv.
1229 1231 1286 1281 1111
1314 1231 1402 1295 praef.

264 1315 289 1364 p.
304 1296 367 1360 376,
386 1295 480 1346 0-28.
494 1324 527 1332 —
540 1298 652 1347 Servius
665 1297 716 1348 ccl.
736 1298 848 1348 111111:
870 1298 990 1363 ‘quidum
1002 1298 1160 1348 Saloninum
1173 1298 1306 1349 Pollionis
1318 1297 1403 1348 filium

264 1366 415 1430 accipiunt.
451 1364 501 1414 alii
519 1364 642 1415 Asinium
666 1364 775 1416 Gallum
798 1366 912 1416 fratrem
931 1366 1069 1430 Salonini,
1094 1368 1141 1430 qui
1162 1368 1237 1434 prius
1255 1372 1338 1417 natus
1361 1372 1404 1416 eat

263 1432 389 1485 Pollione
407 1433 520 1483 consule
538 1433 692 1499 designato.
728 1434 863 1484 Asconius
881 1435 1019 1484 Pedianus
1045 1450 1062 1483 a
1081 1434 1161 1485 Galle
1186 1435 1294 1485 audisse
1313 1451 1342 1485 se
1361 1451 1403 1484 re-

264 1502 332 1563 fert,
356 1500 428 1550 hanc
453 1501 513 1551 eolo
534 1503 625 1552 amin
647 1502 777 1553 honorem
797 1503 856 1552 eius
874 1501 998 1552 factam!
1017 1529 1050 1537 —
1068 1501 1182 1553 Cassius
1199 1504 1253 1553 Dio
1271 1502 1317 1565 57,
1337 1503 1367 1563 2,
1387 1503 1403 1552 4

264 1569 326 1618 -7:
347 1562 445 1620 ἔπειτα
465 1562 497 1619 δὲ
515 1518 674 1634 ῗΤιβέριος)
692 1562 848 1650 κοινωνούς
871 1565 902 1620 τέ
919 1586 1000 1629 τινας
1018 1566 1068 1620 καὶ
1086 1565 1181 1639 ,συνάρ
1201 1586 1300 1629 οντας,
1324 1559 1403 1620 οὗτοι

263 1652 294 1702 γε
312 1633 362 1687 καὶ
379 1629 495 1687 πάντων
512 1630 652 1699 καθάπαξ
664 1631 757 1702 οἵσπερ
776 1629 807 1688 έν
825 1638 989 1704 ολιγαργίᾳ,
1007 1628 1074 1689 άλλ’
1092 1630 1121 1697 ές
1137 1656 1170 1702 τρ
1184 1655 1203 1688 α
1220 1633 1292 1704 μέρη
1311 1634 1404 1704 νέμων

263 1694 368 1784 αύτην,
386 1693 461 1771 ᾔτει,
481 1700 530 1755 καὶ
548 1698 580 1754 τὸ
598 1698 651 1770 μέν
669 1695 755 1765 αύτὸς
774 1700 789 1755 έ
807 1721 850 1757 ειν
867 1698 966 1786 ἠξίου,
989 1706 1045 1757 ταῖν
1064 1699 1096 1757 δέ
1115 1696 1217 1770 ἕτέρων
1234 1696 1331 1764 άλλοις
1349 1723 1402 1756 πα-

262 1787 388 1853 ρεγωρει.
424 1758 513 1850 ἦν’δέ
530 1773 620 1823 ταῦτα
641 1766 675 1824 ’έν
696 1767 750 1839 μέν
771 1792 789 1840 η
808 1790 838 1839 τε
852 1770 949 1894 ‘Pnups‘
961 1771 1010 1825 ιιαλ
1033 1765 1051 1842 ἦ
1070 1765 1142 1853 άλλη
1158 1765 1280 1852 Ἰηαλία,
1296 1769 1404 1892 ιέτεὲρον

264 1839 296 1891 δε
320 1857 354 1891 τα
373 1839 551 1905 στρατοπέδω
574 1844 624 1891 καί
648 1835 744 1905 ἕτερον
767 1836 797 1892 ol
819 1844 900 1893 λοιπο
940 1834 1072 1908 ύπήκσοι.
1108 1859 1146 1902 ως
1164 1859 1216 1893 συν
1234 1843 1321 1900 πολνς
1359 1836 1403 1892 νέ-

263 1924 354 1971 ιιειτο,
374 1901 404 1958 ol
419 1901 473 1974 μέν
490 1901 571 1959 ἄλλοι
589 1906 639 1961 καλ
656 1897 693 1969 ὃς
711 1901 865 1975 άντέλεγον
888 1909 983 1978 δῆθεν
1006 1908 1055 1961 sol
1079 1903 1201 1962 έδέσντο·
1217 1901 1308 1961 αύτού
1330 1902 1403 1961 πάν·

264 1993 320 2027 των
349 1965 463 2059 άρχειν,
492 1967 606 2055 Ἀσίνιος
635 1971 667 2029 δέ
691 1974 727 2058 δη
752 1972 861 2060 Γάλλος
883 1996 959 2060 stopo
980 1978 1029 2045 σίηι
1050 1970 1101 2030 άεί
1124 1995 1192 2053 ospes
1214 1970 1332 2044 πατρῴῳ
1353 1974 1404 2029 καλ

263 2035 335 2127 ὑπὲρ
354 2061 385 2095 το
404 2039 551 2111 συμφέρον
568 2046 647 2110 αυτῷ
698 2062 806 2112 ωμενος
821 2036 913 2098 “eloti
940 1996 1039 2129 ‚lurp
1056 2034 1116 2113 “ἣν
1133 2063 1171 2097 αν
1189 2038 1328 2113 έθελὴσης
1340 2048 1402 2111 μοί-

264 2129 343 2176 ραν.
385 2108 435 2163 καὶ
455 2106 586 2178 Τιβέριος
605 2063 761 2173 αιιοιλοπούς
786 2106 850 2165 οἷόν
871 2109 902 2165 τέ
926 2105 1030 2179 ἔστιν’,
1055 2108 1132 2175 εἷπε,
1153 2106 1170 2127 “
1179 2107 1230 2165 τὸν
1248 2105 1337 2164 αύτόν
1354 2110 1404 2165 καλ

265 2178 363 2247 νέμειν
380 2197 406 2231 τι
425 2177 475 2231 nul
492 2172 672 2245 αἶρεῐσθαι;”
707 2178 801 2249 συνεὶς
819 2168 873 2233 mlv
898 2173 1040 2241 ὁΓάλλος
1064 2174 1096 2234 έν
1120 2170 1252 2247 &scaeui
1269 2174 1403 2248 έγεγόνει,
1472 2186 1474 2191 ’

264 2248 303 2299 toi
320 2242 373 2315 pls
391 2241 464 2314 λόγῳ
483 2241 678 2310 ἐθεράπευσεν
696 2241 799 2311 αύτόν,
823 2242 977 2312 ὑπολαβών
994 2240 1037 2301 ὅτι
1056 2241 1108 2316 σύγ
1125 2243 1163 2323 ὥς
1181 2248 1230 2300 sol
1253 2244 1284 2300 τὸ
1307 2249 1404 2313 τρίτον

265 2301 379 2380 ἓξσντός
396 2332 459 2377 σου,
483 2307 546 2368 αλλ’
566 2309 603 2376 αἱς
621 2309 768 2370 άδύνατον
786 2313 820 2370 δν
841 2312 894 2386 τὴν
911 2311 1004 2386 α’ρχίγν
1028 2318 1230 2397 διαιρεθῆναι,
1253 2313 1338 2369 τούτύ
1360 2332 1404 2369 σοι

264 2381 430 2450 προέτεινα,
449 2376 485 2436 ού
501 2379 599 2452 μέντοι
616 2384 667 2437 nol
684 2386 723 2455 τῳ
742 2381 814 2452 ἔργῳ
833 2379 1034 2451 έτιθάσευσεν,
1053 2378 1125 2437 α’λλά
1143 2386 1233 2437 πολλα
1252 2383 1302 2437 καὶ
1320 2380 1403 2437 δεινά

204 2502 209 2512 ,
264 2446 427 2534 προπαθάν
450 2447 521 2519 μετά
545 2452 635 2505 ταῦτα
658 2445 822 2522 άπεσφάγη.
868 2451 918 2506 καλ
941 2448 996 2522 γάρ
1018 2451 1069 2506 καλ
1091 2448 1144 2529 τὴν
1166 2456 1290 2520 γυναῖκα
1314 2445 1405 2505 αύτού

264 2538 317 2587 την
334 2516 477 2585 προτέραν
490 2513 674 2589 ἐγεγαμήκει,
697 2516 747 2573 τόν
765 2540 794 2574 τε
813 2523 945 2587 Δροῦσον
961 2514 999 2582 ὥς
1016 2516 1082 2574 oliv
1099 2525 1312 2587 προσεποιεῖτο,
1331 2512 1404 2573 ὅθεν
1468 2559 1470 2563 >

264 2587 379 2653 περκαὶ
397 2581 538 2653 πρότερον
556 2584 605 2640 διά
623 2592 724 2656 μίσους
736 2582 814 2657 αύτῷ
825 2582 862 2657 ἦν
874 2592 911 2653 (ιι.
926 2591 995 2657 767).
1022 2592 1137 2642 Tacitus
1149 2607 1211 2641 ann.
1230 2592 1244 2641 Ι
1264 2592 1295 2641 12
1308 2591 1404 2641 eadem

265 2659 360 2708 eodem
373 2659 431 2708 fere
445 2658 524 2709 modo
536 2665 639 2708 narrat.
660 2659 773 2710 Cassius
784 2661 838 2710 Dio
850 2658 896 2723 58,
910 2660 939 2723 3,
956 2660 1043 2709 1-7:
1062 2657 1100 2726 τῷ
1113 2652 1146 2709 δέ
1165 2650 1201 2725 δὴ
1215 2651 1314 2725 Γάλλῳ
1326 2650 1341 2708 ὁ
1357 2659 1403 2709 Τι-

265 2720 373 2791 βέριος,
400 2724 440 2790 τῷ
462 2718 515 2790 τήν
539 2741 569 2776 τε
593 2730 717 2792 γυναῖκα
736 2717 826 2778 αύτού
843 2718 1012 2794 ἀγαγομένῳ
1034 2723 1084 2778 καὶ
1102 2726 1136 2793 τῇ
1158 2722 1224 2790 περὶ
1246 2726 1297 2794 τῆς
1314 2719 1404 2807 α’ρχης

265 2787 433 2879 ηρησαμένῳ
445 2792 605 2873 παρρησία,
624 2788 726 2859 καιρὸν
744 2788 838 2861 λαβιὸν
851 2787 999 2847 έπέθετο.’
1019 2786 1119 2862 ἐπειδὴ
1138 2786 1193 2860 γάρ
1211 2788 1262 2846 τὸν
1273 2794 1405 2861 Σηιανον

264 2878 327 2930 ητσι
350 2856 399 2912 καὶ
422 2852 457 2911 άλ
480 2860 541 2919 θῶς
558 2878 595 2919 ως
613 2852 866 2930 αύταργήσσνταῆ
889 2860 938 2914 καὶ
955 2861 995 2914 τύ
1012 2862 1063 2913 τού
1084 2862 1219 2944 Τιβερίου
1238 2857 1296 2915 δέει
1315 2864 1403 2927 θερα-

264 2922 375 2991 πεύων,
393 2917 415 2995 ἧ
431 2878 481 2979 nol
500 2920 529 2992 ἐξ
549 2922 715 2997 ἐπιβουλῆς,
735 2930 785 2982 ἵνα
803 2928 852 2982 nol
870 2922 949 2996 αύτῷ
966 2916 1067 2994 έιιείνῳ
1086 2930 1135 2983 δια
1147 2923 1236 2995 κόρου
1253 2922 1404 2997 γενόμενος

265 2996 382 3066 φθαρῇ,
408 2989 443 3047 τά
461 3013 491 3047 τε
514 2998 601 3049 πλείω
619 2992 650 3049 ol
670 2993 771 3050 καὶτὰ
790 3000 875 3065 μείζω
893 2991 1051 3065 έσηγήσατο
1068 2996 1119 3051 καὶ
1137 2991 1168 3050 ἒν
1186 3002 1246 3058 τοῖς
1268 3014 1339 3063 πρεσ
1358 3014 1402 3050 ευ-

264 3069 326 3125 ταῖς
333 3059 482 3145 γενέσθαι
501 3056 693 3131 ἐσπούδασεν,
713 3059 854 3119 ἐπέστειλε
871 3064 938 3133 περὶ
959 3058 1050 3119 αύτού
1067 3066 1102 3133 τῇ
1125 3066 1214 3134 βουλῇ
1231 3058 1266 3117 τά
1284 3082 1313 3118 τε
1348 3068 1403 3147 ,lla

264 3132 314 3187 ιιαλ
332 3150 375 3185 οτι
398 3150 436 3199 τῳ
459 3131 579 3200 Σηιανῷ
600 3134 651 3201 τῆς
673 3129 744 3200 πρὸς
767 3126 872 3195 ἑαυτὸν
896 3134 979 3201 φιλία
1018 3135 1163 3202 φθονοίη,
1191 3135 1295 3199 καίπερ
1318 3128 1403 3194 αυτὸς

264 3199 401 3267 Συριακῳ
422 3200 498 3279 φίλῳ
520 3195 671 3321 κηάμενος.
710 3200 760 3255 καὶ
784 3203 873 3255 ταῦτα
898 3194 949 3254 ούιι
973 3152 1096 3270 έξέφηνε
1118 3203 1158 3270 τῷ
1181 3199 1294 3270 Γάλλῳ,
1330 3194 1402 3255 α’λλά

263 3268 314 3324 καὶ
331 3263 410 3322 πάνυ
428 3284 517 3320 αντον
551 3269 717 3335 δεξιωσατο,
735 3262 805 3323 οἷστε
824 3270 970 3338 συμβῆναί
980 3266 1011 3322 ol
1026 3272 1144 3337 πράγμα
1158 3263 1402 3335 παραδοξότατον,

263 3336 314 3392 καλ
336 3326 352 3390 3
374 3333 478 3404 μηδενὶ
501 3327 575 3400 άλλῳ
598 3338 778 3407 συνηνέχθη·
816 3332 848 3391 έν
870 3333 925 3405 γάρ
947 3339 982 3389 τ’
1004 3331 1078 3406 αύτῇ
1100 3331 1193 3407 ἡμέρᾳ
1215 3333 1293 3405 παρά
1317 3356 1347 3391 τε
1365 3338 1404 3405 τῷ

266 3405 389 3474 Τιβερίῳ
413 3397 546 3483 ελητιάθη
569 3404 619 3458 καὶ
637 3408 806 3474 φιλοτησίας
825 3402 900 3473 ἔπιε,
930 3357 981 3459 καλ
1003 3399 1034 3458 έν
1052 3407 1092 3473 soi
1110 3406 1302 3474 βουλευτηρίῳ
1323 3423 1402 3459 ιιατε-

264 3460 418 3543 ψηφίσθη,
438 3488 507 3524 octa
525 3471 575 3526 ιιαλ
592 3470 752 3541 στρατηγὸν
766 3469 817 3527 τὸν
835 3469 960 3527 δ’σοντά
979 3491 1009 3526 τε
1027 3466 1117 3527 αύτὸν
1138 3472 1187 3527 καὶ
1205 3469 1276 3540 πρὸς
1293 3470 1346 3542 τὴν
1364 3494 1403 3526 τι·

264 3542 376 3612 μωρίαν
393 3533 541 3615 άπάξοντα
559 3544 743 3623 πεμφθῆναι.
763 3542 813 3595 καλ
830 3493 927 3609 μέντοι
944 3534 1034 3595 τοῦθ’
1051 3532 1168 3603 ούτωςό
1183 3538 1314 3623 Τιβέριος
1332 3536 1402 3607 πρά·
1427 3534 1436 3557 '

265 3612 315 3676 ξας
338 3600 416 3662 οὐδ’.
430 3609 596 3662 αποθανεῖν
619 3610 697 3676 αυτῳ
720 3604 905 3679 ἐθελήσαντι,
930 3604 1032 3733 ἐπειδη
1049 3605 1166 3679 τάχιστα
1189 3628 1246 3663 των
1268 3610 1403 3678 δεδογμέ-

264 3697 322 3732 νων
339 3668 461 3746 ᾔσθετο,
488 3667 658 3744 ἐπέτρεψεν,
682 3670 747 3731 α’λλ’
771 3672 871 3745 ἐκείνῳ
888 3696 932 3744 τε,
958 3672 1000 3731 ἵν’
1033 3677 1066 3732 πὶ
1088 3682 1221 3732 πλεῖστον
1244 3678 1376 3733 nouom!
1395 3717 1402 3745 ‚

264 3750 388 3813 θαρσεῖν
405 3766 422 3797 ιι
438 3767 455 3798 ιι
472 3767 488 3797 ιι
502 3739 660 3799 ένετείλατο
679 3739 754 3808 ὅπως
767 3740 798 3800 έν
838 3748 930 3815 vlnus
941 3739 1056 3816 άδέσμῳ
1068 3734 1101 3814 ᾖ,
1118 3745 1216 3815 μέχρις
1228 3737 1265 3798 clv
1277 3740 1363 3808 αύτὸς
1374 3697 1403 3807 lc

264 3811 316 3884 τὴν
334 3811 418 3868 πόλιν
435 3808 591 3884 α’φίιιηται,
616 3806 670 3881 ἵν’,
695 3804 767 3880 ὅπερ
790 3832 888 3900 επον,
911 3765 960 3868 lm
978 3812 1157 3897 pauperator
1174 3812 1225 3868 καὶ
1247 3815 1282 3882 τῇ
1303 3807 1405 3882 άτιμία

263 3875 325 3952 ἅμα
343 3881 393 3935 καὶ
409 3886 449 3954 τῷ
467 3877 547 3951 φόβῳ
565 3878 815 3951 ταλαιπωρήσειεν,
840 3901 889 3935 και
909 3879 990 3950 ἔσχεν
1007 3901 1109 3944 ουτως·
1140 3876 1210 3949 πρός
1227 3900 1258 3935 τε
1276 3877 1330 3949 γάρ
1348 3884 1404 3935 τῶν

264 3945 311 4005 olel
328 3944 445 4005 ὑπάτων
458 3946 584 4019 ἐτηρεῖτο
597 3980 629 3988 -
643 3946 695 4015 ἔξω
708 3952 758 4041 της
776 3950 828 4004 τού
842 3951 977 4019 Τιβερίου
994 3945 1097 4034 άργῆς·
1115 3946 1177 4003 τότε
1189 3945 1244 4018 γάρ
1261 3945 1332 4018 πρὸς
1349 3952 1404 4002 τῶν

264 4022 426 4087 στρατηγῶν
445 4013 457 4073 l
483 4015 598 4087 υλάγθη
610 4048 643 4056 -
656 4016 708 4086 ούχ
727 4037 776 4071 ινα
793 4014 829 4087 μι
851 4014 929 4088 φύγῃ
962 4012 997 4072 ού
1013 4038 1053 4087 μα
1072 4011 1132 4083 Δί’,
1154 4011 1220 4071 άλλ’
1238 4018 1286 4072 ἵνα
1304 4014 1343 4085 μὴ
1361 4035 1404 4071 τε·

265 4083 399 4157 λευτήση,
428 4039 480 4141 sol
500 4078 565 4150 οὔτε
590 4080 701 4153 έταῑρός
724 4105 766 4147 τις
790 4038 853 4140 allt’
880 4059 992 4156 οίιιέτης
1015 4080 1092 4154 αύτῷ
1115 4088 1309 4165 συνεγίγνετο,
1341 4077 1404 4137 οὔτ’

265 4150 359 4210 έλάλει
385 4155 442 4209 τινὶ
465 4147 537 4208 οὔθ’
561 4147 635 4221 έύρα
661 4149 725 4207 τινά
749 4151 824 4223 πλὴν
852 4149 1071 4223 ὁπότετροῳὴν
1095 4157 1130 4206 λα
1151 4159 1195 4206 εῖν
1217 4172 1274 4224 ηνα
1293 4148 1401 4217 ιιάζετο.

264 4225 314 4278 nul
331 4214 369 4293 ἦν
391 4217 464 4292 αύτη
482 4217 600 4290 τοιαύτη
619 4221 668 4275 καὶ
687 4218 808 4291 τοσαύτη
831 4213 901 4276 ὥστε
924 4217 995 4292 μήτε
1013 4218 1077 4276 τινά
1099 4215 1117 4291 ἡ
1140 4218 1212 4292 ονὴν
1233 4172 1291 4275 nai
1306 4216 1403 4290 ῥύμην

351 4393 364 4444 1
381 4380 476 4441 Gaius
491 4382 546 4439 BP
560 4377 652 4439 Caius
666 4381 769 4454 (δυσί.)
786 4373 800 4460 ΙΙ
814 4379 903 4438 Asini
919 4378 1055 4438 BAsinii
1071 4381 1171 4457 (Scol.)
1189 4375 1203 4464 11
1218 4389 1235 4441 2
1249 4377 1402 4457 Vergilius

252 4467 292 4525 'B
308 4465 454 4543 Virgilius
475 4467 577 4541 (Scal.)
594 4461 608 4548 Η
625 4474 770 4524 enecatur
785 4466 841 4522 BP
850 4467 926 4522 Scol.
