3218 5000
598 420 603 433 .
662 399 704 440 ns
728 398 867 441 servius
888 400 997 441 asara
1331 386 1390 449 197

256 544 380 609 candus
403 561 656 628 soasrmnms,
683 548 797 611 testim
822 562 1132 629 lauriacensem,
1157 558 1293 635 quartus
1316 567 1391 614 eue-

255 664 377 729 uanis,
402 649 536 735 quintus
558 664 760 713 averanus.
803 648 844 712 de
866 650 984 735 quibus
1007 649 1110 715 Varro
1132 651 1178 713 ita
1198 652 1293 716 dicit:

405 760 439 813 at
467 750 610 837 quinque
635 750 788 815 aetheriis
811 753 903 815 zonis
924 753 1105 837 aecingitur
1127 752 1233 834 orbis3

405 876 444 917 ao
466 862 599 916 uastant
619 855 700 917 imas
722 852 844 917 hiemes
862 852 1069 938 mediamque
1090 853 1230 919 calores:

405 954 463 1019 sed
482 963 588 1019 terrae
611 963 771 1019 extremas
794 957 879 1019 inter
898 955 1103 1042 mediamque
1125 956 1290 1033 coluntur,

404 1078 501 1142 quam
523 1056 601 1121 solis
623 1055 732 1122 ualido
751 1079 927 1143 numquam
951 1056 972 1136 †
995 1066 1031 1123 ut
1051 1058 1178 1122 auferat
1199 1060 1291 1157 igne,

441 1184 456 1222 s
600 1186 616 1223 a
760 1186 775 1224 t
904 1186 920 1223 a
1064 1186 1080 1223 a
1230 1186 1245 1224 s

254 1350 379 1401 trionalis
401 1351 519 1401 circulus
540 1351 646 1400 ratione
668 1355 845 1411 monstratur,
865 1351 890 1401 ei
908 1352 991 1401 etiam
1009 1352 1146 1403 inuenitur
1161 1349 1320 1418 oppositus)
1351 1353 1388 1403 cf.

253 1423 400 1483 praeterea
412 1419 538 1484 Hyginus
550 1419 580 1468 Ρ.
594 1420 625 1469 Α.
639 1421 652 1468 l
665 1418 681 1468 6
694 1418 801 1469 Seneca
812 1420 844 1469 N.
858 1420 890 1481 Q.
905 1419 928 1467 V
943 1418 986 1481 17,
1003 1421 1020 1469 2
1032 1435 1089 1484 sqq.
1112 1420 1269 1471 Macrobius
1291 1437 1387 1470 comm.

253 1488 267 1537 1
286 1486 325 1536 15.
354 1503 387 1536 ex
399 1488 450 1536 hoc
462 1503 553 1552 pauca
565 1487 703 1553 excerpsi:
716 1489 741 1535 2.
760 1490 812 1537 ‘est
824 1493 915 1536 autem
929 1488 1036 1538 lacteus
1048 1487 1166 1538 circulus
1183 1504 1252 1539 riuus
1269 1506 1284 1538 e
1306 1488 1387 1538 circis

253 1555 299 1619 qui
312 1555 434 1604 ambiunt
444 1555 564 1615 eaelum
579 1562 606 1604 et
617 1561 680 1604 erint
692 1561 805 1620 praeter
814 1571 875 1617 eum
885 1570 996 1606 numero
1008 1554 1123 1605 decem)
1140 1556 1165 1604 8.
1179 1556 1284 1607 ‘decem
1296 1562 1387 1607 autern

254 1623 302 1672 alii
320 1628 349 1672 ut
366 1623 482 1672 diximus
500 1623 567 1672 circi
585 1630 660 1672 sunt:
679 1639 788 1687 quorum
806 1638 874 1672 unus
893 1629 934 1672 eat
945 1624 1004 1689 ipse
1021 1623 1169 1674 zodiacus!
1202 1623 1240 1674 13.
1261 1624 1388 1689 ‘quinque

253 1689 302 1740 alii
314 1691 411 1740 circuli
423 1690 551 1761 paralleli
564 1697 704 1741 arceantur.
730 1690 822 1741 horum
835 1691 940 1741 medius
954 1697 982 1740 et
993 1693 1125 1742 martinius
1145 1697 1186 1741 est
1198 1693 1386 1756 aequinoctia-

252 1757 299 1817 lis3
318 1759 370 1808 duo
388 1759 606 1809 extremitatibus
625 1759 709 1808 uicini
723 1765 804 1823 atque
817 1760 878 1810 ideo
891 1760 1003 1821 breues,
1023 1776 1134 1824 quorum
1145 1776 1214 1810 unus
1227 1760 1387 1825 septentrio·

251 1826 323 1876 nelis
336 1827 443 1887 dicitur,
457 1827 528 1877 alter
540 1827 683 1876 australis:
702 1828 774 1877 iuter
791 1828 840 1877 hos
859 1832 887 1876 et
899 1827 1016 1877 medium
1033 1827 1086 1877 duo
1098 1834 1162 1877 sunt
1173 1828 1285 1893 tropici,
1303 1829 1387 1877 maio·

252 1911 295 1944 res
307 1894 418 1954 ultimis,
432 1895 520 1944 merlio
533 1895 663 1955 nuperos,
684 1895 774 1959 stipsi
788 1912 821 1944 ex
834 1900 948 1959 utraque
961 1901 1039 1960 parte
1053 1911 1139 1945 zonae
1152 1902 1230 1946 ustae
1244 1896 1387 1946 terminum
1458 1940 1461 1946 i

251 1961 377 2012 iaciunt’
403 1962 443 2011 14.
457 1967 578 2028 ‘praeter
593 1962 642 2012 hos
660 1963 708 2012 alii
726 1963 778 2013 dno
791 1968 853 2012 erint
866 1962 966 2024 coluri,
986 1964 1082 2027 quibus
1099 1979 1197 2015 nomon
1210 1964 1285 2013 dedit
1297 1964 1386 2027 inper-

250 2032 327 2080 fecta
338 2028 500 2080 conuersio.’
529 2030 567 2079 15.
581 2032 642 2080 ‘diro
655 2032 700 2095 qui
713 2031 747 2080 ad
760 2045 900 2080 numerum
912 2031 1081 2095 praedictum
1098 2038 1243 2096 supersunt
1260 2032 1387 2081 meridia-

250 2114 301 2148 nus
318 2102 346 2147 et
363 2098 474 2148 horizon
492 2114 547 2148 nou
564 2098 719 2147 scribuntur
732 2099 759 2147 in
772 2098 903 2162 sphaera,
922 2099 986 2162 quia
1000 2105 1102 2148 certum
1115 2099 1205 2149 locum
1218 2099 1320 2148 habore
1332 2116 1387 2149 non

251 2172 376 2232 possunt,
395 2166 444 2215 sed
460 2182 508 2231 pro
526 2166 686 2216 diuersitate
708 2166 954 2230 circumspicientia
971 2166 1157 2217 habitantisue
1176 2166 1335 2219 tranantur)
1353 2194 1385 2202 -

249 2235 355 2285 Probus
372 2235 492 2299 georg.l
509 2233 572 2284 233:
595 2234 696 2283 ‘Mundi
715 2233 817 2284 caloris
835 2241 863 2282 ct
879 2233 988 2285 luminis
1005 2234 1047 2283 sol
1065 2250 1149 2284 cauea
1168 2243 1222 2284 est:
1242 2235 1301 2284 eius
1315 2234 1386 2284 enim

250 2303 315 2353 telis
339 2308 380 2352 est
404 2317 511 2363 crrrsus,
533 2309 563 2351 ut
584 2318 672 2366 neque
695 2302 765 2351 citra
783 2301 957 2351 solstitialem
981 2302 1113 2351 circulum
1136 2303 1170 2352 ad
1192 2318 1242 2353 nos
1270 2303 1387 2352 accedat

251 2386 302 2420 nee
319 2370 392 2420 ultra
413 2370 563 2420 brumalem
580 2371 700 2419 recedat.
730 2369 799 2419 radii
818 2375 908 2418 erstem
926 2369 984 2419 eius
1005 2370 1051 2419 ubi
1068 2370 1199 2419 deliciunt
1214 2370 1254 2419 ibi
1271 2386 1386 2420 necesse

251 2444 370 2488 estesse
389 2438 552 2503 frigescunt
571 2438 706 2497 tenebris3
727 2437 857 2486 deficiunt
880 2442 970 2489 autem
988 2438 1046 2487 eius
1063 2438 1133 2487 radii
1155 2438 1250 2488 bruma
1272 2439 1306 2487 ad
1324 2454 1385 2503 sep·

250 2505 442 2556 tentrioualem
460 2506 603 2565 circulum
623 2506 661 2554 ihi
679 2505 875 2569 autemdrigos
893 2510 935 2553 est
952 2520 1013 2557 cum
1031 2506 1207 2555 obscuritate.
1235 2506 1276 2557 sol
1294 2511 1385 2556 autem

250 2574 314 2638 quia
330 2575 403 2623 inter
419 2574 568 2623 brumalem
590 2578 618 2623 et
633 2572 806 2623 solstitialem
820 2572 951 2622 circulum
963 2572 1074 2623 conficit
1086 2590 1203 2623 annuum
1221 2590 1328 2623 cursum
1345 2580 1385 2624 to·

248 2648 305 2692 tam
316 2642 389 2691 hanc
402 2642 519 2691 mediam
531 2643 671 2705 regionem
682 2642 748 2699 urit,
763 2656 832 2704 quae
845 2640 932 2690 latine
944 2641 1030 2705 plaga
1042 2647 1156 2691 uocatur
1173 2642 1279 2691 adusta.
1305 2659 1341 2693 ea
1351 2659 1386 2693 ea

248 2725 320 2773 quae
333 2709 556 2774 septentrionalis
569 2716 618 2772 est,
631 2710 677 2759 ubi
689 2708 820 2757 deliciunt
831 2708 898 2758 solis
910 2709 989 2765 radii,
1003 2709 1068 2772 quia
1080 2710 1113 2757 ob
1126 2709 1178 2760 hoc
1191 2710 1291 2775 frigida
1304 2719 1346 2761 est
1358 2718 1386 2759 et

250 2777 375 2839 obscura,
388 2778 475 2843 frigus
487 2778 515 2826 in
527 2778 677 2842 proximam
691 2777 831 2842 regionem
843 2777 969 2841 peruenit
981 2782 1009 2825 et
1020 2778 1150 2826 miscetur
1168 2777 1268 2838 calori,
1287 2779 1333 2842 qui
1350 2795 1384 2829 ea

250 2845 348 2896 aduam
360 2847 473 2911 regione
491 2845 521 2894 in
537 2846 652 2895 eundem
664 2845 757 2895 sedem
776 2845 875 2905 fertur,
898 2849 927 2894 et
944 2845 1062 2894 eflicitur
1080 2851 1232 2910 temperata
1249 2848 1339 2912 regio,
1356 2846 1385 2896 ia

250 2928 303 2979 qua
315 2928 414 2971 sumus,
428 2929 497 2978 quae
511 2919 554 2963 est
570 2913 737 2965 habitabilis.
765 2912 871 2962 alterae
889 2912 959 2962 duae
972 2913 1182 2975 inhabitabiles,
1204 2914 1252 2963 sed
1270 2915 1385 2979 physica

250 2981 353 3030 ratione
367 2982 445 3031 nobie
458 2986 520 3031 sunt
531 2981 700 3046 incognitae.
725 2980 897 3046 prohibemur
914 2981 985 3029 enirn
1002 2982 1119 3031 transire
1137 2982 1252 3032 adustae
1265 2982 1385 3047 regionis

249 3049 377 3099 calorem.
396 3049 444 3099 sed
454 3049 518 3114 quia
526 3049 555 3098 in
564 3049 677 3100 meridie
686 3049 809 3099 brumam
820 3049 1068 3110 animaduertimns,
1081 3049 1153 3098 ultra
1162 3050 1247 3098 solem
1258 3066 1385 3116 magnum

247 3118 365 3182 spatium
385 3117 456 3167 caeli
474 3133 576 3167 uacare
594 3118 694 3167 scimus
712 3124 740 3166 et
757 3118 785 3165 in
804 3116 970 3167 contrariam
988 3117 1066 3167 nobis
1089 3124 1193 3182 partem
1217 3118 1276 3166 eius
1294 3118 1385 3169 radios

248 3185 313 3234 ferri
331 3192 359 3233 et
383 3185 605 3249 quamadmodum
623 3186 667 3235 bic
690 3186 730 3235 ita
746 3184 806 3234 illic
822 3184 954 3245 deficere,
977 3184 1023 3233 ubi
1040 3185 1203 3235 deiecerunt
1218 3200 1279 3235 esse
1298 3185 1384 3249 trigue

248 3268 308 3303 cnm
320 3253 450 3313 tenebris,
465 3260 492 3301 et
504 3254 566 3302 indo
581 3254 701 3317 aliquam
713 3259 819 3317 partem
832 3253 898 3301 ferri
910 3253 938 3301 in
950 3254 1098 3316 proximum
1108 3252 1197 3302 locum
1207 3259 1235 3302 et
1244 3269 1277 3302 ex
1287 3253 1384 3303 adusta

248 3322 374 3385 regione,
389 3336 458 3385 cquae
471 3321 563 3370 linitur
576 3322 693 3371 brumali
705 3320 846 3370 solstitiali
858 3320 974 3381 circulo,
996 3321 1025 3370 in
1043 3320 1157 3371 eundem
1174 3320 1318 3386 peruenire
1337 3334 1383 3370 uu-

246 3404 353 3453 porem‚
373 3394 400 3437 et
417 3393 530 3453 utroque
549 3389 632 3439 mixto
650 3388 762 3454 perinde
781 3393 962 3452 temperatam
981 3389 1092 3438 efficere
1110 3389 1249 3453 regionem
1267 3388 1383 3438 mediam

334 3590 345 3640 l
362 3576 557 3636 solesticialis
571 3573 606 3635 Α1
621 3572 806 3636 solisticialis
820 3573 857 3634 Α2
873 3579 901 3634 Β
914 3571 929 3657 Η
944 3585 1068 3656 quartus
1078 3525 1383 3656 yemalisdquarile·

247 3664 334 3723 malis
346 3665 373 3719 B
387 3658 400 3742 ΙΙ
416 3672 433 3722 2
448 3664 604 3721 Varronem
617 3665 767 3719 Atacinnm
778 3680 839 3720 esse
855 3682 910 3720 noa
929 3674 1038 3720 certum
1049 3671 1121 3735 puto
1136 3663 1176 3737 cf.
1192 3664 1384 3732 Quintilianus

246 3753 301 3819 14,
318 3757 337 3807 l
352 3744 365 3827 li
381 3760 398 3809 3
413 3747 451 3806 ad
464 3744 499 3805 Α1
514 3745 599 3806 aad
614 3742 627 3829 ll
644 3746 789 3805 aetheriis
802 3750 946 3821 Scoliper:
963 3748 1104 3806 ethereus
1115 3752 1139 3806 Α
1150 3743 1355 3806 aetherieBA²
1369 3742 1382 3829 ll

163 3864 166 3869 ·
246 3836 330 3893 aenis
345 3829 358 3914 ΙΙ
374 3836 402 3891 Β
418 3850 436 3894 ‘4
454 3833 512 3891 hac
534 3829 572 3890 Β1
590 3829 603 3913 ΙΙ
617 3832 733 3890 hiamas
751 3830 868 3890 hiemes
883 3829 920 3889 ΑῙ
940 3833 970 3892 ia
982 3833 1098 3891 hiemes
1115 3828 1153 3890 A?
1168 3833 1264 3891 hemis
1279 3834 1307 3889 B
1323 3834 1384 3893 ima

245 3920 353 3978 hiemis
380 3920 493 3976 Salonio
513 3913 526 4000 Η
547 3917 646 3977 medic
663 3920 703 3987 B,
722 3920 830 3975 relicua
848 3936 948 3997 imque
973 3918 1090 3976 calores
1110 3922 1238 3993 murpine
1256 3922 1384 3977 lacerate

243 4009 396 4079 perierunt
414 3998 428 4082 ll
450 4015 465 4062 5
484 4003 538 4062 sed
556 4007 675 4077 scripsi:
701 4003 745 4060 sic
761 4005 813 4059 ΑΒ
840 4000 858 4084 Η
879 4001 980 4061 media
1001 4006 1028 4059 B
1052 3998 1066 4079 [l
1092 4007 1251 4062 calcantur
1269 4006 1296 4060 B
1321 3997 1335 4084 ΙΙ
1366 4012 1383 4066 6

246 4110 337 4168 quam
365 4090 606 4147 ABDE·Salomo
626 4097 653 4146 et
676 4089 753 4147 Ooet.
782 4090 868 4147 Tolet.
888 4089 1018 4148 Molocit.
1048 4092 1158 4147 Valent.
1173 4083 1187 4167 ΙΙ
1202 4087 1300 4147 ualid⁰
1320 4092 1348 4147 B
1367 4086 1380 4169 ll

244 4193 407 4254 numquam
419 4182 453 4232 ut
467 4174 587 4233 auferat
598 4169 664 4232 11¹1}
678 4182 706 4231 et
717 4176 744 4230 E
757 4191 903 4247 aspernor.
920 4173 966 4233 uis
977 4194 1111 4254 numqua
1122 4174 1230 4232 afferat
1241 4170 1279 4231 Α2
1297 4172 1379 4249 nam-

266 4279 336 4318 nam
351 4259 471 4318 auferat
481 4262 508 4317 D
519 4278 681 4339 numquam
698 4266 729 4316 ut
745 4259 876 4318 aufferre
893 4278 911 4317 a
924 4262 1002 4318 (loct.
1015 4279 1176 4339 numquam
1187 4266 1239 4317 aut
1250 4259 1381 4316 aufferre

244 4281 335 4403 l'elet.
358 4346 485 4403 Malacit.
515 4347 622 4404 Valent.
647 4341 660 4422 Η
683 4345 753 4421 igne
772 4341 869 4402 aba
897 4345 972 4403 Ovet.
999 4348 1084 4405 Τοῖα.
1112 4346 1237 4401 Maloeit.
1270 4344 1379 4401 Valeat.

244 4426 312 4506 igue
331 4424 398 4488 BA²
418 4424 432 4511 [l
453 4449 515 4508 qua
535 4429 608 4489 solis
628 4430 726 4490 calido
744 4450 907 4510 numquam
926 4438 993 4489 rota
1017 4431 1136 4488 ferueat
1160 4429 1231 4506 igne
1251 4428 1381 4502 Scaliper
