3200 4992
243 383 303 444 164
747 400 880 443 eaarvn

242 550 291 611 ria
314 549 407 634 quasi
425 547 580 633 aperilem
600 550 852 612 nominaueruut
868 570 907 612 eo
925 548 1012 635 quod
1030 550 1108 612 tuuc
1120 548 1293 635 plurimum
1316 572 1387 633 ger-

241 650 338 711 minis
350 650 516 733 aperiatur
528 651 562 712 in
573 648 697 713 florem.
719 650 796 713 inde
807 672 950 714 mensem
964 667 1079 713 narvn
1093 672 1150 736 pro
1161 650 1251 713 Maia
1261 651 1387 714 Mercu·

240 752 280 813 rii
294 760 392 813 matre
406 751 475 813 siue
487 760 619 835 propter
631 752 782 814 maiores.
799 751 917 815 deiude
930 768 1055 813 lvnrvn
1067 773 1087 814 a
1099 751 1241 833 Iunone3
1264 754 1320 815 alii
1332 773 1387 814 au·

240 860 306 913 tem
318 853 402 913 siout
411 849 535 914 Maium
549 873 607 937 pro
621 850 801 915 maioribus
814 853 860 914 ita
869 874 927 938 pro
942 852 1123 915 iunioribus
1135 852 1264 915 lunium
1276 854 1387 915 uocari

242 952 405 1015 dixerunt.
448 953 525 1016 item
547 968 672 1015 lvarvru
695 975 715 1015 a
732 948 819 1016 Iulio
843 953 1003 1034 Caesare,
1031 969 1219 1017 avevsrvn
1244 975 1322 1016 uero
1344 952 1386 1016 ab
1401 978 1412 1013 r.

242 1054 423 1119 Octauiano
440 1055 591 1135 Augusto
608 1064 827 1134 uocauerunt3
857 1075 931 1116 uam
953 1056 1043 1140 prius
1060 1053 1165 1119 Iulius
1180 1052 1338 1133 Quintilis
1356 1066 1388 1115 ct

242 1156 415 1234 Augustus
438 1153 572 1217 Sextilis
594 1154 789 1226 uocabatur,
818 1154 873 1216 sed
900 1176 1009 1217 eorum
1037 1136 1169 1217 nomina
1196 1154 1384 1219 nCaesari·

242 1257 303 1318 bus
328 1256 410 1318 lulio
435 1257 506 1317 siue
521 1255 671 1340 Augusto
694 1265 771 1318 sunt
790 1266 995 1319 commutata.
1033 1258 1096 1317 iam
1121 1271 1328 1317 sue'rnnssnn
1349 1277 1387 1315 eo

242 1356 329 1442 quod
352 1359 509 1442 septimus
533 1357 576 1418 sit
597 1378 617 1417 a
640 1355 762 1423 Martie
781 1358 835 1442 qui
859 1366 908 1419 est
929 1358 1126 1441 principium
1149 1358 1248 1419 ueris.
1288 1356 1386 1417 simili

243 1478 370 1543 quoque
401 1455 514 1519 ordine
543 1471 705 1519 oorossa
733 1465 765 1520 ct
783 1460 975 1520 novennes
1002 1466 1035 1519 et
1056 1472 1244 1520 neossasu
1266 1478 1309 1519 ex
1330 1478 1385 1518 uu·
1399 1479 1422 1517 ro

243 1610 344 1678 μήνεςε
378 1613 413 1659 ab
437 1628 469 1660 eo
493 1611 589 1659 nostri.
609 1627 625 1660 a
648 1612 787 1661 mensibus
816 1612 997 1661 intermestris
1025 1612 1129 1671 dictus,
1158 1611 1228 1675 quod
1252 1612 1387 1676 putabant

243 1681 315 1728 inter
334 1680 432 1744 prioris
451 1681 552 1728 mensis
575 1681 747 1729 senescentis
772 1684 920 1727 extremum
945 1679 1015 1727 diem
1040 1688 1068 1726 ct
1089 1695 1187 1728 nouam
1212 1680 1305 1728 lunum
1326 1694 1386 1727 csse
1428 1720 1431 1725 .

244 1748 315 1795 diem
335 1762 413 1806 quem
432 1746 592 1810 diligentins
612 1747 695 1795 Attici
716 1741 785 1812 ἕνην
802 1742 851 1795 καὶ
871 1740 940 1796 νέαν
959 1746 1146 1812 appellarunt3
1167 1747 1201 1795 ab
1221 1763 1253 1795 co
1272 1747 1343 1811 quod
1355 1762 1387 1795 eo

185 1870 193 1883 .
244 1815 287 1863 die
306 1820 397 1879 potest
414 1814 502 1862 uideri
522 1820 644 1862 extrema
663 1819 691 1862 et
710 1816 795 1879 prima
815 1812 900 1863 iuna!
930 1814 1058 1878 Hyginus
1071 1815 1100 1862 P.
1116 1816 1146 1862 Α.
1161 1813 1216 1862 1111
1237 1811 1281 1863 le:
1301 1814 1386 1863 ‘Men‘

243 1897 300 1931 scm
319 1886 420 1939 autem¹
441 1882 570 1946 quamdiu
588 1881 654 1929 luna
667 1882 808 1931 zodiacum
824 1883 955 1931 circulum
969 1878 1120 1946 perducat'.
1142 1909 1171 1916 -
1190 1882 1326 1930 diensium
1339 1898 1386 1931 uo·

244 1948 327 2014 ruina]
347 1949 469 1998 Isidorus
487 1950 572 2012 origg.
594 1949 615 1996 V
634 1947 681 2009 33,
706 1948 812 2013 3sqq.:
846 1950 1007 1998 ‘Ianuarius
1032 1950 1132 1998 mensis
1156 1964 1173 1996 a
1197 1949 1264 1997 Iano
1289 1950 1385 2007 dictus,

244 2017 287 2066 cui
307 2018 359 2066 fnit
379 2032 395 2065 a
413 2017 564 2081 gentilibus
584 2024 773 2077 comentatus,
792 2017 914 2084 nelssquia
927 2017 1006 2066 limes
1020 2025 1047 2065 et
1060 2016 1144 2065 ianua
1156 2017 1193 2064 sit
1212 2017 1286 2065 anni.
1315 2018 1386 2066 unde

243 2091 271 2133 et
289 2085 394 2133 bifrons
414 2085 485 2139 idem
504 2085 587 2132 lanus
605 2084 735 2148 pingitur,
755 2090 785 2133 nt
803 2087 932 2134 introitus
951 2085 1016 2133 anni
1034 2090 1061 2132 et
1080 2084 1170 2132 exitus
1188 2084 1386 2133 demonstrare·

242 2160 295 2201 tur.
332 2152 498 2201 Februarius
517 2160 690 2215 nuncupatur
709 2167 725 2200 a
744 2152 852 2203 Februo
871 2152 964 2207 idest
982 2151 1099 2201 Plutone
1118 2151 1162 2200 eui
1182 2167 1213 2200 eo
1232 2167 1325 2200 mense
1343 2168 1387 2200 sa-

243 2220 429 2269 crificabatur.
466 2236 529 2268 nuru
550 2220 707 2268 Ianuarium
731 2219 784 2269 diis
808 2220 930 2284 superis,
950 2219 1129 2268 Februarium
1148 2219 1201 2267 diis
1220 2219 1316 2268 inseris
1335 2221 1387 2269 Ro·
1452 2244 1456 2249 ·

242 2289 316 2336 mani
336 2293 578 2337 eonsecrauerunt.
614 2302 679 2351 ergo
699 2288 855 2337 februarius
873 2303 890 2335 a
908 2287 1004 2336 februo
1022 2287 1049 2335 id
1068 2292 1110 2336 est
1129 2302 1145 2335 a
1163 2286 1279 2335 Plutone
1298 2301 1351 2336 nou
1371 2303 1387 2336 a
1409 2284 1413 2295 ”

244 2355 321 2403 sobre
339 2355 366 2403 id
387 2361 429 2403 est
447 2354 621 2419 aegritudine
640 2357 805 2404 nominatur.
836 2356 952 2404 Martius
972 2353 1129 2418 appellatus
1147 2360 1258 2418 propter
1271 2354 1387 2404 Martem

245 2423 383 2471 Rorueuae
409 2423 499 2487 gentis
524 2429 663 2471 auctorem
688 2423 732 2471 uei
756 2423 827 2486 quod
852 2423 946 2471 eodem
970 2428 1093 2487 ternpore
1115 2427 1215 2470 cuncta
1234 2422 1388 2472 animantia

244 2496 362 2553 agantur
382 2489 416 2538 ad
435 2506 525 2539 mares
549 2496 577 2537 et
596 2490 630 2537 ad
656 2490 854 2539 concumbendi
877 2490 1056 2553 uoluptatem.
1092 2489 1164 2538 idem
1184 2489 1342 2553 appellatur
1361 2497 1388 2538 et

243 2558 344 2605 mensis
363 2572 502 2619 nouorum,
522 2557 586 2621 quia
604 2559 680 2606 ann‘r·
689 2557 797 2606 initium
817 2563 859 2606 est
871 2557 996 2606 Martius.
1027 2557 1098 2605 idem
1118 2562 1145 2605 et
1162 2572 1261 2605 nouum
1274 2574 1331 2617 uer,
1352 2559 1387 2606 ab

243 2625 354 2673 iudiciis
372 2625 481 2689 scilieet
500 2625 659 2690 germinum,
680 2624 745 2687 quia
764 2625 792 2673 in
813 2642 844 2675 eo
863 2624 1047 2673 niridantibus
1061 2624 1194 2673 fructibus
1207 2625 1286 2674 nouis
1298 2631 1387 2673 trans-

245 2700 366 2742 actorum
390 2694 521 2756 probatur
540 2706 663 2741 occasus.
699 2691 803 2756 Aprilis
822 2709 870 2757 pro
889 2692 995 2741 Venere
1014 2691 1123 2751 dicitur,
1142 2692 1220 2756 quasi
1240 2693 1387 2756 Aphrodisr

244 2760 351 2808 Graece
371 2760 442 2809 euim
461 2750 610 2823 Ἀφροδίτη
623 2759 716 2808 Venus
735 2759 851 2820 dicitur3
870 2760 916 2808 uel
935 2760 999 2824 quia
1017 2760 1043 2807 in
1064 2776 1096 2809 eo
1111 2775 1204 2808 mense
1218 2763 1310 2809 omnia
1324 2775 1387 2825 ape-

244 2828 350 2875 riuntur
368 2827 396 2874 in
420 2829 511 2876 florem
536 2828 615 2890 qrrasi
640 2825 761 2891 aperilis.
797 2828 888 2877 Maius
910 2827 1000 2876 dictus
1019 2842 1035 2875 a
1054 2827 1130 2875 Maia
1153 2831 1240 2875 matre
1258 2827 1388 2876 Mercurii

245 2895 290 2943 uel
311 2909 327 2942 a
341 2893 489 2943 maioribus
503 2900 570 2942 natu
583 2894 627 2958 qui
642 2900 722 2943 erant
734 2896 872 2960 principes
886 2894 1075 2959 reipublicae
1107 2908 1170 2943 nam
1181 2893 1254 2943 huuc
1267 2911 1387 2944 mensem

247 2961 405 3023 maioribus,
419 2968 577 3025 sequentem
591 2977 656 3010 ucro
670 2962 818 3012 minoribus
833 2964 947 3012 Romani
962 2967 1206 3023 consecrauerunt;
1220 2953 1289 3011 unde
1303 2968 1332 3012 ct
1343 2963 1386 3011 lu-

244 3030 304 3077 nius
317 3029 421 3078 dictus:
454 3036 518 3078 aute
532 3029 602 3078 cuim
616 3029 732 3094 populus
746 3030 773 3078 iu
788 3032 929 3080 centurias
948 3030 1084 3079 seniorum
1098 3034 1126 3078 et
1138 3029 1273 3078 iuniorum
1284 3030 1388 3079 diuisus
1404 3082 1408 3091 ¹

244 3102 314 3154 erat,
338 3094 424 3146 Iulius
434 3112 500 3145 uero
512 3102 540 3145 et
551 3098 688 3162 Augustus
706 3097 740 3146 de
752 3098 907 3147 nominibus
918 3097 1055 3146 hominum
1072 3097 1135 3145 Iulii
1149 3104 1177 3145 et
1189 3098 1305 3162 Augusti
1318 3097 1386 3149 Cae·

243 3179 335 3213 sarum
351 3164 503 3228 nuncupati
521 3170 593 3213 srrnt.
624 3180 687 3213 nam
703 3165 777 3230 prius
790 3166 921 3227 Quintilis
934 3170 962 3213 et
975 3164 1086 3213 Sextilis
1098 3165 1283 3232 uocabantur:
1304 3166 1387 3227 Quiu-

243 3231 315 3293 tiiis,
341 3232 405 3296 quia
428 3233 538 3295 quintus
561 3237 622 3282 erat
641 3247 657 3281 a
676 3233 790 3293 Martio,
816 3249 894 3297 quem
916 3232 1067 3297 principem
1087 3232 1151 3281 anni
1170 3237 1309 3282 testantur
1327 3249 1387 3283 esee

231 3286 374 3361 diamani,
404 3299 515 3348 Sextilis
533 3299 660 3349 similiter
679 3300 744 3364 quia
767 3306 869 3350 sextus.
907 3300 1068 3364 September
1085 3314 1182 3349 nomen
1200 3299 1286 3350 habet
1305 3316 1321 3350 a
1339 3317 1388 3350 nu·
1425 3297 1430 3306 ’

244 3383 319 3416 mero
343 3372 370 3416 et
391 3367 492 3427 imbre,
518 3368 582 3431 quia
605 3369 738 3433 septimus
763 3373 805 3416 cst
830 3384 847 3416 a
869 3367 969 3416 Martio
995 3372 1023 3415 et
1046 3367 1147 3417 imbres
1170 3366 1264 3417 habet.
1301 3369 1341 3418 sic
1361 3374 1389 3417 et

157 3486 164 3495 ,
245 3434 367 3483 October
384 3435 541 3484 Nouember
559 3441 640 3499 atque
659 3436 815 3484 December
834 3451 867 3484 cx
885 3446 997 3483 numero
1016 3440 1044 3483 et
1067 3435 1200 3491 imbribus
1220 3440 1389 3501 acceperuut

244 3502 391 3563 uocabula,
412 3517 491 3566 quern
510 3517 649 3552 numerum
669 3503 858 3551 decurrentem
879 3502 1031 3551 December
1055 3502 1117 3551 finit
1133 3518 1182 3567 pro
1202 3519 1234 3552 eo
1253 3504 1324 3567 quod
1342 3504 1387 3553 de-

246 3570 341 3620 narius
354 3585 481 3619 numerus
491 3571 703 3635 praecedentem
716 3585 857 3619 numerum
872 3569 995 3618 claudit.'
1016 3570 1184 3634 Augustinus
1198 3572 1387 3620 coutraFaus-

308 3720 348 3784 ’Ἰ
366 3744 491 3801 germen
510 3724 671 3802 plurimum
691 3729 714 3782 A
730 3722 743 3804 Η
759 3724 934 3802 aperiantur
950 3724 977 3779 B
998 3718 1010 3803 ΙΙ
1034 3726 1172 3782 mercurii
1192 3719 1386 3805 B113matrs

245 3805 284 3866 B¹
310 3803 323 3890 ΙΙ
344 3817 439 3866 matre
463 3828 553 3887 quam
575 3809 664 3867 deam
686 3818 797 3868 uocant
818 3811 948 3866 Isidorus
967 3805 981 3889 Η
1003 3808 1118 3866 Iunone
1142 3829 1232 3887 quam
1255 3829 1387 3868 sororem
1413 3876 1418 3881 ‚

244 3893 295 3952 uel
311 3894 469 3969 coniugem
487 3890 569 3950 Iouis
592 3893 688 3951 fnisse
710 3902 861 3952 testentur
880 3894 1018 3953 Isidorus
1030 3888 1044 3973 il
1064 3889 1200 3972 Iunium]
1222 3894 1388 3952 iunioribus

245 3973 329 4059 ΑΙΙ4
348 3998 458 4035 uocare
481 3980 573 4035 Boni.
590 3982 614 4034 A
635 3972 648 4054 il
671 3989 821 4038 seessare
839 3972 877 4033 B¹
895 3997 1001 4038 cesare
1016 3973 1056 4034 13²
1077 3973 1090 4058 Η
1112 3987 1251 4053 agrrstum
1270 3983 1335 4035 Aet
1348 3983 1389 4037 ita
1420 4012 1421 4015 =

241 4063 308 4137 sere
328 4080 442 4135 semper
464 4073 591 4138 angusto
615 4058 653 4117 B¹
678 4057 691 4142 ΙΙ
711 4072 728 4123 6
748 4072 856 4138 agusto
878 4059 917 4118 B¹
941 4071 1066 4140 agustau
1087 4064 1112 4118 Α
1132 4056 1145 4143 Η
1167 4072 1198 4120 et
1216 4082 1269 4120 om.
1295 4066 1319 4119 B
1340 4059 1352 4143 ΙΙ
1372 4072 1387 4125 7

245 4149 385 4222 agustum
406 4152 430 4204 Α
449 4139 461 4225 Η
478 4146 573 4203 'unam
597 4141 632 4203 Α1
657 4140 670 4226 l}
692 4169 709 4204 a
729 4166 782 4203 om.
807 4145 845 4205 B¹
863 4145 876 4224 Η
891 4165 1012 4206 cessare
1033 4141 1075 4204 B²
1089 4144 1102 4223 ,ῑί
1117 4155 1135 4207 8
1151 4158 1332 4204 commorata
1352 4144 1385 4205 Α1

242 4225 1391 4313 rmmmmaBss9swummuB¹ssumssuB¹sswomMmrfflommmm

244 4304 1387 4397 DummmmdmfflmmDuQfflfflmfflhmmfflfflMmbmmffl

150 4440 163 4452 .
243 4404 323 4457 uicus
342 4408 498 4472 corruptas
513 4404 607 4458 nescio
623 4419 661 4457 an
677 4402 785 4459 induri
799 4405 975 4476 aeplepentr'u
