3218 5000
232 378 305 474 'hill
746 392 879 439 rasrvs

243 553 276 609 et
297 542 340 609 ad
360 540 586 630 gubernacula
606 562 702 629 aqua.
737 543 770 607 in
785 552 932 608 austrum
955 542 1045 608 uenti
1064 543 1200 609 mutatio
1222 552 1289 626 est,
1312 564 1386 609 cnm

244 645 410 739 lulligines
431 642 663 709 hirundinesne
684 643 797 708 nolant
818 654 875 708 aut
896 667 969 709 eum
992 643 1137 732 delphini
1159 653 1244 710 totos
1267 667 1302 709 se
1324 644 1387 709 sal·

243 748 332 813 tibus
349 744 526 811 ostendunt
541 753 597 808 aut
617 743 732 809 caudis
752 766 870 832 aquam
893 745 1032 810 feriunt:
1068 768 1143 810 nam
1168 769 1295 833 semper
1310 746 1386 811 inde

242 856 360 913 uentus
383 848 570 932 oriturque
592 845 640 910 illi
664 844 824 912 feruntur.
862 868 923 911 nee
944 847 1134 941 mirumxest
1154 855 1249 924 muta
1264 849 1386 912 anima·

242 950 287 1015 lia
310 948 460 1012 diuinare
478 947 539 1011 sub
554 946 701 1033 gurgite:
734 968 861 1034 semper
873 948 958 1011 enim
975 948 1162 1036 incipientis
1177 970 1275 1012 aurae
1297 958 1408 1013 motus

241 1072 346 1139 aquae
361 1047 568 1126 inclinantur,
589 1068 685 1136 quam
705 1049 974 1136 permutationem
996 1052 1094 1115 maris
1110 1051 1206 1139 primi
1225 1049 1387 1115 undarum

242 1273 323 1308 mane
347 1271 473 1305 serenum
497 1255 557 1304 erit.
594 1255 617 1304 si
641 1269 722 1304 mane
747 1254 844 1304 rutilat
864 1256 944 1306 triste
968 1257 1090 1319 eaelum,
1120 1262 1271 1323 tempestas
1294 1257 1387 1307 futura

243 1323 315 1375 erit.'
346 1324 504 1374 Scholiasta
528 1322 687 1371 (iermauici
709 1339 735 1388 p.
764 1321 824 1371 tlt:
855 1324 1017 1375 ‘Praeterea
1040 1326 1121 1389 signa
1144 1326 1318 1391 tempestatis
1341 1324 1386 1374 uel

244 1399 272 1442 et
289 1392 447 1442 serenitatis
465 1392 494 1440 in
513 1404 547 1439 ea
565 1389 653 1439 uideri
672 1405 752 1455 posse
772 1391 879 1455 antiqui
891 1391 1028 1442 dixerunt.
1052 1393 1179 1457 Nigidius
1193 1393 1292 1458 (rl'igidt'
1308 1393 1386 1443 uerba

242 1461 348 1511 ecodd.
373 1459 498 1509 Vrbinete
516 1464 541 1506 et
559 1456 711 1506 Strozziano
735 1459 831 1507 emend.
851 1458 978 1523 Breysr'p:
998 1462 1030 1509 de
1053 1461 1150 1525 Nigidii
1167 1461 1261 1525 fragne.
1284 1478 1312 1525 p.
1338 1458 1386 1524 43)

244 1528 284 1578 ait
301 1527 367 1575 luna
386 1527 408 1576 si
427 1541 531 1575 summo
550 1525 578 1574 in
602 1523 706 1574 circulo
724 1525 849 1575 maculas
873 1527 967 1591 nigras
989 1527 1121 1579 hahuerit
1143 1528 1172 1577 in
1190 1529 1283 1593 primis
1301 1530 1386 1594 parti·

242 1596 293 1645 hus
312 1595 428 1657 mensis,
452 1592 553 1642 imbres
573 1592 648 1653 fore;
672 1594 695 1642 si
721 1593 749 1641 in
772 1591 862 1643 medio
884 1601 950 1644 tune
974 1611 1033 1644 eum
1052 1595 1136 1661 plena
1154 1596 1210 1644 sint
1228 1597 1256 1645 iu
1275 1612 1308 1646 ea
1328 1613 1386 1647 eor-

242 1661 349 1721 nicula,
374 1661 562 1711 serenitatem.
600 1664 676 1709 certe
695 1659 718 1709 si
737 1660 816 1709 rubet
839 1662 917 1725 quusi
941 1677 1048 1724 animm,
1074 1668 1173 1712 uentos
1192 1663 1320 1715 ostendit.
1356 1663 1387 1713 fit

242 1731 315 1779 enim
333 1733 432 1779 uentus
451 1744 484 1778 ex
504 1729 577 1778 aeris
596 1727 744 1789 densitate,
764 1728 901 1777 densitate
920 1730 1040 1780 obducta
1052 1730 1092 1778 sol
1106 1735 1133 1779 et
1145 1730 1211 1784 luna
1224 1731 1386 1791 rubescunt;

242 1798 308 1847 item
332 1797 356 1845 si
380 1811 483 1846 cornua
507 1796 565 1845 eins
587 1800 663 1844 tecta
687 1795 790 1844 fuerint
807 1794 926 1855 nebula,
958 1803 1108 1863 tempestas
1126 1789 1219 1847 t'utnr'n
1238 1804 1288 1849 est.
1319 1800 1386 1850 Ara-

241 1870 285 1914 tus
309 1864 501 1925 autemdicit,
530 1864 553 1912 si
573 1863 743 1927 aquilonium
767 1878 851 1916 cornu
873 1862 1023 1914 liinaecsr
1045 1866 1199 1930 porrectius
1219 1866 1386 1930 aquilonium

241 1932 394 1981 imminere.
442 1932 509 1980 item
540 1931 563 1980 si
601 1944 685 1980 cornu
722 1930 843 1980 eristrale
874 1933 911 1982 sit
941 1934 1077 1995 erectius,
1113 1940 1205 1983 uotum
1234 1934 1385 1983 imminere.

242 2005 341 2065 quarta
360 2004 452 2049 autem
471 1998 537 2047 luna
556 1997 639 2048 indes
662 1998 813 2049 futurarum
839 2000 995 2061 certissima
1014 2000 1131 2049 hahethr
1150 2015 1291 2064 aurarum,
1314 2000 1386 2051 unde

243 2074 271 2118 et
289 2067 436 2133 Virgilius:

432 2134 475 2183 sin
494 2138 555 2184 ortu
574 2140 684 2198 quarto.
709 2149 825 2198 narisque
845 2135 868 2183 is
887 2136 1057 2185 certissimus
1076 2133 1193 2185 erretur)
1253 2186 1256 2193 ,

243 2202 403 2251 Scholiasta
427 2200 587 2250 Germanici
610 2218 638 2266 p.
664 2199 725 2250 108:
755 2201 852 2268 ‘Signa
876 2203 948 2252 enim
972 2203 1054 2265 (immo
1078 2205 1107 2251 iu
1130 2218 1163 2252 eo
1180 2218 1217 2252 sc.
1235 2204 1301 2268 sole)
1319 2210 1387 2255 tem·

263 2271 361 2319 estatis
385 2269 430 2318 uel
458 2268 620 2319 serenitatis
647 2269 700 2318 hoe
728 2269 809 2319 ruodo
831 2271 964 2335 astrologi
987 2270 1080 2319 mundi
1108 2271 1302 2336 cognoscenda
1325 2288 1386 2323 esse

242 2286 381 2388 Miserunt.
415 2336 551 2401 Virgilius
569 2352 688 2401 namque
708 2337 758 2397 ait,
777 2338 800 2386 si
820 2338 862 2388 sol
880 2338 909 2387 iu
928 2344 989 2388 ortu
1007 2353 1056 2388 siro
1074 2338 1231 2388 maculosus
1249 2340 1285 2389 sit
1304 2345 1386 2405 atque

243 2406 292 2455 suh
316 2406 389 2454 nube
413 2403 505 2455 latens
535 2409 583 2454 aut
606 2404 630 2454 si
656 2403 771 2454 dimidia
793 2406 937 2470 perseius
960 2406 1120 2470 appensorii
1144 2411 1241 2456 uentos
1272 2408 1386 2458 futuros.

242 2474 309 2522 item
327 2472 415 2522 Varro
435 2471 483 2534 ait,
509 2472 532 2521 si
553 2472 680 2521 exoriens
699 2487 837 2521 concauus
855 2472 963 2523 uidetur
981 2474 1022 2522 ita
1039 2478 1069 2521 ut
1088 2473 1211 2522 emedio
1235 2474 1342 2539 fulgeat
1360 2481 1388 2525 et

244 2541 337 2590 radios
356 2539 445 2589 iaciat
463 2540 563 2604 pnrtiru
584 2540 619 2589 ad
637 2538 795 2603 aquilonem
813 2541 914 2605 partim
933 2540 967 2589 ad
987 2542 1321 2605 arrstrum'tempestntem
1338 2542 1387 2592 hu·

242 2607 343 2657 midam
363 2614 390 2655 et
409 2614 553 2656 uentosam
568 2606 687 2656 fuhuam
707 2607 805 2657 innuit.
842 2610 923 2669 item,
943 2608 971 2656 Si
990 2607 1039 2671 sol,
1061 2608 1158 2672 inquit,
1178 2610 1276 2658 rubent
1293 2610 1322 2659 in
1341 2626 1386 2659 oc·

243 2691 325 2739 casu,
351 2675 475 2724 sincerus
498 2674 557 2722 dies
577 2675 643 2737 crit,
673 2674 696 2722 si
715 2675 835 2738 palleat,
861 2680 1054 2739 tempestatem
1074 2675 1222 2740 signifieat.
1259 2677 1387 2743 Nigidius

243 2758 349 2822 qnoque
370 2743 424 2792 ait:
455 2741 485 2790 Si
503 2741 623 2806 pallidus
636 2741 676 2790 sol
694 2742 724 2789 in
742 2743 837 2808 nigras
856 2742 943 2791 nubes
962 2742 1082 2805 aecidat,
1101 2743 1257 2807 aquilonem
1275 2750 1387 2795 uentum

242 2806 403 2875 sigmfieet.'
444 2807 557 2857 Servius
580 2807 641 2857 eod.
666 2808 758 2858 (isselt.
794 2826 887 2874 georg.
912 2811 926 2860 1
952 2810 1015 2859 432:
1045 2810 1153 2859 ‘Aratus
1182 2811 1222 2860 ait
1250 2812 1275 2861 si
1302 2828 1388 2863 cornu

177 2895 182 2903 ·
243 2878 413 2960 aquilonium
431 2877 469 2926 sit
487 2877 618 2938 erectius,
638 2877 795 2940 aquilonem
813 2878 956 2927 imminere
980 2884 1008 2926 et
1026 2893 1075 2943 per
1093 2892 1154 2926 eum
1172 2894 1298 2933 serenum
1316 2880 1386 2930 fleri.

241 2944 370 3010 Nigidius
389 2943 423 2993 de
441 2943 534 2992 nentis
551 2944 618 3004 1111,
637 2944 662 2993 si
685 2959 816 2994 summum
836 2945 1004 2995 corniculum
1028 2944 1151 2995 maculas
1170 2946 1264 3011 nigras
1282 2947 1386 2998 habue·

241 3013 289 3074 rit,
314 3013 343 3061 in
365 3012 462 3129 primis
486 3011 611 3075 partibus
635 3011 736 3061 imbres
761 3014 801 3063 ait
819 3014 892 3073 sore,
916 3014 940 3062 si
964 3013 992 3062 iu
1012 3013 1064 3061 imo
1084 3028 1177 3076 cornu,
1196 3017 1386 3066 serenitatem.

223 3080 342 3130 'rubens
376 3092 432 3128 rrna
455 3083 567 3129 uentum
591 3078 746 3130 denuntiat.
787 3078 818 3130 fit
845 3081 918 3130 enim
947 3086 1046 3129 rientus
1075 3096 1108 3129 ex
1137 3083 1209 3131 aeris
1233 3083 1387 3146 densitate;

241 3147 366 3197 densitas
390 3147 463 3196 aeris
488 3146 599 3198 inducto
623 3146 769 3213 splendore
793 3148 875 3199 lassae
900 3145 1059 3197 erubescit’
1085 3175 1116 3183 —
1152 3149 1286 3216 vegetius
1305 3151 1338 3200 de
1357 3167 1386 3201 re

329 3347 340 3397 l
359 3335 556 3394 iubemaeula
567 3337 595 3393 Β
607 3356 649 3413 gs
660 3336 791 3395 hnaeula
806 3338 837 3393 M
852 3331 866 3418 Η
881 3332 974 3414 aqua]
992 3344 1083 3414 atque
1097 3338 1145 3394 CI)
1156 3321 1243 3419 ‘'qus
1260 3341 1284 3396 G
1296 3357 1387 3419 quam

240 3424 269 3480 F
281 3422 333 3502 qui
347 3422 379 3479 H
390 3414 403 3502 Η
418 3421 449 3479 ἰῃ
465 3440 518 3479 om.
538 3424 566 3478 F
578 3415 591 3502 Η
608 3430 741 3481 ausuum
755 3425 783 3479 F
792 3429 893 3481 austro
911 3416 950 3478 B²
964 3417 978 3499 Η
995 3439 1062 3478 eum
1076 3420 1228 3498 lulligines
1242 3424 1273 3485 K
1274 3424 1306 3481 M
1320 3442 1388 3481 eum

240 3506 402 3584 lulligenes
417 3508 446 3563 Ε
460 3525 527 3564 eum
544 3505 696 3584 liligiones
713 3505 749 3564 Α1
769 3527 835 3564 cum
858 3504 1020 3582 loligiones
1037 3499 1074 3561 Α2
1096 3506 1271 3584 conlegines
1292 3510 1318 3564 B
1337 3527 1387 3565 eu-

240 3642 331 3720 lignis
346 3643 378 3700 H
389 3637 401 3717 Η
417 3641 647 3701 herundinesue
656 3640 762 3700 nolant
774 3643 910 3699 CDFGH
919 3639 1081 3700 emindines
1093 3641 1248 3701 Nenolant
1259 3644 1386 3701 Meran-

241 3727 328 3786 dines
355 3726 480 3785 euolant
509 3732 532 3782 A
557 3724 722 3785 ernndines
743 3724 849 3784 nolant
873 3720 949 3783 3¹1(
970 3725 1148 3785 hirundines
1176 3727 1282 3785 nolant
1309 3722 1349 3784 B²
1371 3722 1385 3807 Η

241 3811 345 3871 delfini
363 3814 430 3868 iibri
464 3805 478 3891 Η
493 3830 560 3868 eum
581 3809 747 3869 dissutus
763 3809 857 3869 saltos
872 3806 907 3867 Α1
932 3830 992 3867 m
1010 3828 1072 3868 ss*
1085 3819 1164 3869 totos
1184 3830 1217 3869 se
1237 3810 1332 3869 saltos
1349 3807 1387 3869 M

239 3904 321 3955 totns
334 3914 369 3954 se
381 3895 475 3954 saltos
487 3892 524 3953 Β1
539 3903 619 3953 totos
632 3916 665 3953 se
678 3892 821 3954 saltosB²
836 3892 849 3978 Η
866 3893 957 3969 totos]
970 3902 1016 3952 tos
1030 3897 1064 3953 M
1076 3893 1090 3976 Η
1103 3905 1121 3957 3
1132 3891 1194 3973 aut]
1208 3904 1238 3952 et
1250 3899 1274 3952 Α
1290 3890 1303 3977 Η
1319 3916 1387 3954 eau-

241 3980 318 4039 dans
339 3977 376 4037 Α1
400 3979 522 4039 caudas
534 4000 548 4038 s
562 3976 600 4038 Α2
615 3975 628 4062 Η
645 3977 724 4059 aquei
736 4002 807 4039 nam
822 4001 877 4060 per
888 3977 970 4037 unde
988 3978 1041 4040 ille
1058 3982 1195 4039 feruntur
1209 3979 1262 4037 ille
1277 3988 1387 4038 uentus

241 4068 337 4123 Arrisi
352 4068 430 4138 quod
446 4084 481 4128 m.
503 4072 521 4123 2
541 4063 612 4123 inde
635 4070 745 4125 addidit
761 4076 826 4139 pest
843 4071 953 4124 uentus
969 4059 983 4145 Η
998 4061 1079 4144 nam]
1096 4084 1156 4121 non
1172 4062 1206 4121 M
1218 4059 1230 4144 Η
1246 4063 1318 4123 inde
1331 4063 1388 4122 illu

240 4151 378 4208 feruntur
394 4149 447 4208 ille
459 4160 569 4209 uentus
584 4150 618 4206 M
629 4144 642 4231 Η
658 4158 766 4209 uentus
780 4149 850 4208 inde
863 4152 910 4209 ΟΒ
927 4144 941 4227 Η
954 4159 971 4210 t
986 4148 1067 4230 qnod
1079 4152 1109 4206 E
1118 4156 1171 4226 qot
1183 4150 1293 4207 Meum
1304 4150 1392 4208 FGH

242 4231 255 4317 Η
272 4235 324 4293 ille
336 4236 395 4292 ΑΜ
407 4230 420 4313 Η
436 4244 552 4295 mutata
568 4237 596 4291 F
607 4228 620 4315 Η
637 4247 652 4296 ὁ
666 4236 775 4310 iungite
789 4236 878 4292 DHM
892 4230 905 4316 Η
921 4234 1001 4293 enim
1013 4252 1067 4292 em.
1082 4234 1164 4291 CDH
1175 4227 1189 4313 Η
1204 4232 1387 4311 incipientes

236 4321 437 4378 ‘ABDEGHM
450 4315 464 4402 Η
478 4339 582 4378 aurem
597 4328 714 4398 utaque
731 4323 756 4376 B
773 4338 846 4377 aure
862 4327 944 4377 mutu
961 4338 1060 4399 aquae
1083 4320 1116 4375 H
1133 4312 1146 4398 Η
1166 4327 1183 4379 6
1197 4316 1388 4375 inelisantur

241 4400 277 4463 Αι
295 4400 308 4486 Η
324 4400 425 4483 quam]
442 4405 514 4483 quia
529 4404 561 4461 H
573 4412 586 4484 Η
602 4403 851 4481 permutationem
868 4405 896 4461 Β
