3194 5004
279 381 342 440 512
695 402 728 442 ru
742 402 840 442 virsa
856 402 1003 442 raasurn

278 549 452 628 ambignum
475 558 522 609 est
543 559 642 610 utrum
670 551 710 609 ad
732 552 815 611 illam
838 572 877 611 an
899 552 939 612 ad
954 555 1063 625 Popilio
1082 553 1262 632 scripturam
1282 564 1412 632 spectet.

278 651 405 712 Modum
421 653 502 711 enim
522 672 646 731 prorsus
669 654 838 713 excessisse
852 654 1096 726 Lachmanuum,
1118 655 1358 731 geminationem
1377 655 1399 713 li

282 753 396 832 quidue
415 755 448 812 in
470 754 582 814 talibus
605 754 802 828 damnantem
821 738 855 813 it
878 753 1046 814 ‘vitiosam’
1072 755 1206 815 Lucretii
1226 777 1256 835 p.
1272 767 1307 821 33
1348 776 1419 815 non*

279 875 341 913 uno
357 865 535 933 argumento
551 857 735 936 perspicitur
756 876 871 937 suoque
892 866 1030 936 tempore
1053 866 1084 915 et
1104 858 1172 917 loco
1193 801 1413 1037 disceqitur

282 957 472 1036 explicatius.
517 959 554 1016 In
576 959 734 1036 praesenti
754 960 828 1017 satis
850 960 908 1019 erit
923 960 981 1017 tria
995 968 1192 1018 monumenta
1214 960 1318 1038 epigra
1365 960 1413 1016 ica

281 1059 428 1118 antestari
449 1060 623 1118 vetustioris
644 1061 753 1119 aetatis
781 1058 865 1139 (nam
886 1061 1040 1120 inferioris
1061 1059 1288 1121 multitudinem
1312 1054 1412 1119 excin-

279 1160 399 1239 plorum
419 1161 602 1219 Mommscni
622 1161 651 1219 1:
663 1162 700 1220 R.
717 1162 756 1220 N.
780 1160 1013 1241 suppeditant):
1039 1163 1198 1221 miliarium
1220 1161 1413 1221 Hadrianum

271 1263 353 1339 anni
369 1271 433 1334 662,
450 1271 610 1322 tractatum
626 1263 726 1322 Musei
741 1264 842 1322 Rhcn.
864 1272 887 1322 t.
905 1277 926 1321 x
942 1284 973 1343 p.
994 1272 1038 1326 141
1056 1284 1124 1344 sqq.
1143 1274 1203 1320 xlv
1219 1284 1250 1342 p.
1266 1272 1318 1326 296
1331 1283 1410 1342 sqq„

279 1365 387 1444 inquo
411 1373 459 1422 est
479 1364 505 1422 P
522 1385 528 1398 ·
545 1362 771 1424 POPILLIVS
788 1386 795 1399 ·
812 1363 837 1423 Ο
853 1386 860 1399 ·
876 1367 902 1425 F
920 1388 926 1401 ·
945 1363 1022 1425 COS
1045 1366 1208 1443 scripturn:
1232 1364 1355 1445 duoque
1374 1365 1411 1423 ti·

278 1467 357 1525 tulos
379 1464 535 1524 POLLIO
558 1463 787 1525 POLLIONIS
812 1468 937 1549 nomina
958 1467 1154 1546 exhibentes,
1178 1467 1361 1525 Vaticanum
1375 1466 1411 1525 P.

278 1569 314 1626 L.
330 1568 372 1625 M.
394 1566 456 1626 tab.
477 1577 570 1640 xclv,
588 1578 622 1639 1),
651 1567 870 1627 Sinuessanum
890 1569 915 1627 Ι.
938 1569 975 1627 R.
992 1570 1030 1627 N.
1051 1577 1130 1630 4021.
1174 1569 1215 1626 Et
1231 1576 1339 1627 tamen
1358 1567 1413 1632 ‚vix

280 1667 435 1747 expiando
457 1668 577 1748 piaculo
602 1667 661 1727 dici
683 1668 814 1728 scribivc
835 1670 973 1748 ‘insigne
993 1669 1116 1730 maestis
1136 1668 1325 1749 praesidium
1351 1669 1412 1729 reia

280 1779 310 1829 ct
325 1771 497 1830 consulenti
511 1773 599 1828 Pollio
616 1768 731 1829 curiae‘
748 1770 839 1829 hodie
856 1772 998 1832 creditur.

362 1872 484 1932 Ibidem
505 1872 531 1931 si
554 1854 635 1931 recte
651 1892 684 1932 se
704 1871 798 1932 habet
816 1877 894 1944 ideo,
921 1874 979 1932 hac
998 1874 1031 1951 vi
1052 1893 1120 1933 csse
1142 1862 1255 1932 dictum
1275 1880 1411 1952 oportet:

277 1973 349 2034 idco
377 1974 460 2054 quod
481 1975 573 2047 tales,
598 1974 704 2053 quales
725 1973 1001 2054 Sulpicius'Labco
1023 1975 1173 2054 Popillius
1194 1975 1332 2048 fuerunt,
1357 1975 1412 2033 mi-

278 2078 360 2135 nime
376 2096 450 2135 vero
468 2076 645 2156 Scipionem
659 2076 860 2156 Laeliumque
876 2075 1031 2136 adiutores
1047 2075 1201 2149 habuerit,
1222 2075 1267 2135 sic
1280 2076 1411 2135 locutum

280 2198 346 2237 esse
362 2179 462 2257 ipsum
476 2188 510 2237 ut
524 2179 606 2236 viros
621 2179 734 2236 virtute
750 2187 846 2258 atque
862 2180 1041 2241 auctoritate
1057 2179 1225 2258 pollentes,
1247 2178 1411 2263 nonime·

277 2300 334 2341 nes
349 2280 515 2358 significari
531 2274 725 2338 manifestibn
739 2281 788 2339 sit.
824 2281 897 2345 Fuit
913 2281 994 2339 enim
1009 2282 1076 2361 qui,
1099 2280 1212 2339 cumin
1227 2283 1252 2337 Α
1266 2280 1412 2358 scriptum

279 2402 346 2442 csse
357 2393 445 2456 poeta
462 2386 514 2441 dec
529 2387 621 2454 ipsam
642 2381 776 2455 videret,
799 2381 872 2441 hinc
887 2382 1083 2442 efficiendum
1099 2393 1195 2456 pocta.
1225 2385 1296 2440 adeo
1317 2385 1412 2455 ipsum

277 2493 413 2564 putaret,
430 2504 493 2543 uon
510 2484 540 2542 id
556 2503 614 2563 per
628 2503 662 2543 se
678 2484 795 2563 inepte.
828 2485 1060 2563 Verumtamen
1080 2494 1114 2544 ut
1129 2484 1227 2543 dicam
1243 2482 1326 2563 quod
1341 2492 1410 2543 stu·

277 2587 335 2659 tio,
359 2605 417 2645 nec
431 2589 493 2644 ideo
508 2605 566 2644 nec
582 2590 652 2644 adeo
668 2585 833 2646 Suetonius
855 2587 978 2665 scripsit
997 2586 1189 2665 simpliciter,
1211 2585 1267 2645 sed
1289 2587 1315 2645 si
1336 2584 1411 2666 quid

276 2689 309 2747 in
324 2687 383 2747 hoc
398 2706 513 2766 genere
529 2687 760 2748 consuetudinis
782 2688 955 2747 observatio
978 2689 1165 2747 certissimae
1185 2688 1285 2761 valet,
1307 2692 1410 2746 idco-

277 2808 344 2864 que
358 2791 470 2869 potius.
497 2790 577 2849 Nam
591 2790 617 2849 si
633 2809 651 2847 a
672 2789 835 2849 tritissimis
850 2789 911 2849 illis
928 2788 1105 2849 discesseris
1122 2810 1189 2848 cum
1203 2794 1264 2848 ideo
1278 2788 1411 2849 vocabu·

276 2892 338 2951 lum
352 2892 530 2972 insequenti
550 2892 600 2950 vel
621 2900 652 2949 ut
666 2892 718 2950 vel
732 2895 809 2965 quud
821 2892 991 2970 particulae
1006 2892 1151 2963 refertur,
1174 2891 1247 2950 item
1267 2895 1338 2950 odeo
1359 2891 1412 2950 vel

276 2994 392 3054 sociata
408 3011 497 3067 usque
513 2998 583 3051 adeo
598 2993 775 3073 insequenti
791 2993 844 3052 vel
860 3002 890 3051 ut
907 2991 1004 3073 (quod
1020 3013 1117 3071 genus
1132 2994 1166 3051 in
1183 2992 1302 3053 deliciis
1317 2991 1411 3051 habet

277 3092 454 3173 Suetonius)
478 3095 634 3153 veldense
657 3094 740 3172 (Tib.
756 3101 802 3173 63)
823 3095 876 3154 vel
895 3098 992 3170 quoad
1014 3094 1067 3173 (de
1082 3114 1206 3173 gramm.
1223 3092 1287 3173 32),
1308 3114 1410 3155 rursus

234 3181 238 3187 ’
276 3207 378 3257 autem
394 3216 430 3256 ca
443 3197 656 3275 segregaveris
671 3198 704 3255 in
721 3197 828 3277 quibus
845 3197 976 3275 simplex
991 3201 1062 3255 odeo
1077 3197 1143 3256 fere
1159 3205 1273 3277 aequat
1286 3202 1326 3255 ita
1340 3216 1410 3275 par·

275 3300 397 3359 ticulsm
421 3298 489 3378 (non
513 3302 584 3357 adeo
607 3303 736 3357 custodiit
755 3300 835 3377 Aug.
851 3308 899 3373 83,
927 3317 978 3357 uec
996 3302 1180 3373 adcoqrauis
1197 3297 1287 3360 Galb.
1304 3305 1334 3372 7,
1358 3315 1411 3356 uec

275 3404 443 3460 masmelli
460 3399 531 3461 Oth.
548 3398 593 3479 5):
616 3400 750 3479 ligandis
766 3401 893 3482 quidem
916 3402 1044 3479 mtegris
1062 3400 1227 3460 enuntiatis
1247 3403 1318 3458 adeo
1340 3420 1410 3460 nus-

275 3524 368 3585 quam
382 3504 512 3563 iuservit
526 3504 587 3563 nisi
607 3503 775 3562 secundum
791 3504 891 3579 locum
910 3512 1037 3577 tenens,
1054 3492 1092 3562 ¹ut
1106 3502 1164 3561 Iul.
1181 3514 1214 3564 14
1234 3505 1410 3561 obtinuisset·

275 3625 330 3682 que
346 3611 417 3665 odeo
431 3637 486 3679 -‚
505 3604 613 3665 Claud.
630 3614 663 3667 25
679 3614 822 3679 totumque
839 3611 910 3664 odeo
925 3640 981 3679 —‚
1003 3604 1044 3664 ib.
1061 3610 1094 3669 37
1109 3608 1188 3662 nulla
1206 3608 1277 3663 odeo
1291 3608 1410 3678 suspitio

274 3742 330 3783 —‚
358 3710 433 3769 Ner.
455 3718 489 3771 35
510 3712 618 3767 nullum
639 3712 710 3767 adeo
731 3740 783 3778 —-‚
809 3707 899 3769 Galb.
925 3718 956 3770 14
976 3713 1084 3766 maiore
1108 3711 1179 3765 adeo
1197 3739 1252 3777 —,
1283 3725 1410 3786 quorum

276 3812 417 3892 exemplo
432 3815 526 3885 ipsum
538 3815 609 3869 adeo
626 3811 679 3868 vel
693 3814 842 3883 aptumque
858 3814 929 3868 odeo
946 3809 1111 3869 dicendum
1125 3808 1240 3885 fuerat:
1256 3817 1362 3868 contra
1376 3809 1410 3867 in

274 3914 427 3993 principio
443 3914 563 3993 positae
578 3916 695 3987 ideoque
710 3912 878 3991 particulae
891 3912 1062 3972 orationem
1074 3919 1203 3971 nectunt
1214 3912 1409 3990 saepissime:

274 4016 332 4075 m.
348 4026 392 4078 a.
407 4025 451 4080 ss.
479 4018 559 4093 nug.
576 4024 619 4078 oi.
647 4013 717 4073 aab.
734 4022 777 4077 cr.
808 3989 874 4073 cai.
891 4026 934 4077 so.
962 4015 1037 4073 ner.
1052 4022 1096 4076 a.
1112 4025 1156 4075 ss.
1179 4012 1241 4070 vn.
1256 4022 1283 4074 4.
1312 4014 1408 4091 vesp.

274 4127 300 4178 5.
312 4125 344 4191 7,
367 4138 427 4197 quo
450 4120 541 4177 etiam
561 4134 614 4175 nec
635 4119 698 4175 ideo
712 4117 848 4196 pertinet
864 4114 943 4194 Aug.
959 4125 1006 4190 54,
1029 4116 1096 4176 sola
1117 4119 1179 4186 ideo
1198 4114 1347 4193 particula
1369 4134 1409 4173 nc

273 4240 335 4280 uno
352 4219 476 4300 quidem
492 4219 643 4299 exemplo.

357 4322 433 4400 Peg.
450 4321 504 4393 82,
520 4321 541 4380 4
561 4325 741 4392 uicesimum,
763 4307 845 4400 quod
861 4322 997 4380 servavit
1011 4332 1099 4380 vetus
1115 4320 1289 4392 Parisinus,
1312 4319 1411 4377 firmat

273 4423 475 4495 Dresdensis‚
493 4422 660 4482 rectissimo
676 4430 790 4482 tutatus
807 4432 854 4482 cst
868 4423 997 4482 liotbiua
1015 4432 1108 4502 p.183
1122 4443 1179 4502 sq,
1195 4442 1260 4481 non
1275 4420 1326 4479 ille
1343 4440 1409 4478 cunr
