3202 4998
717 416 826 457 carru
844 417 869 456 11
1292 402 1348 463 131

219 580 287 621 6666
313 560 416 634 16661,
446 561 485 624 16
513 566 601 624 66616
627 565 779 625 solstitiali
804 565 901 626 lunari
929 566 979 627 vel
1007 570 1155 629 communi
1182 569 1357 629 embolismo

218 662 345 723 bisexto.

231 756 235 773 '
302 766 411 845 Itaque
430 769 460 825 iu
476 767 533 826 lroc
557 768 656 847 capite
672 756 822 829 Isidorum
836 769 965 829 Suetoni
988 771 1119 830 auctoris
1140 771 1270 849 vestigia
1287 792 1355 851 pre·
1412 764 1420 778 '

217 885 299 925 mere
318 879 434 927 remota
455 868 575 928 demum
597 879 628 929 et
647 870 800 949 explicata
816 870 884 950 ipsa
906 872 959 930 illa
974 872 1153 930 confusione
1168 872 1356 931 intellectum

217 976 278 1040 est,
306 989 396 1048 quam
415 969 507 1028 nolim
528 969 699 1029 Beckerum
726 992 781 1050 pro
803 971 914 1031 iudicio
938 973 1083 1052 antiquae
1104 972 1280 1032 eruditionis
1302 974 1354 1033 lra-

216 1066 330 1129 buisse.
354 1069 464 1129 deinde
474 1082 537 1129 non
548 1081 722 1150 poteramus
733 1082 827 1133 totum
837 1083 942 1152 caput,
963 1075 1049 1153 'quod
1063 1073 1186 1152 quidem
1197 1075 1354 1134 Beckerus

215 1169 348 1229 voluisse
360 1170 495 1244 videtur,
509 1172 655 1233 Suetonio
665 1174 825 1235 restituere
835 1220 842 1247 ,
854 1195 922 1233 curn
932 1175 971 1233 ab
983 1176 1108 1255 antiqua
1118 1175 1262 1234 memoria
1271 1186 1356 1235 carta

216 1272 260 1330 661
272 1271 389 1332 6611666
404 1292 582 1350 cogeremur
593 1284 626 1334 ut
636 1276 758 1336 novicia
768 1277 923 1356 paschalis
935 1277 1017 1356 cycli
1031 1277 1169 1335 instituta
1180 1295 1354 1336 secernere·

216 1393 292 1433 mus.
309 1374 370 1433 iarn
380 1395 454 1435 vcro
467 1376 567 1452 capite
579 1376 706 1456 septimo
715 1378 872 1438 Beckerus
884 1378 1033 1438 Isidorum
1045 1399 1063 1437 a
1074 1377 1220 1437 Suetonio
1232 1377 1353 1438 absces-

216 1474 294 1535 sisse
310 1485 402 1556 atque
423 1477 462 1536 ad
478 1486 581 1556 patres
598 1478 824 1540 ecclesiasticos
839 1490 869 1541 61
884 1481 999 1561 Hygini
1015 1478 1260 1558 scholiastaeque
1277 1479 1354 1539 Ger·

216 1577 325 1636 manici
341 1578 509 1638 enchiridia
521 1601 554 1640 se
565 1581 752 1640 convertisse
769 1591 871 1660 putat,
890 1581 961 1640 dum
974 1601 1000 1641 c.
1018 1580 1179 1641 XXXVII
1190 1579 1355 1639 iterumad

214 1676 426 1757 Tranquillum
435 1682 599 1758 refugeret.
617 1702 676 1763 quo
689 1682 800 1742 iudicio
813 1683 924 1744 falsum
933 1678 1005 1743 eum
1016 1702 1083 1742 6666
1094 1701 1163 1741 mox
1174 1682 1354 1742 videbimus.

299 1780 389 1839 Nunc
412 1783 620 1861 quaerendum
641 1793 701 1857 est,
729 1785 759 1843 16
785 1786 870 1844 66166
891 1785 1061 1861 argumenti
1083 1784 1281 1843 continuitate
1307 1804 1353 1842 rc·

216 1880 328 1961 liquiae
346 1884 433 1957 illac,
449 1902 525 1965 quas
542 1896 594 1944 661
609 1894 690 1944 66616
705 1885 816 1944 Isidem
837 1885 1007 1945 testimonio
1029 1894 1080 1944 aut
1099 1887 1205 1962 sagaci
1221 1887 1354 1946 Beckeri

214 1980 442 2061 investigationi
469 1985 630 2060 debemus,
661 1987 733 2045 olim
756 1986 787 2044 iu
813 1987 941 2047 Suetoni
965 1988 1061 2065 pratis
1085 1988 1204 2066 positae
1231 1988 1353 2047 fuerint.

215 2091 306 2163 atque
340 2085 426 2166 ipsae
457 2107 512 2166 per
545 2108 579 2147 se
615 2087 688 2147 satis
714 2107 752 2147 ea
785 2088 893 2168 quibus
923 2088 993 2146 olim
1018 2087 1099 2146 telae
1123 2089 1258 2147 intextae
1288 2088 1352 2146 fue·

215 2183 274 2243 rint
294 2185 347 2246 fila
366 2188 537 2248 ostendunt.
573 2189 701 2267 primum
726 2187 993 2249 animadvertimus
1019 2188 1094 2247 duos
1116 2208 1230 2268 eosque
1254 2188 1352 2247 diver·

215 2286 350 2347 sissimos
378 2289 529 2368 siquidem
559 2291 750 2370 antiquorum
779 2291 959 2369 scriptorum
988 2309 1102 2349 morem
1134 2300 1256 2369 spectas
1285 2309 1352 2348 eru·

216 2386 336 2449 ditionis
358 2389 442 2449 locos
460 2391 594 2450 tractari.
622 2390 672 2451 ‚ad
688 2392 780 2451 alium
795 2394 874 2477 enim
895 2390 1058 2451 referenda
1078 2410 1146 2451 csse
1169 2400 1283 2450 certum
1307 2400 1353 2449 est
1455 2462 1460 2471 Ι

214 2510 294 2570 6666
309 2491 488 2552 Suetonium
511 2492 548 2551 16
570 2490 678 2552 diebus
697 2493 735 2553 16
750 2503 839 2553 66616
860 2492 898 2552 16
914 2492 1068 2553 mensibus
1084 2492 1123 2552 de
1144 2494 1230 2551 annis
1250 2492 1351 2570 dispu-

216 2602 298 2653 tasse
332 2593 508 2669 didicimus,
541 2594 580 2654 ad
608 2594 700 2653 alium
734 2614 814 2673 6666
840 2594 976 2653 Isidorus
1010 2613 1078 2652 eum
1111 2593 1149 2652 dc
1180 2594 1280 2652 ventis
1313 2592 1352 2652 de

214 2694 309 2771 signis
340 2704 555 2775 tempestatum
577 2695 617 2755 16
641 2695 812 2754 nominibus
842 2697 933 2755 maris
956 2705 987 2755 et
1010 2696 1164 2755 fluminum
1190 2692 1352 2753 tradidisse

215 2795 300 2855 dixit.
328 2796 410 2876 quod
421 2796 542 2879 quidem
559 2797 603 2856 sic
616 2777 749 2875 accipids
764 2796 873 2869 nolim,
897 2797 985 2877 quasi
996 2799 1028 2857 in
1041 2796 1229 2856 naturalibus
1242 2816 1351 2878 quaes·

214 2897 346 2957 tionibus
375 2900 511 2977 potuisse
538 2908 707 2978 temporum
733 2900 916 2958 mentionem
937 2901 1001 2960 fieri
1022 2900 1211 2976 negaverim3
1241 2898 1296 2959 661
1317 2899 1351 2958 il·

213 2999 267 3058 lud
290 3001 490 3061 certissimum
514 3000 628 3074 habeo,
657 3002 770 3081 quippe
795 3001 879 3083 quod
902 3001 1067 3062 stabilitum
1091 3003 1131 3062 sit
1153 3001 1295 3062 Pliniano
1320 3002 1352 3059 16

213 3102 344 3162 66166611
373 3102 499 3165 historia
526 3102 681 3183 exemplo,
711 3124 771 3163 non
796 3105 932 3184 potuisse
954 3104 1034 3163 hanc
1061 3106 1219 3164 materiam
1239 3106 1299 3163 nisi
1320 3104 1351 3163 in

213 3213 390 3264 transcursu
407 3226 426 3265 6
439 3203 568 3285 physico
583 3205 701 3283 attingi.
732 3214 764 3265 et
782 3225 950 3286 veroquae
965 3205 1004 3264 16
1024 3204 1131 3266 diebus
1154 3207 1241 3265 fastis
1260 3204 1349 3264 feria·

213 3307 252 3365 tis
269 3307 414 3386 profestis
437 3307 524 3366 166116
540 3308 612 3366 61616
622 3306 830 3384 ¹praeliaribus
848 3309 1043 3386 proferuntur
1054 3307 1085 3365 in
1098 3306 1174 3366 libro
1189 3306 1228 3365 de
1242 3316 1351 3365 natura

213 3427 312 3468 rerum
329 3427 483 3487 exponere
499 3406 557 3467 soli
575 3407 694 3467 Isidoro
709 3417 830 3486 poterut
850 3418 954 3487 aptum
969 3408 1082 3481 videri,
1109 3408 1161 3489 661
1180 3404 1350 3466 diversissi-

213 3531 342 3570 maeres
365 3508 646 3588 diversissimoeque
666 3516 806 3568 auctores
825 3508 1013 3570 confundere
1030 3509 1118 3567 solet.
1157 3508 1214 3567 661
1234 3527 1273 3567 66
1295 3508 1349 3566 ini·

214 3613 301 3691 quius
319 3612 357 3671 16
374 3630 410 3669 66
424 3596 581 3669 iudicasse
592 3609 715 3683 videar,
739 3608 873 3669 habebat
890 3630 963 3669 6666
979 3630 1033 3669 666
1050 3610 1109 3669 1666
1124 3610 1249 3669 1666661.
1280 3629 1350 3668 nam

212 3722 375 3793 propterea
393 3731 413 3771 a
427 3710 477 3771 die
492 3711 610 3770 initium
623 3709 806 3771 naturalium
828 3711 1040 3791 quaestionum
1061 3710 1161 3785 duxit,
1184 3709 1267 3790 quod
1285 3711 1349 3771 eiua

213 3834 311 3893 paene
337 3814 435 3893 prima
455 3811 626 3892 procreatio
650 3811 682 3871 in
704 3811 809 3872 ordine
830 3832 930 3872 rernm
950 3811 1115 3873 visibilium
1139 3820 1267 3871 extaret.
1309 3812 1348 3872 cf.

213 3915 311 3993 praef.
334 3925 362 3979 3.
392 3913 474 3996 qnod
495 3934 563 3973 curn
583 3913 679 3973 semel
703 3913 840 3987 fecisset,
865 3915 956 3974 etiam
972 3921 1089 3975 ceteras
1105 3912 1243 3974 eiusdem
1260 3933 1349 3990 argu·

213 4017 306 4075 menti
332 4024 434 4095 partes
459 4017 664 4096 perstringere
689 4034 749 4073 uon
773 4013 933 4075 dubitavit.
967 4015 1051 4094 61661
1071 4012 1248 4077 Suetonium
1267 4014 1349 4096 quod

213 4116 336 4197 quidem
350 4137 406 4197 per
422 4137 456 4178 66
477 4119 575 4197 ipsum
596 4112 796 4175 certissimum
819 4127 866 4176 661
887 4135 965 4194 6666
984 4116 1156 4196 separanda
1179 4125 1283 4177 666661
1300 4136 1347 4176 ee·

213 4237 339 4296 parasse
360 4219 502 4297 speciosa
522 4216 655 4277 Baclreri
675 4217 889 4277 emendatione
910 4218 1117 4292 confirmatur,
1142 4237 1204 4298 qua
1224 4217 1348 4298 quidem

212 4319 277 4398 ipse
296 4317 335 4378 ad
351 4310 523 4393 distinctam
544 4326 697 4398 pratorum
718 4319 881 4395 imaginem
901 4319 1176 4379 reconcinnandam
1195 4340 1256 4378 non
1275 4338 1347 4379 6666

213 4430 275 4497 661,
301 4423 359 4482 6161
374 4441 447 4482 6666
466 4420 510 4479 nti
532 4419 647 4481 debuit.
677 4419 759 4500 apud
779 4420 930 4479 Isidorum
954 4421 1034 4479 enim
1056 4439 1080 4478 c.
1105 4430 1141 4483 38
1162 4438 1239 4479 nnus
1258 4420 1347 4479 Bam·
