3200 4992
240 386 280 449 78
619 408 661 447 ns
684 407 771 448 unus
793 407 1008 448 intraremus

239 574 349 616 sarum
373 551 569 616 actionibus.
616 552 677 617 hoc
707 552 828 616 factum
857 553 1010 617 Caesaris
1039 553 1174 617 iuuenili
1204 556 1386 618 aestimans

239 654 337 716 animi
360 652 467 717 calore
491 644 690 739 sperdnsque
708 653 864 717 ultionem
883 675 904 716 a
922 654 1101 717 coniuratis
1118 655 1152 716 in
1168 654 1301 745 caedem
1318 656 1380 731 Ne·
1454 709 1457 715 .

237 756 327 819 ronis
360 756 468 818 socius
498 754 691 841 adsumptus
719 762 785 835 est,
826 754 884 818 sed
911 776 1026 841 parum
1053 756 1170 819 fauste.
1226 746 1380 842 deceptus

238 859 325 919 enim
354 877 375 918 a
401 856 522 920 Pisone
549 864 581 918 et
603 855 830 920 consularibus
858 855 997 942 aliisque
1025 864 1178 942 praetura
1198 858 1381 943 perfunctis

237 956 430 1041 inlustribus
463 957 545 1019 uiris
575 956 650 1019 dum
680 958 858 1022 uindictam
888 959 1013 1044 expetit
1045 959 1078 1021 in
1110 968 1247 1023 mortem
1276 959 1402 1027 i1⁴ruit‚⁵

237 1080 312 1121 nam
335 1079 395 1122 sua
424 1066 537 1145 sponte
560 1066 692 1121 coactus
720 1059 790 1122 uita
811 1059 971 1122 excedere
997 1079 1098 1121 uenas
1130 1059 1193 1123 sibi
1221 1059 1382 1145 praecidit

209 1224 214 1233 ,
236 1160 397 1246 periitque
416 1158 521 1245 pridie
540 1157 710 1224 Kalendas
731 1160 836 1223 Maias
859 1159 968 1224 Attico
993 1154 1129 1223 Vestino
1150 1169 1183 1222 et
1205 1159 1316 1222 Nerua
1331 1159 1381 1224 si-

237 1261 324 1324 liano
351 1281 453 1342 coss,
480 1258 601 1347 XXVI
622 1263 740 1324 aetatis
769 1282 890 1323 annum
913 1281 1030 1345 agens,
1067 1281 1132 1325 non
1161 1263 1232 1325 sine
1255 1262 1380 1325 iactura

236 1362 388 1425 utilitatis
411 1382 484 1425 cnm
504 1363 644 1448 patriae,
666 1382 750 1448 quae
771 1369 894 1440 tantam
916 1362 1079 1425 inmature
1098 1363 1207 1426 amisit
1227 1362 1379 1445 indolem,
1431 1358 1434 1367 ’

235 1474 304 1527 tum
323 1463 502 1528 studiorum
522 1484 661 1549 quoque.
691 1461 808 1549 reliqui
828 1464 914 1526 enim
933 1460 999 1525 VII
1017 1462 1095 1526 belli
1115 1464 1224 1527 ciuilis
1243 1462 1318 1527 libri
1335 1463 1415 1529 lo-ro

236 1586 310 1655 cum
326 1563 601 1629 calumniantibus
615 1573 780 1651 tamquam
793 1562 940 1626 mendosi
955 1562 1163 1646 uenderent,
1176 1565 1232 1650 qui
1248 1565 1379 1628 tametsi

236 1666 297 1730 sub
319 1688 398 1730 uero
421 1667 556 1729 crimine
585 1687 651 1753 non
672 1673 772 1749 egent
791 1665 988 1750 patrocinio:
1023 1664 1056 1727 in
1078 1665 1182 1729 isdem
1205 1666 1270 1730 diei
1293 1666 1379 1752 quod

236 1770 269 1832 in
303 1767 401 1832 Ouidi
436 1766 529 1831 libris
560 1766 795 1854 praescribitur
827 1774 950 1850 potest:
1002 1767 1249 1831 ‘emendaturus
1282 1769 1310 1830 si
1327 1765 1379 1831 ·Ii·

236 1872 358 1935 cuisset
382 1874 479 1933 erat.'
520 1877 633 1932 extant
653 1869 724 1931 eius
747 1866 930 1953 complures
959 1875 992 1931 et
1016 1866 1089 1948 alii,
1115 1877 1153 1931 ut
1176 1867 1300 1933 Iliacon
1323 1868 1379 1933 Sa-

235 1971 378 2036 turnalia
403 1968 561 2034 Catachth
608 1971 662 2034 ion
686 1966 848 2032 Siluarum
875 1966 1247 2059 XptragoediaMedea
1272 1972 1413 2056 inpar-¹⁵
1484 2043 1492 2047 w

236 2075 324 2138 fecta
344 2071 480 2155 salticae¹
499 1991 632 2135 iabdllse
655 2069 762 2134 XIIII
782 2070 1034 2155 epigrammata,
1057 2092 1155 2157 prosa
1176 2073 1322 2135 oratione
1344 2074 1379 2135 in

321 2244 353 2295 14
370 2260 429 2310 sqq.
466 2243 572 2295 Statius
589 2220 650 2295 ssu.
669 2244 697 2293 u
715 2243 744 2303 7,
763 2242 797 2291 52
815 2257 886 2306 squ:

505 2312 545 2361 ‘tu
563 2312 648 2427 οιιΗίε,
659 2311 741 2390 Latio
759 2325 914 2389 memorque
933 2310 1024 2375 gentis

478 2395 597 2447 scanne
635 2382 731 2427 tortior
749 2393 838 2429 exeris
857 2383 989 2441 togatum.

505 2463 539 2496 ac
557 2448 599 2511 pri
628 2461 672 2495 um
691 2447 795 2495 teneris
813 2444 902 2494 adhuc
920 2446 949 2493 in
968 2446 1048 2495 annis

503 2515 581 2564 ludes
645 2518 722 2565 ctera
740 2512 942 2576 Thessalosque
961 2527 1055 2561 currus

505 2587 533 2631 et
549 2460 666 2667 ευρΗΗι
683 2581 787 2630 Priami
805 2580 927 2644 potentis
946 2596 1049 2643 aruum,

504 2654 533 2699 ct
550 2649 787 2717 sedesrresmabis
805 2649 962 2705 inieromm.

503 2718 628 2781 ingratus
646 2717 718 2765 Nero
736 2715 862 2764 dulcibus
880 2716 1006 2775 theatris,

504 2789 533 2834 et
550 2789 644 2833 noster
660 2784 713 2833 tibi
731 2784 887 2848 proferetur
904 2783 1038 2848 Orpheus.

502 2852 580 2901 dices
598 2851 762 2905 culminibus
780 2852 858 2900 Remi
876 2856 1014 2915 uagantes

503 2919 632 2968 infandos
650 2919 752 2968 domini
771 2919 896 2968 nocentis
914 2919 1002 2983 Ignes,

503 2992 533 3036 tu
552 2992 648 3036 castae
666 2986 777 3036 titulum
796 2987 933 3049 decusque
952 2987 1048 3036 Pollae

503 3054 623 3105 iucunda
641 3054 721 3104 dabis
739 3055 925 3104 allocutione)

234 3158 437 3172 *n*—

320 3210 466 3274 lccsaris
492 3212 530 3268 W
547 3206 560 3290 Η
582 3208 730 3267 iuuenilis
752 3207 896 3267 estimans
928 3209 965 3264 W
980 3207 1147 3268 iuuenialia
1170 3210 1334 3270 aestimans
1350 3215 1377 3270 B

233 3294 246 3381 Η
267 3307 284 3359 2
300 3296 407 3357 cedem
430 3299 467 3355 W
479 3290 525 3376 Η3
539 3296 634 3353 sotius
649 3296 681 3350 M
696 3289 709 3375 Η
725 3302 898 3371 assumptus
914 3294 974 3349 ΜΒ
988 3288 1002 3374 Η
1019 3293 1165 3372 deceptus
1182 3304 1229 3353 est
1250 3300 1317 3354 libri
1331 3306 1378 3356 est

231 3404 286 3443 om.
303 3387 359 3440 ium
376 3390 455 3439 vetus
470 3383 555 3438 editio
570 3373 615 3460 lla
632 3378 802 3437 illustribus
819 3380 896 3435 MW
907 3377 920 3456 Η
935 3386 952 3439 6
968 3398 1038 3437 suas
1061 3388 1194 3457 ponteco
1216 3390 1302 3440 actus
1319 3385 1346 3438 Β
1364 3378 1377 3462 Η

231 3494 246 3548 7
259 3484 331 3545 Kal.
347 3485 380 3541 M
389 3481 442 3540 KI.
461 3484 500 3541 W
507 3482 548 3539 K.
562 3485 588 3538 B
603 3476 617 3562 Η
632 3463 691 3539 mai
704 3482 737 3538 M
744 3483 780 3539 W
792 3474 806 3561 Η
821 3479 900 3537 atico
921 3482 985 3537 WB
999 3473 1012 3560 Η
1028 3479 1136 3540 silla‘no
1148 3485 1183 3539 M
1193 3482 1291 3541 silano
1315 3486 1378 3540 WB

233 3567 246 3652 Η
262 3572 369 3632 &cons
384 3569 418 3623 M
435 3562 448 3647 Η
468 3566 580 3625 XXVI
602 3567 640 3623 M.
662 3568 798 3623 Honlcius
811 3569 845 3621 dc
864 3567 945 3622 Rom.
964 3570 1022 3622 rcr‘.
1037 3570 1136 3639 script.
1156 3577 1220 3626 tom.
1244 3569 1264 3624 I
1279 3587 1310 3641 p.
1330 3574 1376 3638 77,

173 3654 180 3667 ‘
232 3658 320 3714 Clinia
338 3655 409 3726 sust.
432 3654 514 3710 Rom.
537 3661 601 3710 lom.
623 3652 643 3707 I
659 3669 690 3723 p.
716 3657 770 3708 47.-
789 3649 917 3709 XXVII
948 3651 1012 3707 ΜΒ
1038 3650 1184 3710 XXVIII
1204 3654 1239 3710 M
1249 3648 1262 3732 Η
1280 3662 1310 3710 et
1326 3673 1375 3712 ae-

231 3741 303 3797 tatis
327 3740 365 3795 W
381 3731 394 3816 Η
416 3736 565 3817 9patriae
582 3738 770 3794 Omnibonus.-
789 3735 890 3812 patria
906 3739 973 3793 libri
991 3730 1005 3814 Η
1025 3745 1140 3795 tantam
1156 3756 1233 3795 carr.
1256 3757 1295 3796 aa·
1310 3751 1376 3796 tan-

231 3833 295 3881 tum
310 3834 386 3880 mou.
406 3828 468 3880 cod.
492 3825 529 3879 W
541 3816 554 3903 Η
569 3819 755 3879 indolentum
766 3823 794 3878 B
808 3819 820 3897 [j
840 3826 918 3879 tb'se
941 3829 1003 3879 tem
1022 3823 1099 3878 MW
1112 3823 1144 3880 X
1160 3825 1221 3881 Mic.
1238 3826 1377 3881 Antonius

230 3912 295 3967 bibl.
310 3910 393 3979 Hisp.
411 3917 463 3965 vet.
482 3910 537 3980 lp.
556 3914 594 3964 55
609 3903 622 3985 Η
638 3905 713 3964 belli
732 3907 760 3962 B
773 3905 818 3964 illi
836 3906 869 3960 Μ
876 3909 913 3961 W
932 3899 981 3986 [11
1001 3915 1145 3986 tanquam
1163 3909 1225 3963 ΜΒ
1239 3904 1252 3988 Η
1268 3907 1377 3965 darent

230 3993 251 4051 h
276 3992 295 4050 d
316 3990 357 4069 (i)
382 3992 551 4070 patrocinio
574 3991 696 4063 (omissis
714 3995 842 4065 relicuit)
863 3992 895 4047 M
915 3984 921 4070 Η
944 3993 1063 4051 tametsi
1085 3994 1147 4048 edd.
1169 3999 1250 4049 vett:
1274 4000 1374 4050 tamen

232 4077 395 4136 etiamsi-B
411 4086 472 4136 tarn
493 4078 584 4135 etiam
609 4070 671 4156 ΜΗ
688 4084 720 4139 12
741 4075 859 4134 hisdem
883 4077 945 4131 WB
965 4070 978 4154 Η
1001 4084 1034 4136 13
1051 4077 1081 4132 in
1103 4073 1206 4134 Ouidii
1225 4077 1285 4132 ΜΒ
1300 4095 1374 4133 non-

230 4161 293 4221 uidi
322 4164 360 4217 W
370 4156 596 4242 llproscribitur
619 4158 918 4240 WperscribiturM
934 4153 948 4236 Η
969 4166 1070 4238 potest
1088 4161 1275 4218 Omnibonus:
1306 4168 1376 4237 post

229 4246 296 4305 libri
309 4242 322 4329 Η
340 4247 469 4308 ΗιιῑίΙίε.
486 4244 670 4304 esaturnalia
696 4240 758 4325 ΜΗ
774 4260 951 4302 nursinomon
965 4245 998 4300 M
1014 4252 1211 4303 catascomon
1234 4247 1262 4302 B
1277 4253 1375 4304 catas-

231 4332 339 4389 conion
364 4325 425 4411 ΜΗ
449 4340 480 4393 16
501 4329 719 4408 epigrammata
739 4333 858 4403 scripsi:
885 4338 916 4389 et
936 4326 1099 4408 appa'mata
1116 4330 1151 4386 M
1171 4338 1202 4388 et
1222 4331 1376 4410 ippamata

239 4419 302 4476 WB
316 4425 346 4474 et
364 4415 581 4494 epigrammata
595 4419 668 4474 coni.
692 4418 830 4474 Weberus
