3194 5004
520 434 548 474 P.
567 431 756 474 muscetum
772 430 1025 474 COMMENTARIVS

562 646 690 712 vira
722 614 983 713 rensuum

288 785 477 864 Terentius,
492 783 590 870 ¹Afer
611 805 731 870 genere
753 782 1020 870 Kartaginensis,
1047 803 1128 870 puer
1150 791 1264 870 captus
1287 792 1339 849 est

203 895 236 953 et
255 910 275 951 a
296 886 437 974 quodam
458 885 612 951 Terentio
632 885 765 951 Lucano
788 893 924 972 emptus.
967 883 1083 949 litteris
1108 886 1235 971 graecis
1266 883 1338 949 lati·

202 990 317 1076 nisque
340 990 517 1053 instructus
538 1010 612 1053 cum
632 988 789 1053 liberatus
811 995 913 1072 esset,
942 1008 1018 1051 mox
1046 995 1178 1075 propter
1207 986 1337 1073 elegan-

201 1093 281 1156 tiam
302 1091 482 1155 studiorum
503 1111 692 1178 morumque
711 1090 746 1153 in
765 1089 942 1154 amicitiam
964 1088 1139 1177 perductus
1155 1097 1205 1155 est
1218 1088 1255 1153 P.
1269 1089 1335 1154 Sei·
1371 1097 1388 1148 t

202 1193 324 1282 pionis,
355 1190 460 1258 Laelii
486 1192 665 1281 Sapientis,
699 1191 793 1255 Furii
820 1190 915 1255 Phili.
970 1213 1107 1279 quorum
1139 1190 1269 1256 fabulas
1302 1193 1338 1256 in

203 1316 301 1361 scena
322 1293 401 1359 dare
423 1294 514 1359 illum
531 1295 653 1359 inimici
668 1292 900 1359 diffamabant}
919 1295 1060 1359 maxime
1075 1300 1184 1358 autem
1199 1293 1338 1358 Luscius

202 1396 409 1479 Lanuuinus,
431 1397 487 1484 qui
509 1394 654 1461 aemulus
675 1397 745 1461 eius
768 1404 854 1478 erat,
877 1394 961 1459 banc
983 1395 1168 1482 opinionem
1191 1393 1338 1481 diuulga-

201 1499 268 1566 bat.
318 1508 350 1564 et
382 1521 457 1563 eum
484 1499 735 1563 criminarentur
762 1496 895 1584 quidam
923 1497 1128 1581 Terentium,
1158 1519 1223 1562 non
1259 1517 1338 1562 uere

202 1623 273 1667 cum
291 1601 491 1667 Graecorum
507 1621 615 1665 mores
638 1600 838 1688 exprimere,
863 1607 912 1663 set
930 1598 1087 1687 pleraque
1105 1600 1209 1664 latina
1227 1596 1338 1689 facere
1356 1607 1389 1659 10

201 1702 451 1786 consuetudine,
480 1711 516 1767 ut
537 1703 688 1767 instituta
709 1701 908 1767 Graecorum
930 1723 1101 1789 moresque
1127 1709 1339 1787 cognosceret

201 1805 348 1871 Athenas
370 1804 535 1894 proiectus
556 1812 606 1869 est
627 1804 736 1891 ibique
760 1800 960 1891 aliquamdiu
975 1811 1190 1870 commoratus
1203 1802 1338 1868 Mensu-

202 1908 296 1973 drum
329 1908 362 1971 in
393 1906 530 1971 latinum
559 1927 740 1970 sermonem
775 1904 980 1972 transtulisse
1008 1905 1137 1971 dicitur.
1189 1913 1238 1968 set
1264 1926 1337 1969 eum

200 2010 338 2075 Romam
358 2008 555 2095 repetiturus
578 2016 679 2091 esset,
703 2008 849 2072 sarcinas
871 2006 1068 2095 fabulasque
1091 2005 1241 2095 quesibi
1263 2027 1338 2071 cou-

201 2113 376 2199 scripserat
406 2111 441 2174 in
466 2129 585 2174 nauem
611 2109 766 2195 imposuit
793 2130 876 2195 quae
899 2108 1028 2175 Malean
1058 2110 1239 2191 circuitum,
1255 2116 1335 2172 erat.
1355 2115 1386 2168 15
1474 2106 1486 2121 ⁸

200 2215 271 2300 ipsc
298 2213 444 2278 terrestri
474 2212 592 2275 itinere
624 2209 741 2274 Patras
770 2211 937 2297 profectus
963 2219 1028 2293 est,
1056 2210 1113 2275 ubi
1140 2231 1258 2275 nauem
1281 2232 1337 2275 ex·

287 2436 299 2486 l
323 2437 427 2502 incipit
448 2436 508 2486 uita
530 2435 655 2486 Terentii
678 2436 703 2485 A
772 2435 789 2485 2
812 2435 873 2486 afer
894 2435 1022 2500 natione,
1051 2451 1152 2502 genere
1175 2436 1210 2487 B.
1235 2451 1336 2503 genere

201 2523 309 2588 quidem
332 2523 426 2572 extitit
442 2520 523 2584 Aser,
551 2522 619 2570 ciuis
637 2535 703 2571 uero
720 2523 773 2570 uita
791 2520 874 2571 Oxou.
945 2520 1174 2587 carthaginensis
1196 2522 1229 2571 M
1295 2525 1338 2572 est

200 2604 239 2675 et]
261 2612 289 2657 et
306 2606 365 2657 iibri
414 2606 431 2654 4
453 2606 599 2656 libcrarius
617 2605 651 2654 B.
672 2604 802 2655 librarius
814 2606 859 2656 Μ.
880 2604 956 2656 ‘mox
973 2606 1045 2656 hunc
1063 2606 1206 2657 librarium
1220 2605 1335 2657 asciuit’

200 2694 230 2755 P,
263 2696 386 2757 proxima
403 2691 524 2741 exhibeas
542 2693 620 2741 talia:
644 2690 689 2754 qui
714 2706 775 2739 cum
799 2689 988 2740 familiaritate
1015 2688 1102 2757 [uoluit
1126 2706 1187 2742 cum
1210 2693 1239 2741 iu
1257 2691 1336 2741 fami·

199 2775 362 2841 liaritatem]
380 2793 405 2841 p.
420 2776 552 2841 scipionis
571 2792 604 2825 ac
622 2774 681 2825 lelii
699 2775 846 2841 perductus
864 2780 961 2841 postea
979 2780 1052 2827 esset
1071 2776 1235 2827 elibertina
1253 2777 1335 2841 tribu,

199 2862 228 2910 in
246 2861 358 2910 urbanis
370 2861 512 2910 honestum
525 2860 647 2910 ordinem
665 2862 762 2910 tenuit.
794 2876 893 2911 causas
914 2857 995 2928 [immo
1010 2859 1177 2926 comoedias]
1194 2863 1253 2928 egit
1270 2878 1335 2912 non-

199 2960 350 3011 nunquam,
374 2945 520 3011 inquibus
539 2946 647 3010 quidem
664 2946 755 2996 locum
773 2947 888 3011 primum
905 2945 980 2996 haud
1003 2945 1086 2996 dubie
1109 2948 1257 3012 tenuisset,
1281 2949 1337 2998 nis.

199 3031 258 3082 eius
277 3031 491 3094 obtrectatores,
511 3046 572 3081 cum
591 3031 673 3081 etiam
691 3031 801 3097 publice
820 3032 878 3082 cius
897 3032 1036 3082 comedias
1049 3047 1116 3097 quas
1130 3032 1254 3082 ediderat
1264 3034 1336 3083 uitu-

198 3120 342 3182 perorent,
374 3116 409 3166 ad
431 3116 587 3167 huiusmodi
610 3115 703 3167 studia
726 3116 867 3167 ardentius
890 3104 1064 3182 impulissent
1088 3113 1174 3184 [irruo
1198 3118 1336 3168 obtrecta-

198 3206 272 3252 tores
292 3201 374 3251 ctiam
392 3202 502 3267 publice
517 3238 523 3251 .
538 3239 544 3251 .
559 3239 565 3252 .
578 3202 784 3268 uituperarent:
805 3217 856 3268 quo
874 3207 967 3252 tamon
985 3218 1046 3251 eum
1065 3202 1100 3251 ad
1119 3201 1273 3252 huiusmodi

198 3287 364 3353 impulerunt
380 3291 419 3337 vel
435 3285 560 3352 similiter]
629 3286 707 3335 5cst
725 3302 772 3337 eru.
791 3286 844 3335 AB
912 3287 943 3335 P.
962 3302 1008 3337 om,
1028 3286 1087 3335 ΒΜ
1160 3284 1221 3337 ssct
1243 3287 1335 3337 Laelii

198 3372 332 3438 sapientis
351 3377 378 3420 ot
396 3371 426 3419 M
496 3371 550 3420 luri
567 3370 625 3435 puli
643 3371 677 3421 A.
697 3370 790 3435 rupilii
808 3370 873 3419 ΒΜ,
892 3368 969 3419 Furii
986 3370 1077 3420 Publii
1094 3373 1161 3420 uitae
1177 3373 1262 3422 codem
1279 3375 1333 3438 qui·

198 3459 256 3508 dum
273 3474 290 3507 a
307 3454 511 3505 Lindeadruclu‘o
528 3461 732 3505 commemoratus
750 3456 786 3505 od
796 3456 922 3504 Donatum
939 3456 966 3503 in
983 3455 1090 3520 Adelph.
1106 3459 1176 3519 prol.
1196 3458 1237 3508 15.
1257 3457 1337 3521 Apud

197 3548 277 3608 buum
299 3543 424 3592 Donatum
447 3540 547 3589 furium
569 3540 662 3605 pilum,
677 3545 715 3589 est
737 3541 763 3589 in
787 3541 844 3590 cod.
863 3541 978 3589 Danielis
1000 3546 1026 3589 et
1048 3542 1089 3590 ed.
1111 3540 1210 3607 prino,
1234 3542 1335 3592 berlum

197 3628 273 3694 pium
290 3629 315 3677 iu
332 3625 472 3685 arentur,
490 3625 602 3676 Furium
619 3625 747 3676 Publium
762 3631 821 3687 post
836 3628 960 3688 culpatum
1028 3625 1145 3676 iacens
1163 3626 1189 3675 A
1257 3625 1335 3675 illum

198 3729 245 3765 ons.
263 3713 323 3763 libri
391 3714 483 3760 autem
501 3708 589 3759 lusius
600 3711 637 3761 A:
654 3714 746 3759 autem
764 3709 852 3759 lucius
870 3709 903 3759 B.
923 3709 1063 3759 turtullius
1081 3710 1113 3759 Μ
1179 3708 1196 3759 8
1214 3710 1334 3761 lauiuius

198 3786 266 3848 ΒΜ
337 3797 395 3846 eius
414 3794 537 3845 aemulus
560 3795 594 3844 M
670 3794 833 3860 diuulgfflat
855 3810 902 3845 om.
926 3795 950 3845 A
1030 3794 1047 3845 9
1071 3790 1111 3860 et]
1133 3795 1181 3845 sed
1203 3796 1262 3845 libri

198 3898 253 3932 uon
270 3897 336 3931 uere
356 3878 428 3948 cum]
449 3895 503 3930 non
521 3894 586 3929 uere
605 3878 642 3929 Μ.
662 3882 802 3945 uirgauere.
815 3880 848 3930 A.
867 3895 922 3930 non
939 3896 1020 3930 ueros
1038 3880 1064 3930 Β
1134 3878 1165 3928 10
1183 3882 1334 3947 exprimere

198 3962 250 4032 set]
271 3967 434 4031 exprimeret
446 3966 480 4016 A.
501 3965 651 4030 exprimere
672 3963 731 4014 ΒΜ
744 3960 789 4027 (de
802 3963 948 4029 Ptucetur)
1016 3964 1105 4015 latina
1123 3963 1229 4032 lacere]
1246 3968 1276 4015 iu
1293 3966 1333 4017 la·

198 4053 258 4103 tina
276 4053 348 4101 ferre
366 4052 401 4101 A.
421 4053 450 4100 in
468 4050 557 4100 latina
574 4050 632 4100 fore
651 4049 710 4099 ΒΜ
725 4048 770 4113 (dc
788 4050 944 4115 Ptaceturl·
1004 4048 1034 4099 ll
1052 4065 1193 4115 moresque
1212 4051 1332 4102 Graeco-

198 4154 256 4189 rum
274 4136 307 4188 M
375 4134 406 4185 12
428 4136 521 4202 ibique
544 4136 569 4186 A
593 4133 669 4201 (Bt).
694 4136 734 4185 ibi
751 4134 808 4186 MP
875 4133 1055 4203 aliquamdiu]
1081 4136 1227 4202 compluris
1246 4152 1333 4188 annos

198 4224 224 4275 P
297 4220 476 4283 menandrum
494 4226 522 4271 ct
540 4220 720 4287 demophilum
738 4220 767 4269 in
784 4220 809 4270 P
882 4218 913 4272 13
930 4217 985 4287 sat]
1006 4224 1035 4270 et
1056 4221 1115 4271 libri
1183 4221 1215 4272 14
1232 4223 1332 4289 repeti-

198 4305 284 4372 turus]
302 4307 436 4373 petiturus
453 4306 515 4356 libri
582 4305 613 4357 15
630 4309 722 4356 narum
739 4308 772 4356 A.
791 4306 893 4356 narsiP
972 4308 1159 4370 composuitP
1223 4307 1332 4357 maleon

197 4390 256 4442 BP.
276 4390 397 4444 marisca
415 4392 449 4442 A.
475 4390 623 4443 melissum
641 4392 730 4442 sinum
752 4390 814 4442 dicit
832 4394 997 4451 Poleutouus,
1020 4392 1108 4441 sinum
1125 4392 1264 4457 illyricum
1282 4394 1330 4444 Pe·
1350 4435 1351 4438 ,

197 4482 288 4527 marcu
357 4475 836 4543 ldipse....constituerutom.A
905 4476 1150 4528 nbietnauemM

1297 4604 1317 4631 1
