3220 5022
703 406 807 448 carvr
831 409 843 449 1
1282 392 1343 455 373

202 567 236 617 ut
254 558 429 635 eclogarum
450 556 640 616 differentiae
661 557 876 632 inlustrentur,
894 578 931 617 ea
947 559 1155 619 Suetonius-in
1170 561 1345 621 universum

203 660 242 720 ad
253 659 402 738 poematis
416 678 531 736 genera
542 659 700 733 transfert,
724 658 876 738 siquidem
886 669 1016 739 excepto
1028 681 1088 719 uno
1100 662 1169 719 loco
1181 681 1241 740 quo
1253 662 1344 722 buco·

202 761 262 820 lico
284 760 423 838 exemplo
448 779 521 819 usus
546 768 595 820 est
619 780 739 840 semper
761 759 800 819 ad
822 761 983 838 generales
1007 764 1110 840 poesis
1133 763 1343 825 distinctiones

202 862 336 941 respicit.
371 861 502 940 primum
522 862 614 939 igitur
628 881 724 938 genus
741 859 851 920 dieitur
866 861 1065 923 dramaticum
1082 864 1212 924 alterum
1233 882 1343 942 exege-

202 965 294 1023 ticum
311 964 433 1022 tertium
448 963 583 1025 mixtum.
616 961 727 1022 deinde
744 964 825 1042 apud
839 964 1022 1024 Diomedem
1038 966 1178 1043 singulae
1197 967 1344 1046 cuiusque

202 1066 326 1140 generis
347 1065 467 1143 species
488 1063 697 1140 proferuntur:
721 1065 848 1142 primum
874 1064 1032 1125 dramatici
1052 1069 1201 1145 poematis
1223 1069 1344 1147 species

202 1167 382 1245 simpliciter
408 1174 637 1225 enumerantur:
667 1167 804 1244 sequitur
827 1169 1091 1228 commentariolus
1117 1168 1155 1228 de
1184 1170 1345 1246 exegetica

203 1269 308 1347 poesi,
324 1268 356 1326 in
366 1285 429 1346 quo
446 1268 586 1346 exempla
600 1269 690 1327 unius
705 1268 851 1348 utriusque
865 1269 980 1349 speciei
992 1270 1114 1330 Graeca
1129 1280 1160 1330 et
1171 1271 1283 1330 Latina
1296 1254 1343 1330 re·-

203 1370 343 1428 feruntur
358 1366 471 1427 additis
489 1378 647 1428 auctorum
660 1369 839 1429 nominibus.
881 1370 992 1430 deinde
1006 1372 1092 1430 mixti
1110 1374 1258 1450 poematis
1274 1393 1344 1452 spe·

204 1470 266 1529 cies
278 1470 417 1547 =scriptor
436 1468 528 1548 plens
550 1473 723 1550 exequitur:
745 1492 803 1551 quo
820 1474 903 1532 facto
919 1473 959 1532 ad
975 1472 1172 1531 dramaticum
1185 1493 1282 1550 genus
1298 1476 1342 1533 in-

202 1568 392 1630 lustrandum
411 1571 526 1630 ordinis
548 1574 635 1651 quasi
657 1574 813 1637 immemor
831 1577 1004 1647 revertitur,
1039 1574 1118 1634 hanc
1134 1575 1343 1635 confusionem

202 1672 338 1733 Keilium
365 1692 426 1731 nou
454 1673 706 1735 animadvertisse
734 1679 842 1750 miror,
869 1698 959 1757 quam
990 1675 1136 1736 Rabauns
1164 1677 1289 1735 Maurus
1313 1676 1344 1734 iu

203 1795 270 1835 exc.
289 1774 327 1833 de
346 1782 411 1833 arte
430 1794 554 1852 gramm.
578 1776 728 1838 Prisciani
750 1780 784 1839 II
795 1801 825 1859 p.
837 1789 872 1842 46
884 1779 932 1839 ed.
946 1776 1051 1837 Oolon.
1077 1798 1144 1837 cum
1161 1777 1344 1836 Diomedem

203 1875 392 1935 exscriberet
413 1876 522 1935 tollere
543 1897 598 1955 pro
618 1879 733 1938 viribus
755 1901 816 1940 non
837 1879 996 1940 dubitavit.
1038 1899 1127 1958 quem
1143 1898 1204 1937 non
1220 1880 1342 1958 puriore

202 1977 286 2036 fonte
300 1996 387 2035 usum
401 1996 470 2036 esse
485 1988 601 2037 certum
616 1990 677 2057 est,
695 1981 832 2041 adhibuit
846 1982 927 2040 enim
942 1979 1078 2038 codicem
1092 1978 1252 2039 Diomedis
1268 1980 1342 2039 Ful-

202 2077 327 2138 densem
349 2085 457 2157 postea
477 2101 496 2139 a
512 2081 616 2140 Medio
638 2081 790 2142 conlatum
809 2103 891 2141 nunc
912 2081 1036 2161 quidem
1061 2080 1265 2159 deperditum,
1287 2078 1342 2139 sed

202 2182 253 2260 qui
275 2201 293 2239 a
311 2180 397 2239 libris
413 2181 465 2259 qui
480 2191 612 2243 aetutem
627 2180 763 2241 tulerunt
778 2184 843 2242 fere
858 2204 920 2242 nou
936 2183 1135 2261 discreparet.
1166 2183 1205 2240 cf.
1225 2182 1343 2241 Keilius

201 2284 298 2363 praef.
319 2302 349 2360 p.
365 2283 497 2342 XXXII
517 2303 563 2363 sq.
598 2303 656 2343 nec
676 2293 778 2362 potest
792 2286 912 2344 omuino
932 2283 1061 2343 librariis
1075 2282 1234 2343 Diomedis
1252 2283 1343 2361 culpa

201 2383 356 2443 turbarum
366 2382 468 2456 tribui,
483 2404 550 2443 eum
562 2386 632 2444 talis
645 2387 836 2464 corruptelae
851 2387 936 2445 nulla
949 2387 1046 2465 possit
1059 2387 1111 2445 via
1125 2394 1156 2444 et
1166 2387 1244 2444 ratio
1255 2384 1341 2462 inda-

200 2487 277 2563 gari.
303 2487 394 2563 igitur
409 2494 533 2564 stupore
549 2496 580 2545 et
593 2488 703 2566 supina
722 2488 918 2564 neglegentia
939 2489 1126 2567 excerptoris
1144 2488 1258 2546 factum
1273 2507 1341 2547 esse

201 2586 347 2660 arbitror,
365 2595 399 2645 ut
414 2584 487 2644 ordo
507 2607 597 2667 quem
613 2588 776 2648 Suetonius
792 2591 922 2649 instituit
936 2591 1148 2649 inverteretur.
1178 2589 1342 2649 Suetonius

201 2690 281 2747 enim
303 2708 341 2748 ex
356 2689 500 2747 universa
514 2692 663 2768 poematis
679 2689 877 2769 discriptione
893 2692 1104 2772 quaestionem
1122 2692 1218 2770 ipsam
1234 2691 1341 2768 triper-

200 2792 287 2849 titam
305 2810 375 2850 esse
394 2789 506 2864 voluit,
533 2800 566 2849 ut
587 2793 684 2871 prima
704 2803 791 2871 parte
812 2793 851 2852 dc
873 2793 1041 2853 dramatico
1061 2793 1148 2871 poesi
1171 2791 1283 2851 deinde
1303 2790 1342 2851 de

201 2892 362 2968 exegetica
380 2900 533 2970 postremo
559 2892 596 2951 de
618 2895 768 2954 communi
785 2914 875 2974 quam
890 2894 1013 2954 vocavit
1028 2904 1143 2970 ageret.
1174 2893 1342 2953 Diomedes

201 3002 302 3053 autem
324 3012 392 3051 cum
413 2993 529 3053 initium
550 2997 666 3074 primae
682 2996 777 3075 partis
789 2996 1034 3074 persumpsisset,
1056 3016 1116 3076 quo
1133 2996 1253 3074 specics
1273 2995 1341 3054 ‹lra-

199 3094 302 3155 matici
323 3094 446 3170 generis
473 3105 701 3170 enumerantur,
733 3105 824 3176 caput
854 3096 997 3179 alterius,
1031 3116 1091 3175 quo
1121 3099 1240 3177 species
1269 3117 1341 3158 exe·

155 3228 165 3247 ·
200 3198 320 3276 geticae
341 3198 444 3275 poesis
465 3200 672 3273 nominantur,
694 3199 846 3259 adiunxit:
869 3196 923 3257 sed
941 3197 1029 3256 simul
1046 3199 1144 3275 ipsum
1161 3197 1199 3257 de
1217 3198 1264 3256 his
1280 3197 1341 3257 diu-

201 3299 389 3377 putationem
404 3318 483 3378 quae
505 3308 614 3361 natrrra
638 3320 694 3360 sua
709 3300 890 3360 brevissima
903 3308 987 3357 esset
1005 3318 1065 3356 non
1080 3297 1231 3358 dubitavit
1246 3307 1342 3358 totam

202 3399 386 3461 exscribere.
412 3402 455 3459 sic
471 3399 512 3459 ad
527 3403 646 3460 tertiam
660 3410 779 3482 partem
795 3400 915 3459 delatus
931 3398 1082 3458 distinctis
1096 3400 1161 3458 eius
1177 3398 1341 3477 generibus

200 3523 262 3563 uon
278 3522 421 3562 reversus
437 3510 500 3573 est,
522 3512 556 3562 ut
575 3522 632 3580 par
650 3512 730 3575 erat,
751 3501 789 3561 ad
808 3500 1006 3560 dramaticum
1021 3519 1145 3579 poema,
1167 3499 1223 3558 sed
1239 3499 1277 3559 de
1293 3520 1340 3559 or·

201 3604 271 3665 dine
295 3624 420 3664 securus
441 3602 604 3682 descripsit
625 3622 703 3684 quac
724 3602 805 3682 apud
820 3603 997 3662 Suetonium
1018 3620 1165 3679 generum
1185 3620 1340 3661 enumera-

200 3708 314 3766 tionem
326 3704 541 3785 sequebantur.
570 3725 629 3784 quo
641 3705 764 3780 negotio
777 3704 907 3762 feliciter
920 3703 944 3762 si
957 3702 1004 3762 dis
1015 3703 1118 3780 placet
1132 3701 1342 3761 administrato

201 3810 336 3867 meminit
364 3826 467 3867 eorum
492 3826 571 3887 quac
597 3813 667 3865 ante
697 3805 842 3863 omiserat
861 3825 918 3864 nec
939 3804 1048 3884 puduit
1068 3823 1135 3861 enm
1158 3803 1239 3882 qnod
1261 3822 1341 3863 nnnc

200 3910 384 3988 primapars
395 3916 465 3988 post
479 3909 599 3968 tertiam
617 3904 757 3986 ponenda
772 3915 847 3965 erat.
875 3892 1062 3986 qu'arationc
1076 3905 1220 3965 facillime
1233 3904 1342 3967 turbae

202 4010 407 4088 explicantem
433 4028 494 4069 nun
525 4009 604 4069 euim
632 4007 724 4067 credo
751 4028 932 4088 quemquam
952 4006 1110 4068 Diomedis
1138 4009 1342 4085 patrocinium

199 4121 422 4191 suscepturum.
440 4110 522 4192 quod
537 4110 670 4171 officium
681 4131 719 4170 ne
733 4112 801 4192 quis
813 4110 871 4170 sibi
883 4112 1068 4186 iniungeret,
1086 4110 1152 4187 ipse
1170 4109 1339 4169 Diomedes

201 4213 302 4290 egisse
323 4213 459 4289 videtur,
482 4233 549 4272 curn
567 4214 672 4273 necin
689 4212 816 4289 singulis
832 4211 933 4271 desint
948 4211 1145 4284 documenta,
1169 4210 1278 4290 quibus
1295 4212 1339 4269 in·

201 4314 297 4392 signis
312 4315 378 4374 eins
390 4316 420 4375 iu
436 4314 629 4394 excerpendo
644 4315 841 4392 neglegentia
853 4312 1007 4392 probetur.

287 4417 391 4476 Prima
417 4417 497 4476 enirn
522 4425 608 4496 parte
630 4416 793 4477 Suetonius
822 4412 1020 4475 diamaticum
1045 4433 1142 4491 genus
1166 4412 1338 4492 descripsit,
