3200 4992
662 387 704 430 nn
728 387 946 431 essuosorrns
1327 368 1368 431 95

784 539 817 600 11
986 580 990 587 .

317 644 477 702 nsusmvs
506 650 654 702 urovuvs
674 635 912 731 Pythagoricus
936 646 970 702 et
990 657 1105 722 magus
1127 638 1162 702 in
1188 637 1288 703 exilio
1306 628 1459 705 mo85*

233 740 315 805 ritur
338 747 377 818 (u.
400 749 477 819 709).

389 844 393 853 '
774 863 825 923 111

316 977 349 1025 n.
372 974 533 1051 annosus
556 974 691 1023 sunnon
714 958 937 1026 Cordubensis
963 968 1154 1047 praeceptor
1176 960 1317 1025 Neronis
1338 957 1459 1030 etse*

233 1071 368 1150 patruus
394 1061 522 1126 Lucani
547 1071 663 1148 poetae
685 1063 844 1127 incisione
870 1084 1026 1127 uenarum
1046 1074 1079 1128 ot
1109 1063 1229 1128 ueneni
1251 1061 1370 1127 haustu

211 1166 317 1252 sperit
338 1171 377 1243 (a.
404 1174 481 1244 818).

316 1283 381 1348 Hic
402 1282 463 1348 sub
481 1280 621 1347 Claudio
637 1283 731 1368 quasi
745 1283 896 1348 conscius
911 1281 1145 1349 adulteriorum
1168 1282 1274 1349 iuliae
1291 1282 1370 1350 Ger·
1384 1243 1473 1356 87²³·
1491 1366 1493 1369 v

233 1385 352 1471 manici
368 1383 458 1449 filiae
477 1385 512 1449 in
530 1382 697 1448 Corsicam
717 1383 881 1471 relegatus
902 1393 977 1472 post
997 1387 1180 1451 octennium
1201 1393 1372 1451 reuocatus

234 1498 292 1552 est.
326 1488 383 1573 qui
403 1486 467 1550 etsi
487 1507 607 1571 magno
636 1485 799 1552 desiderio
823 1485 971 1552 Athenas
997 1488 1160 1571 tenderet,
1189 1487 1230 1553 ab
1254 1488 1372 1576 Agrip-

231 1592 311 1676 pina
330 1596 439 1653 tamen
461 1587 640 1653 erudiendo
663 1587 785 1653 Neroni
815 1589 850 1652 in
870 1588 1027 1676 palatium
1054 1589 1215 1656 adductus
1237 1611 1371 1655 saeuum

232 1831 294 1881 nius
312 1829 345 1880 N.
364 1828 399 1880 H.
417 1829 508 1880 XXIX
525 1830 555 1893 4,
581 1827 625 1879 lS:
662 1828 701 1880 ‘ni
718 1831 755 1880 M.
773 1829 861 1880 Varro
884 1830 1029 1883 LXXXIII
1045 1832 1123 1883 uitae
1147 1846 1218 1883 auno
1236 1831 1372 1898 prodidis-

233 1897 298 1950 sct’.
335 1898 463 1949 Valerius
484 1897 620 1948 Maximus
642 1896 710 1948 vlu
733 1898 762 1962 7,
781 1898 810 1950 3:
834 1899 990 1950 ‘Terentius
1012 1904 1105 1950 autem
1125 1901 1212 1951 Varro
1234 1901 1372 1951 humanae

231 1968 310 2017 uitae
331 1966 455 2032 exemplo
480 1971 507 2017 et
527 1966 619 2031 spatio
640 1966 821 2016 nominandus
838 1982 892 2016 non
911 1968 992 2018 annis
1015 1968 1112 2032 quibus
1135 1969 1242 2019 saeculi
1265 1974 1371 2034 tompus

233 2035 366 2101 aequauit
384 2050 464 2100 quam
487 2033 550 2083 stilo
569 2035 713 2084 uiuacior’.
754 2035 860 2085 Gellius
878 2035 921 2085 III
941 2034 984 2099 10,
1012 2034 1055 2085 17:
1093 2036 1158 2087 ‘tum
1177 2037 1216 2086 ibi
1234 2036 1272 2099 (in
1288 2039 1371 2102 primo

231 2104 351 2155 librorum
368 2106 411 2168 qai
422 2101 592 2153 inscribuntur
608 2103 776 2155 hebdomadas
792 2109 833 2155 oet
843 2104 874 2152 de
886 2102 1044 2169 imapiaibus)
1063 2104 1141 2154 addit
1152 2121 1182 2155 se
1196 2120 1302 2170 quoque
1315 2106 1371 2154 iam

232 2172 422 2222 duodecimam
435 2186 567 2220 annorum
582 2170 780 2231 hebdomadem
799 2171 952 2235 ingressum
971 2187 1031 2221 esse
1051 2177 1080 2221 et
1097 2173 1132 2220 ad
1151 2188 1211 2222 euru
1224 2172 1296 2222 diem
1309 2188 1370 2239 sep-

126 2280 130 2295 .
232 2241 361 2305 tuaginta
378 2238 565 2289 hebdomadas
583 2238 713 2289 librorum
732 2239 945 2304 conscripsisse,
965 2256 997 2289 ex
1016 2239 1114 2304 quibus
1132 2240 1252 2304 aliquam
1271 2241 1371 2291 multos

233 2324 294 2359 cum
312 2308 482 2373 proscriptus
500 2312 574 2357 esset
592 2307 708 2373 direptis
726 2306 904 2357 bibliothecis
921 2323 975 2357 non
995 2307 1206 2373 comparuissc.’

316 2388 370 2445 85*
387 2392 570 2456 Hieronymus
588 2391 632 2441 01.
653 2388 715 2454 183,
739 2391 765 2439 4.
801 2391 900 2441 Cicero
918 2393 988 2442 Tim.
1010 2391 1036 2442 l:
1074 2393 1200 2458 ‘denique
1219 2393 1259 2443 sic
1279 2393 1370 2449 iudico

233 2468 295 2527 post
313 2462 377 2512 illos
395 2459 503 2511 nobiles
520 2459 724 2525 Pythagoreos,
744 2474 856 2524 quorum
874 2460 1025 2525 disciplina
1042 2460 1166 2511 extincta
1189 2467 1231 2511 est
1255 2462 1371 2526 quodum

232 2530 312 2580 modo
330 2544 391 2579 cum
410 2528 516 2593 aliquot
533 2528 646 2579 saecula
665 2528 693 2576 in
710 2527 795 2589 Iulia
813 2527 965 2594 Siciliaque
983 2529 1134 2594 uiguisset,
1155 2528 1226 2579 hunc
1246 2530 1370 2581 extitisse

234 2599 280 2663 qui
303 2598 380 2647 illam
402 2593 573 2647 renouaret’
615 2595 651 2645 cf.
671 2593 763 2649 Schol.
786 2596 856 2646 Bob.
879 2596 908 2646 iu
925 2597 1088 2647 Ciceronum
1111 2600 1139 2647 in
1158 2598 1250 2648 Vatin.
1271 2614 1297 2663 p.
1321 2598 1370 2649 317

233 2664 318 2716 Orell.

317 2746 373 2804 db*
388 2732 571 2813 Hieronymus
589 2746 632 2798 01.
651 2746 714 2812 ⁶211,
735 2747 758 2797 l.
783 2749 966 2814 Hieronymus
979 2750 1022 2799 Ol.
1043 2749 1105 2813 197,
1122 2751 1139 2801 4
1156 2749 1192 2814 (α.
1212 2749 1289 2815 765)ε
1309 2752 1370 2802 ‘So-

233 2821 272 2869 tio
290 2819 468 2885 philosophus
480 2816 682 2867 Alexandrinus
699 2822 865 2882 praeceptor
876 2818 1000 2870 Senecae
1018 2818 1110 2870 clamo
1128 2819 1263 2871 habetur.'
1284 2821 1371 2888 ‘prae-

234 2893 329 2953 ceptor
348 2883 486 2937 Senecae'
505 2886 688 2949 Hieronymus
708 2901 740 2934 ex
758 2884 889 2935 Suetonio
907 2887 1075 2938 Eusebianis
1094 2888 1209 2949 addidit.
1237 2904 1244 2917 ·

317 2968 372 3026 Sl*
388 2972 493 3022 Probus
505 2969 603 3021 Vallae
621 2970 651 3019 ln
664 2969 787 3020 Iuveual
801 2969 826 3019 V
845 2969 905 3020 lou:
926 2970 1010 3033 ‘hic,
1029 2977 1059 3022 ut
1071 2973 1161 3038 iuquit
1173 2975 1291 3039 Probus,
1311 2974 1370 3025 sub

234 3040 380 3092 Claudio
387 3075 528 3090 ..........
537 3037 698 3088 saeuitia.
710 3037 775 3087 hnic
786 3045 922 3102 postremo
935 3040 1006 3103 quod
1015 3038 1127 3091 habitus
1140 3048 1213 3093 esset
1222 3045 1296 3093 inter
1307 3059 1370 3093 con-

233 3108 322 3160 scios'
335 3126 359 3161 e.
373 3125 397 3174 q.
411 3124 433 3157 s.
452 3107 575 3172 sequitur
586 3108 682 3155 mortis
694 3108 817 3156 narratio
830 3111 925 3173 aperte
938 3108 1087 3157 secundum
1099 3110 1191 3160 Tacit.
1211 3111 1260 3162 XV
1272 3110 1369 3177 Slsqq.

233 3180 347 3244 scripta.
367 3176 440 3226 ‘flori
453 3176 461 3224 i
482 3175 537 3224 itur
549 3178 640 3241 potest
652 3179 683 3223 ut
693 3172 764 3223 haec
776 3174 859 3223 Valla
871 3176 930 3240 ipse
943 3175 1103 3226 adiecerit.'
1121 3179 1242 3228 Iahnius.
1257 3207 1289 3214 -
1303 3179 1369 3229 Cas·

233 3248 290 3297 sius
308 3248 362 3297 Ι)ἰο
380 3243 426 3305 eb,
447 3191 491 3305 ld,
510 3242 534 3291 7.
571 3240 685 3291 Tacitus
705 3256 767 3290 anu.
788 3242 843 3291 XII
860 3241 889 3291 8:
910 3243 954 3292 ‘at
971 3244 1137 3310 Agrippina,
1157 3261 1192 3296 ne
1211 3246 1291 3297 malis
1309 3253 1369 3296 tan-

214 3319 289 3364 .tum
312 3312 482 3364 facinoribus
505 3314 676 3370 notesceret,
707 3310 817 3358 ueniam
842 3310 921 3360 exilii
938 3327 987 3377 pro
1005 3314 1119 3362 Annaeo
1138 3314 1258 3377 Seneca,
1289 3315 1371 3365 simul

232 3387 390 3449 praeturum
419 3381 563 3445 impetrat,
593 3377 695 3427 laetum
714 3378 743 3425 iu
771 3378 911 3443 publicum
941 3386 1003 3429 rata
1033 3382 1066 3430 oh
1098 3381 1291 3432 claritudinem
1314 3388 1369 3432 stu·

233 3451 337 3500 diorum
368 3451 440 3511 eius,
477 3452 560 3511 ntque
589 3445 705 3495 Domitii
738 3446 858 3509 pueritia
892 3446 943 3497 tali
977 3449 1109 3515 magistro
1139 3450 1313 3501 adulesceret
1343 3456 1371 3500 et

234 3519 359 3571 consiliis
381 3517 501 3567 eiusdem
525 3514 559 3563 ad
582 3514 874 3579 spem'dominationis
896 3521 1053 3579 uterentur,
1084 3518 1149 3582 quia
1172 3519 1279 3568 Seneca
1302 3518 1370 3567 fidus

234 3588 262 3636 in
282 3586 463 3653 Agrippinam
486 3583 618 3633 memoria
640 3581 770 3631 beneficii
797 3588 825 3631 et
848 3583 973 3633 infensus
997 3584 1112 3635 Claudio
1136 3585 1229 3638 dolore
1251 3588 1369 3636 iniuriae

233 3651 422 3705 credebatur.’
459 3650 605 3703 Suetonius
631 3650 696 3700 Ner.
723 3650 752 3700 l:
790 3651 948 3701 ‘undecimo
976 3654 1079 3703 aetatis
1107 3670 1180 3703 anno
1208 3670 1225 3704 a
1253 3654 1369 3705 Claudio

234 3723 381 3788 adoptatus
400 3726 443 3772 est
459 3722 627 3783 Annaeoque
640 3717 766 3767 Senecae
784 3723 849 3768 tunc
868 3721 990 3769 senatori
1009 3721 1224 3787 indisciplinam
1243 3724 1369 3774 traditus.

233 3791 325 3840 ierunt
342 3791 477 3841 Senecam
495 3788 620 3853 proxima
637 3790 719 3836 nocte
737 3786 826 3837 uisum
839 3786 892 3836 sibi
910 3804 959 3852 per
977 3790 1097 3853 quietem
1110 3790 1139 3839 Ο.
1156 3790 1273 3841 Caesari
1290 3807 1369 3857 prae-

234 3859 341 3924 cipere,
361 3864 389 3909 et
406 3857 487 3907 fldem
504 3857 609 3906 somnio
626 3856 699 3909 Nero
722 3853 801 3904 breui
820 3855 901 3918 fecit,
924 3856 1033 3922 prodita
1056 3858 1229 3909 immanitate
1252 3866 1369 3910 naturae

234 3927 331 3992 quibus
353 3927 469 3993 primum
490 3925 581 3990 potuit
604 3920 817 3988 experimentis.²
852 3922 898 3975 35:
935 3925 1085 3977 ‘Senecam
1107 3933 1315 3993 praeceptorem
1334 3928 1370 3978 ad

319 4165 586 4248 lphythagoricus
608 4171 635 4226 B
653 4162 666 4250 {l
687 4179 704 4232 3
727 4167 873 4228 Annaeus
895 4168 971 4227 Scul.
994 4166 1121 4228 Anneus
1143 4171 1171 4228 B
1190 4163 1204 4249 ΙΙ
1224 4177 1241 4229 4
1260 4166 1370 4228 ueneni

233 4251 343 4313 haustu
357 4254 386 4309 B
398 4271 516 4313 ueneno
537 4252 645 4312 hausto
662 4255 737 4312 Scol.
760 4249 774 4334 Η
794 4254 905 4332 sperit
920 4257 947 4311 B
961 4253 1052 4332 periit
1071 4255 1173 4328 (Saul.)
1194 4251 1207 4335 11
1228 4262 1244 4316 7
1266 4263 1368 4311 octen-

233 4339 314 4397 nium
340 4341 433 4395 Fuber
453 4339 551 4412 praef.
579 4340 696 4397 Scaea:
717 4340 879 4398 triennium
907 4342 987 4397 Valla
1008 4332 1021 4419 ΙΙ
1040 4345 1060 4398 8
1076 4339 1217 4397 tenderet
1233 4341 1369 4396 Scdreve·

234 4427 305 4482 lius:
320 4421 493 4483 intenderet
513 4424 594 4481 Valla
609 4418 623 4505 ΙΙ
637 4434 809 4487 9scaeuum
829 4426 925 4496 Valla,
937 4425 1058 4482 correxi
