3200 4992
588 444 631 486 nu
654 446 741 487 suno
765 443 969 487 aonsnoavn
1113 490 1116 499 ,
1291 424 1349 486 163

190 588 342 680 corpus,
373 614 415 656 ex
437 591 598 656 Mercurio
620 592 766 676 linguam
789 601 821 655 et
843 591 1053 678 sapientiam,
1077 611 1120 652 ex
1144 589 1272 654 Venere
1295 612 1350 654 uo·

205 694 379 780 luptatem,
400 715 443 756 ex
461 693 567 756 Marte
588 693 761 772 feruorem,
782 715 824 757 ex
846 693 925 756 loue
946 693 1204 777 temperantiam,
1227 713 1270 755 ex
1292 690 1350 755 Sa·

205 804 303 859 turno
324 794 523 858 tarditatem.

292 911 416 959 uenere
436 904 488 959 est
502 893 632 959 luminis
652 894 777 959 lunaris
792 896 947 958 circuitus
963 915 1001 956 ac
1022 892 1256 976 redintegratio
1277 895 1347 956 siue
1362 884 1461 957 118*

184 1021 240 1061 sss
254 1017 341 1060 noua
359 997 400 1060 ad
419 1016 548 1060 nouam.
578 996 704 1081 antiqui
719 1006 826 1059 autern
844 995 1012 1059 mensibus
1034 995 1168 1058 nomina
1190 994 1349 1080 quaedam

207 1119 249 1161 ex
268 1098 341 1178 diis,
365 1097 524 1183 quaedam
541 1118 583 1159 ex
604 1100 751 1175 causiss,
771 1097 931 1183 quaedam
947 1118 1025 1160 uero
1047 1117 1087 1159 ex
1101 1116 1236 1158 numero
1259 1096 1349 1181 inpo-

207 1207 342 1262 suerunt
371 1199 566 1284 incipientes
590 1219 610 1260 a
632 1197 768 1278 Martio,
798 1200 877 1284 quia
902 1220 945 1262 ex
966 1198 1038 1282 ipso
1070 1197 1146 1271 anni
1172 1198 1349 1260 exorientis

206 1299 354 1363 ordinem
370 1309 594 1362 seruauerunt.
631 1300 716 1363 hunc
733 1308 841 1362 autern
864 1316 1026 1363 usurlvu
1049 1307 1179 1384 propter
1195 1296 1353 1361 honorem.
1434 1380 1446 1388 ἢ

208 1399 338 1463 Romuli
361 1401 409 1462 sic
430 1399 688 1486 appellauerunt,
709 1402 785 1485 quia
808 1422 881 1464 eum
899 1400 1014 1463 Martis
1036 1399 1226 1462 liliumesse
1248 1399 1349 1462 credi·

174 1502 336 1569 eoderunt.
378 1517 533 1564 nealcen
554 1523 633 1565 uero
655 1501 742 1565 nullo
763 1502 896 1565 deorum
918 1502 1049 1564 nomine
1067 1500 1124 1563 sed
1149 1500 1189 1563 de
1210 1521 1244 1563 re
1258 1521 1351 1586 prop-

208 1640 281 1704 poris
299 1639 428 1689 amicitur
446 1634 569 1699 accessu,
589 1640 637 1689 sed
656 1646 684 1689 et
701 1640 824 1704 singulos
843 1646 946 1701 motus,
962 1654 1028 1704 quos
1047 1639 1074 1687 in
1093 1638 1223 1687 exercitio
1243 1644 1285 1687 est
1302 1637 1350 1687 ha·

210 1708 308 1767 cinna,
327 1707 466 1772 producit:
486 1709 514 1756 in
533 1708 644 1777 Saturni
663 1708 904 1757 ratiocinationem
919 1713 947 1756 et
964 1706 1198 1770 intellegentiam,
1220 1706 1289 1769 quod
1303 1705 1347 1755 lo·

207 1767 334 1839 γιστικὸν
346 1781 374 1825 et
386 1768 565 1839 θεωρητικὸν
577 1782 691 1825 uocant:
706 1776 733 1824 in
747 1775 820 1825 Iouis
833 1776 888 1825 uim
902 1774 1014 1839 agendi,
1028 1774 1098 1838 quod
1110 1788 1269 1836 ποακτικον
1282 1773 1349 1821 dici·

208 1853 264 1891 tur:
284 1843 313 1890 in
331 1843 428 1892 Martis
447 1843 631 1892 animositatis
651 1843 787 1905 ardorem,
808 1844 879 1907 quod
898 1834 1026 1906 θυμικὸν
1049 1848 1236 1906 nuncupatur:
1261 1841 1290 1889 iu
1308 1857 1349 1889 so·

208 1910 243 1959 lis
266 1910 404 1959 sentiendi
427 1910 611 1974 opinandique
636 1918 779 1971 naturam,
808 1911 878 1975 quod
901 1902 1074 1974 αἰσθητικὸν
1103 1914 1131 1958 et
1155 1901 1351 1972 φανταστικὸν

208 1977 363 2041 appellant:
388 1977 519 2026 desiderii
542 1994 608 2027 uero
631 1985 745 2038 motum,
770 1978 840 2041 quod
864 1968 1075 2042 ἐπιθυμητικὸν
1091 1981 1220 2035 uocatur,
1246 1976 1273 2023 in
1298 1976 1350 2024 Ve-

208 2044 295 2093 neris:
318 2045 513 2109 pronuntiandi
537 2050 566 2094 et
588 2046 790 2109 interpretandi
814 2061 884 2109 quae
908 2046 1026 2103 sentiat,
1051 2043 1121 2107 quod
1147 2033 1351 2107 ἑρμηνευτικὸν

208 2112 319 2173 dicitur,
337 2113 366 2160 in
384 2113 449 2161 orbe
467 2113 610 2161 Mercurii:
630 2106 752 2176 φυτικὸν
764 2129 838 2175 uero,
857 2113 884 2160 id
900 2118 943 2160 est
955 2118 1080 2161 naturam
1098 2110 1243 2177 plantandi
1262 2116 1290 2158 et
1303 2125 1350 2160 au·

209 2179 292 2241 gendi
303 2194 429 2243 corpora,
442 2181 470 2229 in
483 2181 608 2245 ingressu
621 2180 695 2244 globi
709 2180 813 2243 lunaris
826 2177 956 2230 exercet’
970 2206 998 2213 ·-
1013 2179 1049 2227 cf.
1062 2182 1208 2242 praeterea
1219 2177 1349 2226 l'hilastr.

208 2247 242 2295 de
261 2246 337 2295 liner.
351 2264 375 2296 c.
389 2247 506 2308 LXIlll,
526 2250 571 2311 qni
594 2242 769 2312 planetarum
786 2248 896 2297 nomina
914 2248 950 2296 ab
968 2246 1098 2294 Ilernrete
1116 2244 1151 2294 ad
1169 2244 1229 2293 dies
1247 2244 1350 2294 lrebdo·

209 2314 296 2363 modis
313 2314 451 2364 translata
470 2330 529 2363 esse
548 2317 644 2377 refert,
662 2314 784 2364 Lobeck.
804 2315 939 2378 Aglaoph.
959 2330 984 2378 p.
1003 2310 1061 2361 aaa.

295 2378 365 2434 118*
377 2382 499 2432 isidorus
511 2382 545 2430 de
558 2391 656 2431 nauita
669 2398 758 2431 rerum
772 2383 840 2430 llll:
861 2383 912 2430 ‘Jre
932 2380 1081 2430 mensibus.
1100 2379 1230 2428 Mensis
1249 2384 1300 2429 est

208 2465 339 2500 nouam.
375 2450 453 2499 cuius
472 2450 560 2513 figura
577 2451 735 2516 plerumque
753 2449 833 2498 helius
856 2450 932 2498 uitae
952 2463 1047 2498 cursus
1070 2446 1350 2511 intellegitur,>quae

208 2518 266 2566 suis
289 2517 464 2566 incrementis
488 2518 567 2581 quusi
590 2518 691 2566 mensis
715 2518 856 2582 peragitur
880 2533 913 2566 ne
938 2515 1171 2566 deminutionibus
1190 2515 1351 2563 certissimis

209 2586 380 2635 terminatur.
409 2600 529 2634 mensem
548 2592 639 2634 autem
653 2585 759 2649 antiqui
772 2584 951 2633 definierunt:
971 2582 1106 2644 Quamdiu
1124 2581 1190 2631 luna
1208 2582 1350 2631 zodiacum

210 2651 485 2716 circulnmperducit.
499 2654 633 2716 antiqui
646 2660 755 2702 autem
768 2652 889 2716 gentiles
900 2651 1074 2701 mensibus
1087 2650 1221 2699 nomina
1285 2648 1350 2698 ins·

208 2721 361 2769 tituisse.
382 2718 410 2768 in
428 2719 567 2769 codicibus
585 2726 677 2769 autem
690 2727 846 2769 sanctarum
863 2720 1059 2784 scripturarum
1077 2713 1251 2766 XlI‘menses
1265 2716 1350 2767 luisse

210 2788 275 2836 anui
293 2788 377 2836 etiam
396 2791 461 2835 ante
480 2787 611 2836 diluuium
630 2788 819 2837 ostenduntur.
854 2789 895 2836 sic
915 2788 987 2837 enim
1006 2786 1044 2834 ibi
1063 2785 1176 2851 legitur:
1206 2787 1285 2850 Aqua
1303 2800 1350 2834 au·

208 2861 265 2903 tem
282 2854 457 2904 minuebatur
475 2870 560 2919 usque
579 2855 614 2903 ad
632 2855 804 2904 undecimum
824 2871 953 2904 mensem.
984 2853 1127 2903 undecimo
1147 2858 1239 2901 autom
1257 2868 1350 2902 mense

208 2922 297 2986 prima
315 2921 360 2971 die
379 2922 482 2971 mensis
500 2929 687 2987 apparuerunt
706 2925 851 2972 cacumina
869 2922 1008 2972 montium.
1039 2921 1080 2970 sic
1100 2921 1171 2969 enim
1189 2926 1255 2969 tune
1273 2920 1350 2969 dinu-

209 2990 512 3051 merabanturmenses
531 2990 603 3038 sicut
622 2995 650 3038 et
668 3005 740 3039 nune
758 2990 806 3040 sed
825 3006 879 3039 non
898 3004 967 3055 quos
977 2989 1120 3039 Kalendae
1139 2988 1187 3036 sed
1206 3004 1273 3052 quos
1285 2988 1351 3037 luna

210 3072 258 3106 coe
279 3062 309 3106 ts
327 3063 355 3106 et
373 3056 451 3105 linita
470 3056 616 3106 concludit.
647 3057 825 3108 Kalendas
843 3066 955 3109 autem
1027 3056 1254 3122 principium,
1280 3055 1352 3120 apud

209 3074 354 3174 Heiraeos
367 3129 458 3173 autern
478 3140 511 3173 ex
524 3124 606 3174 lunae
624 3127 766 3175 nascentis
783 3141 904 3175 recursu.
929 3125 1015 3189 apud
1027 3124 1218 3187 Aegyptios
1237 3129 1351 3189 arrtcm

260 3198 478 3241 memoratum
491 3191 564 3241 est.‘
578 3192 697 3242 Isidorus
709 3194 797 3258 origg.
809 3192 880 3254 vsa,
896 3193 971 3256 leq:
984 3192 1095 3241 ‘Mensis
1108 3206 1205 3239 nomen
1216 3196 1258 3239 est
1272 3206 1351 3255 grae·

210 3275 271 3309 cum
289 3260 323 3308 de
341 3258 422 3308 lunae
441 3261 550 3308 nomine
570 3264 694 3310 tractum.
726 3261 791 3309 luna
810 3263 880 3310 eninr
899 3256 957 3324 μὴν
975 3275 1076 3323 graeco
1088 3273 1211 3307 sermone
1224 3264 1352 3306 uocatur:

209 3327 281 3377 unde
295 3332 323 3375 et
335 3325 408 3391 apud
421 3326 565 3377 Hebraeos
578 3343 685 3377 menses
704 3328 822 3391 legitimi
840 3343 892 3377 non
906 3344 939 3377 ex
957 3327 1023 3376 solis
1041 3326 1145 3375 circulo
1162 3324 1210 3373 sed
1224 3341 1257 3373 ex
1269 3325 1351 3375 lunae

210 3409 291 3444 cursu
309 3401 516 3455 enumerantur,
541 3396 588 3459 qui
611 3402 653 3445 cst
671 3395 705 3444 dc
723 3410 795 3444 noua
814 3395 849 3444 ad
867 3410 975 3445 nouam.
1012 3394 1143 3457 Aegyptii
1161 3398 1253 3441 autem
1271 3393 1350 3456 primi

209 3470 319 3527 propter
337 3463 420 3512 lunae
438 3462 604 3512 uelociorem
622 3478 729 3512 cursum
749 3469 776 3512 et
794 3478 829 3512 ne
848 3480 923 3513 orror
941 3460 1151 3526 computationis
1173 3461 1231 3508 eius
1250 3461 1351 3509 ueloci-

209 3535 267 3578 tate
287 3529 429 3581 accideret
447 3546 480 3579 ex
497 3531 562 3583 solis
579 3546 660 3580 cursu
672 3530 744 3579 diem
757 3532 859 3579 mensis
872 3531 1085 3579 adinucncrunt:
1105 3528 1232 3591 quoniam
1248 3527 1353 3576 tardior

210 3597 275 3646 solis
286 3602 374 3646 motus
386 3590 497 3647 facilius
508 3603 617 3662 poterat
630 3597 844 3662 comprehendi.y
857 3625 890 3632 -
914 3598 1047 3647 Geminus
1058 3597 1100 3644 isa
1123 3633 1128 3643 .
1141 3596 1192 3644 VI:
1212 3587 1282 3660 Μήν
1294 3587 1349 3644 ἐστι

210 3657 310 3729 χρόνος
334 3654 392 3713 cinti
412 3656 536 3714 συνόδου
556 3656 602 3714 ἐπὶ
621 3657 759 3727 σύνοδον,
785 3655 880 3730 deind
897 3656 1077 3730 πανσελήνου
1096 3610 1143 3714 lia
1161 3657 1350 3727 πανσέληνον.

210 3732 296 3780 Varro
314 3733 346 3781 L.
368 3732 398 3780 L·
417 3731 454 3780 Vl
476 3731 519 3781 10:
540 3733 652 3783 ‘mensis
671 3749 687 3781 ο
707 3734 788 3782 lunae
807 3739 881 3783 motu
900 3733 999 3793 dictus,
1018 3732 1080 3780 dum
1096 3730 1131 3779 ab
1150 3731 1206 3779 sole
1225 3730 1352 3795 prolecta

210 3814 302 3848 rursus
320 3800 392 3848 redit
410 3799 445 3848 ad
464 3815 524 3848 eum
543 3799 621 3865 luna,
642 3801 713 3866 quod
732 3800 839 3851 Graece
858 3802 921 3851 olim
940 3801 1015 3849 dicta
1032 3790 1122 3864 μήνη,
1147 3799 1218 3847 unde
1244 3798 1350 3847 illorum

297 3949 307 3998 l
326 3934 521 3995 mercorioB¹
537 3930 551 4020 Η
567 3939 672 4015 lingue
687 3940 714 3994 B
728 3934 741 4019 Η
758 3935 909 4017 sapientei
921 3960 936 3995 s
948 3934 984 3994 ΑΙ
1000 3936 1201 4015 sapientsiam
1215 3932 1254 3992 Α2
1268 3930 1281 4016 Η
1297 3954 1350 3993 no·

209 4022 366 4081 lomtatern
384 4020 422 4080 B¹
439 4021 453 4102 Η
467 4032 484 4083 l
496 4021 555 4080 hac
571 4026 599 4080 B
614 4018 626 4103 Η
641 4025 717 4083 remi
734 4025 831 4101 gratio
846 4029 884 4082 ul.
901 4020 945 4104 [15
963 4043 981 4079 a
998 4041 1078 4079 noua
1094 4020 1133 4079 ad
1152 4041 1261 4079 nouam
1285 4039 1347 4078 cur·

210 4126 260 4165 sus
270 4111 343 4166 conl.
356 4109 483 4166 Griulius
496 4101 507 4187 Η
521 4107 720 4167 aduocatioB
734 4106 748 4190 Η
763 4110 945 4188 nominaque
960 4112 982 4164 A
999 4101 1012 4186 Η
1026 4115 1043 4168 6
1056 4105 1114 4164 (liis
1124 4107 1187 4163 suis
1199 4103 1342 4183 Isidorus!

212 4210 249 4248 ex
274 4192 376 4249 causis
399 4191 587 4251 naturalibus
608 4197 673 4249 olim
694 4195 788 4267 suisne
810 4210 889 4266 susp.
914 4195 945 4250 0.
970 4194 1092 4250 Iahnius
1113 4186 1127 4273 Η
1147 4196 1162 4249 Ἰ
1180 4190 1256 4267 ipsis
1276 4185 1310 4245 Α1
1337 4194 1340 4259 l

210 4277 383 4335 exorientes
400 4273 435 4334 A¹
456 4272 470 4358 Η
490 4288 508 4339 Β
530 4278 638 4335 martio
663 4274 702 4335 Β1
726 4278 740 4357 Η
758 4288 775 4341 9
796 4269 903 4335 r'omoli
926 4272 1018 4357 A¹Bll
1035 4278 1247 4355 apellnnemnt
1267 4276 1320 4329 AB
1339 4271 1343 4352 Η

210 4379 269 4438 qae
294 4363 319 4417 Α
338 4354 351 4441 Η
373 4361 508 4420 fidelium
526 4357 562 4418 ΑΙ
584 4356 598 4441 Η
620 4361 814 4420 crediderunt
835 4381 904 4419 esec
928 4364 951 4417 B
972 4358 985 4444 Η
1010 4375 1041 4425 10
1061 4380 1135 4419 nere
1159 4352 1212 4438 ΑΗ
1227 4357 1351 4415 rdeoum

210 4463 330 4502 suorum
347 4446 476 4503 lsiilorus
490 4443 503 4529 Η
519 4444 577 4503 ede
593 4464 626 4503 re
641 4441 679 4503 Α2
701 4440 715 4528 Η
734 4466 797 4505 rem
814 4442 851 4502 B¹

1076 4547 1139 4607 11*
