3200 4992
663 419 705 464 nr:
721 420 908 466 arsnomors
1315 398 1355 465 93

167 564 177 579 ’
219 574 290 639 οοίο
305 571 482 661 scripserit.
516 571 627 663 itaque
648 570 736 636 bella
757 572 880 652 omnia,
911 591 993 657 quae
1014 591 1167 656 umquam
1190 589 1262 635 cum
1278 568 1358 632 Ger-

219 676 324 738 manis
347 685 440 759 gesta
462 684 538 738 sunt
565 672 634 739 XX
656 672 877 738 uoluminibus
941 669 1160 758 mprchendit3
1205 672 1281 733 item
1303 691 1360 733 na·

219 775 334 841 turalis
354 775 510 841 historiae
533 774 702 840 XXXVII
722 774 823 839 libros
845 772 886 837 ab
926 772 996 838 luit:
1034 772 1132 859 periit
1149 771 1241 836 clade
1264 772 1359 836 Cam-

220 879 353 965 paniae3
396 898 469 941 cum
499 879 584 943 enin
612 877 790 942 Misenensi
819 875 916 940 classi
948 883 1114 961 praeesset
1142 883 1175 938 et
1199 873 1360 960 flagrante

165 1028 168 1033 -
198 978 363 1043 sVesuuio
381 979 423 1043 ad
443 978 659 1066 explorandas
676 979 808 1066 propius
824 997 939 1042 causas
957 975 1117 1040 liburnica
1131 976 1359 1063 pertendisset,

220 1102 280 1144 nec
292 1080 541 1145 aduersantibus
556 1083 664 1146 uentis
674 1099 816 1144 remeare
829 1088 949 1165 posset,
965 1079 1001 1141 ui
1015 1077 1160 1163 pulueris
1172 1100 1210 1142 ac
1226 1076 1359 1141 fauillae

220 1202 394 1268 oppressus
415 1190 479 1265 est,
504 1180 557 1247 uel
578 1192 615 1246 ut
636 1182 767 1279 quidam
788 1183 975 1253 existimant
995 1194 1015 1244 a
1036 1200 1129 1244 seruo
1147 1200 1206 1243 suo
1224 1179 1360 1260 occisus,

220 1304 316 1369 quem
339 1293 432 1347 aestu
448 1283 618 1367 deficie‘ns,
641 1297 678 1347 ut
697 1305 810 1348 necem
831 1281 894 1347 sibi
912 1290 1105 1364 maturaret,
1128 1284 1278 1347 orauerit.

221 1504 306 1554 reque
335 1489 488 1554 conposuit.
525 1489 560 1541 ds
582 1491 642 1541 uita
665 1491 799 1556 Pomponi
822 1489 943 1539 Secundi
965 1488 1031 1537 duo:
1068 1504 1159 1553 aquo
1182 1487 1362 1554 singulariter
1410 1542 1415 1563 ι

222 1562 329 1606 amatus
352 1557 404 1607 boc
427 1559 576 1607 memoriae
601 1559 684 1608 amici
703 1559 782 1623 quasi
800 1558 922 1608 debitum
944 1572 1042 1606 munus
1061 1557 1188 1607 exsoluit.
1229 1556 1362 1607 bellomm

222 1624 387 1675 Germaniae
410 1625 524 1690 uiginti:
562 1627 660 1690 quibus
683 1629 775 1677 onmia
799 1641 869 1691 quae
893 1641 954 1675 cnm
973 1626 1117 1676 Germanis
1134 1626 1269 1691 gessimus
1286 1620 1362 1674 bella

222 1693 348 1759 collegit;
384 1693 541 1755 inchoauit,
560 1710 622 1743 cum
640 1696 669 1744 in
688 1694 837 1745 Germania
859 1693 1008 1754 militaret,
1031 1695 1136 1743 somnio
1155 1695 1286 1749 monitus:
1314 1694 1360 1743 ad-

221 1762 295 1811 stitit
309 1763 335 1811 ei
348 1761 503 1826 quiescenti
520 1764 604 1812 Drusi
616 1763 734 1813 Neronis
747 1764 864 1827 efligies,
880 1763 927 1827 qui
940 1762 1106 1812 Germaniae
1118 1761 1254 1812 latissime
1272 1762 1363 1811 uictor

222 1830 262 1879 ibi
279 1830 376 1894 periit,
402 1830 612 1880 commendabat
629 1832 788 1881 memoriam
806 1846 884 1881 suam
903 1829 1068 1894 orabatque,
1093 1835 1124 1878 ut
1147 1846 1176 1879 se
1200 1831 1235 1879 ab
1260 1831 1362 1879 iniuria

222 1898 370 1947 obliuionis
394 1898 543 1947 adsereret.
579 1900 696 1950 studiosi
718 1905 789 1964 tros,
816 1900 846 1948 in
867 1914 915 1947 sex
937 1898 1078 1947 uolumina
1100 1904 1212 1964 propter
1235 1898 1362 1963 amplitu-

223 1966 314 2015 dinem
332 1965 428 2015 diuisi:
453 1967 552 2031 quibus
575 1972 711 2017 oratorem
736 1970 771 2018 ab
794 1966 970 2017 incunabulis
993 1966 1115 2015 instituit
1133 1971 1161 2015 et
1179 1965 1294 2031 perlicit.
1314 1966 1362 2015 du·

222 2034 262 2083 bii
285 2034 419 2083 sermonis
442 2040 522 2084 octo:
558 2036 671 2101 scripsit
693 2037 743 2086 sub
765 2037 873 2085 Nerone
895 2034 1052 2084 nouissimis
1077 2035 1170 2095 annis,
1204 2049 1264 2082 cum
1283 2050 1361 2084 omne

222 2103 373 2152 studiorum
391 2117 478 2167 genus
496 2101 578 2169 paulo
601 2102 714 2153 liberius
740 2112 766 2154 et
790 2104 909 2153 erectius
932 2101 1115 2167 periculosum
1138 2102 1257 2172 seruitus
1280 2101 1362 2151 iecis—
1430 2160 1436 2174 ἱ

222 2176 273 2219 set.
317 2186 333 2219 a
356 2168 409 2219 fine
431 2170 521 2219 Aulidi
544 2171 626 2221 Bassi
649 2172 764 2236 triginta
789 2187 866 2220 unus.
911 2176 1028 2219 naturae
1050 2168 1228 2219 historiarum
1247 2171 1362 2233 triginta

191 2236 195 2257 ¹
222 2242 342 2303 septem:
365 2252 433 2303 opus
454 2238 581 2288 diffusum
605 2240 739 2289 eruditum
757 2256 809 2290 nec
827 2240 916 2288 minus
934 2239 1042 2286 uarium
1065 2253 1146 2302 quam
1169 2239 1230 2302 ipsa
1253 2244 1360 2287 natura.

223 2308 332 2356 miraris
351 2306 422 2370 quod
439 2304 481 2355 rot
498 2306 640 2357 uolumina
657 2308 798 2371 multaque
818 2310 846 2356 in
864 2307 907 2356 his
925 2312 981 2355 tam
1000 2305 1160 2371 scrupulosa
1184 2306 1263 2355 bomo
1282 2320 1362 2355 occu·

223 2380 304 2439 patus
324 2373 493 2423 obsoluerit?
528 2376 618 2440 magis
636 2376 795 2437 miraberis,
819 2376 842 2425 si
861 2375 959 2424 scieris
982 2373 1059 2422 illum
1078 2370 1238 2438 aliquandiu
1263 2388 1363 2423 causas

225 2444 372 2509 actitasse,
396 2442 549 2492 decessisse
573 2458 645 2492 auno
668 2448 746 2494 sexto
776 2449 804 2493 et
827 2440 1085 2508 quinquagensimo,
1111 2440 1229 2489 medinm
1256 2446 1364 2506 tempus

224 2511 373 2560 distentum
392 2510 606 2575 impeditumque
631 2526 684 2576 qua
708 2512 808 2563 officiis
831 2511 958 2560 maximis
982 2524 1036 2574 qua
1059 2509 1186 2558 amicitis
1208 2509 1363 2574 principum

225 2580 325 2643 egisse.
355 2577 482 2628 sederat
500 2593 564 2628 scre
583 2580 725 2643 ingenium
749 2578 912 2637 incredibile
930 2579 1049 2627 studium
1072 2592 1176 2626 summa
1193 2574 1362 2642 uigilantia)

225 2648 245 2697 V
262 2646 291 2709 8,
312 2647 342 2696 5:
379 2648 434 2695 ‘me
453 2661 518 2697 uero
532 2647 568 2695 ad
590 2646 642 2696 hoc
659 2648 779 2698 stmlium
795 2645 914 2712 impellit
935 2646 1114 2695 domesticum
1136 2661 1241 2711 quoque
1274 2661 1363 2695 exorn-

224 2713 306 2780 plum.
343 2712 496 2763 auunculus
514 2730 590 2764 meus
608 2715 734 2781 idemque
752 2732 801 2782 per
819 2715 995 2780 adoptionem
1012 2717 1092 2777 pater
1109 2713 1240 2763 historias
1260 2717 1288 2761 et
1305 2715 1363 2777 qui·

137 2786 143 2795 ”
225 2783 286 2833 dem
304 2781 510 2847 religiosissimo
524 2781 656 2848 scripsit.¹
681 2784 757 2833 idem
767 2784 805 2834 VI
824 2782 856 2832 to
874 2784 975 2832 exitum
995 2781 1125 2832 avunculi
1138 2782 1238 2831 Tacito
1256 2782 1364 2844 scribit,

225 2852 297 2900 unde
315 2865 405 2917 pauca
423 2850 591 2901 notabiliora
609 2867 762 2917 excerpam.
783 2852 811 2900 2:
833 2850 1090 2916 ‘pulcherrimarum
1108 2849 1186 2900 clade
1205 2848 1362 2899 terrarnm’.

225 2920 254 2968 4:
274 2920 346 2968 ‘erat
362 2919 462 2968 Miseni
481 2919 652 2984 classemque
671 2920 785 2985 imperio
803 2933 935 2984 praesens
953 2910 1076 2983 regebat.
1099 2933 1198 2967 nonum
1216 2917 1278 2967 Kal.
1298 2920 1363 2982 Sep-

222 2988 346 3040 ‚temutes
368 2986 436 3036 hora
459 2987 516 3037 iere
540 2989 659 3053 septima
681 2993 772 3038 mater
788 3003 850 3038 mea
868 2987 975 3037 indicat
993 2988 1019 3036 ei
1037 3002 1171 3052 apparere
1188 2986 1287 3035 nubem
1305 2987 1365 3035 inu·

225 3056 312 3106 sitats
329 3060 357 3105 et
370 3052 560 3120 magnitudine
579 3061 608 3106 et
619 3055 738 3122 specie.’
763 3056 792 3104 7:
813 3055 950 3121 ‘magnum
967 3055 1132 3120 propiusque
1150 3052 1316 3104 noscendum
1335 3059 1365 3103 ut

226 3123 412 3173 eruditissimo
430 3124 489 3173 uiro
506 3123 606 3173 uisum.
643 3125 720 3174 iubet
740 3124 908 3175 liburnicam
926 3121 1040 3189 aptari’
1073 3122 1115 3172 12:
1142 3123 1247 3171 ‘certus
1270 3122 1365 3187 fugae,

225 3194 249 3241 si
274 3192 428 3241 contrarius
451 3196 549 3241 uentus
572 3191 746 3242 resedissot’.
789 3189 835 3242 19:
862 3192 996 3241 ‘innitens
1015 3190 1130 3240 seruolis
1148 3190 1252 3241 duobus
1271 3190 1365 3239 adsur-

183 3288 186 3299 ·
226 3262 297 3310 rexit
315 3261 455 3309 utstatim
473 3260 609 3323 concidit,
629 3266 660 3309 ut
678 3276 729 3325 ego
753 3260 867 3325 colligo,
892 3260 1028 3309 crassiore
1051 3258 1171 3323 caligine
1195 3258 1294 3323 spiritu
1318 3258 1364 3308 ob·

226 3334 331 3377 structo
354 3326 502 3392 clausoque
526 3328 681 3389 stomacho,
712 3329 759 3393 qui
782 3328 824 3377 illi
846 3334 947 3378 natura
968 3326 1107 3376 inualidus
1131 3332 1160 3376 et
1186 3330 1319 3391 angustus
1337 3331 1366 3374 et
1399 3356 1410 3365 -

226 3396 386 3460 frequenter
404 3402 535 3445 aestuans
554 3392 632 3446 erat?
655 3397 701 3445 22:
723 3398 820 3446 ‘unum
839 3397 973 3457 adiciam,
994 3395 1086 3444 omnin
1103 3410 1146 3444 me
1165 3395 1263 3458 quibus
1280 3394 1365 3442 inter·

227 3465 334 3514 luseram
352 3478 476 3555 quaeque
494 3465 603 3529 statim,
628 3480 688 3514 curn
707 3465 825 3515 maxime
842 3479 909 3514 uera
928 3468 1125 3526 memorantur,
1146 3462 1287 3512 audieram
1305 3476 1366 3527 per·

226 3540 359 3583 secutum.
438 3564 442 3571 ·

312 3685 496 3769 lnmquam]
515 3687 649 3770 undique
678 3690 833 3748 Vaticanus
853 3682 867 3770 ll
887 3686 1047 3747 Germanis
1067 3689 1278 3745 Ercorialeusis
1293 3687 1365 3743 anti-

227 3781 309 3852 quior
333 3777 500 3832 Yolctanus:
532 3773 676 3833 Romanis
703 3778 770 3834 libri
788 3778 909 3849 plurimi
928 3768 979 3854 ll²
998 3772 1064 3831 XX
1095 3775 1176 3831 edd:
1205 3769 1365 3830 XXXVII

226 3865 292 3921 libri
311 3856 325 3941 ll
343 3861 417 3918 item
431 3863 612 3918 Barbaricas
634 3861 805 3923 Vaticanus:
819 3860 950 3939 itemque
966 3863 1067 3917 relicui
1080 3858 1114 3933 (ε’)
1131 3852 1145 3938 ΙΙ
1160 3855 1273 3920 3olade
1290 3858 1366 3915 Her·

227 3952 336 4006 molaus
355 3948 525 4005 Barbarus:
558 3944 653 4022 gades
680 3951 723 4005 ael
736 3945 823 4024 gadis
840 3946 1025 4019 (Vaticanus)
1042 3948 1086 4002 acl
1102 3942 1213 4020 grades
1229 3936 1295 4001 libri
1315 3939 1329 4025 ΙΙ
1349 3954 1365 4005 5

228 4032 377 4094 liburnica
399 4034 568 4090 Toletanus:
590 4029 755 4091 liburnicas
772 4033 957 4106 (Vaticanus)
980 4034 1025 4089 uel
1039 4028 1217 4088 liburnicam
1233 4031 1336 4088 relicui
1352 4024 1364 4106 ll

228 4116 432 4199 portendisset
452 4118 656 4175 Burmannus:
682 4116 906 4197 praetendisset
922 4118 989 4173 libri
1007 4111 1020 4198 ΙΙ
1039 4123 1057 4180 8
1079 4115 1211 4174 orauerit
1233 4114 1366 4172 Vinctus:

229 4213 370 4265 orauerat
381 4207 448 4262 libri
460 4197 473 4284 ss
489 4211 637 4261 orauerat.
650 4203 700 4263 bic
710 4206 742 4262 in
753 4203 800 4262 his
815 4201 900 4261 libris
920 4235 926 4247 ·
942 4201 1007 4259 XX
1026 4231 1033 4245 ·
1055 4201 1138 4259 milia
1148 4218 1246 4258 rerum
1261 4197 1365 4275 digna·
1449 4214 1451 4223 ’

228 4311 294 4349 rum
309 4307 347 4347 ex
361 4288 508 4348 Lectione
529 4288 715 4348 uoluminum
737 4289 857 4346 circiter
875 4287 965 4345 duum
984 4286 1099 4344 milium
1114 4284 1288 4363 complexus
1310 4293 1364 4341 est.

229 4376 348 4435 Primus
361 4383 462 4434 autem
476 4372 554 4432 liber
567 4375 655 4454 quasi
670 4373 762 4432 index
783 4404 789 4417 ·
807 4372 950 4431 XXXVI
971 4404 977 4417 ·
1001 4370 1162 4429 Librorum
1176 4368 1366 4447 sequentium

153 4522 158 4533 ,
230 4462 486 4521 consumationem
501 4460 592 4519 totius
603 4460 703 4557 operis
717 4470 747 4518 et
758 4460 878 4535 species
891 4458 1026 4515 continet
1038 4455 1192 4514 titulorum
1211 4456 1367 4511 Vaticanus
