3202 4998
261 388 321 447 418
594 409 822 457 stsrsrrouns
841 408 1067 449 svsrcrsmsnu

260 560 435 611 Venerabilis
453 559 530 608 Bcdo
845 560 879 608 ‹lc
897 560 1003 607 naturis
1022 574 1111 607 rcrtrm
1134 558 1305 617 (inscribitur
1322 559 1404 624 vulgo

879 644 912 693 tle
924 650 1024 693 natura
1036 644 1136 705 rerum)

258 730 417 781 rllrlhclmus
844 729 877 777 lle
890 729 995 777 naturis
1008 744 1097 777 rernm

258 815 415 864 Alexander
432 814 555 863 Neclmm
843 812 877 861 dc
891 813 997 861 naturis
1010 828 1098 861 rcrnm
1113 816 1245 875 (carmen)

258 901 377 949 Thomas
396 899 612 962 Cantipratnnus
844 896 877 945 de
888 898 993 945 naturis
1005 911 1094 945 rerum

258 983 486 1033 Bartholomaeus
505 983 538 1030 rle
559 982 698 1034 Glnnvillu
843 978 876 1029 de
889 981 1102 1045 proprietatibus
1114 996 1202 1031 rernm

258 1069 410 1119 Guilelmus
429 1067 561 1116 Peralrlns
843 1065 876 1113 ‹la
890 1067 995 1119 naturis
1008 1080 1097 1115 rerum

255 1155 372 1203 Ioannes
390 1153 564 1202 zamorensis
842 1150 876 1199 (le
889 1151 1103 1215 proprietatibus
1117 1166 1204 1200 rerum

257 1237 386 1287 Giroldus

278 1324 284 1335 .
628 1279 684 1329 crrl.
698 1280 776 1329 fratr.
971 1320 977 1331 .

257 1328 349 1373 Simon
843 1319 994 1370 denotans
1009 1336 1097 1369 reruni

256 1408 351 1457 Thom.
364 1408 433 1456 Bon.
447 1406 564 1454 Ioannes
658 1365 753 1428 Νικὼ

256 1490 392 1541 Robertns
411 1489 634 1554 archiepiscopus
657 1490 768 1539 Roccae
788 1490 814 1539 S.

288 1578 384 1625 loann.
843 1574 875 1621 de
889 1574 1103 1637 proprietatibus
1116 1588 1205 1627 rerum

257 1660 412 1711 [leufredus
430 1659 593 1709 Coclrlcaris
840 1659 873 1709 dc
887 1659 1099 1723 proprietatibus
1112 1674 1200 1709 rerum

255 1745 418 1796 Vincentius
436 1743 644 1794 Bellovaccnsis
840 1744 873 1793 (lc
886 1745 992 1796 naturis
1005 1758 1093 1793 rerum
1106 1743 1153 1807 (al.
1168 1744 1307 1807 speculum
1318 1749 1397 1793 natu-

873 1826 941 1885 rnlc)

254 1977 417 2046 praeterea
431 1964 611 2025 monendum
628 1974 674 2026 est
687 1965 799 2024 Isidori
814 1964 890 2024 libro
906 1965 944 2024 de
962 1974 1070 2025 natura
1084 1986 1186 2025 rerum
1199 1968 1230 2024 in
1241 1967 1396 2027 nonnullis

254 2067 410 2127 codicibus
428 2068 467 2127 de
488 2068 604 2126 naturis
625 2088 725 2126 rerum
742 2067 882 2139 inscribi,
899 2066 1012 2126 deinde
1025 2066 1147 2126 Rabani
1162 2069 1260 2127 Mauri
1274 2068 1313 2128 ds
1329 2071 1395 2128 uni-

255 2190 342 2229 verso
359 2169 453 2229 libros
468 2169 618 2228 interdum
633 2169 727 2228 libros
744 2169 782 2228 de
796 2170 912 2229 naturis
926 2189 1026 2228 rernm
1038 2168 1111 2229 'diet
1226 2162 1230 2169 ¹

339 2271 475 2349 Quorum
487 2272 610 2348 plurimi
622 2291 689 2329 cum
704 2270 836 2330 nondum
852 2274 934 2352 typis
949 2272 1056 2331 excusi
1070 2273 1145 2343 siut,
1166 2292 1227 2331 non
1239 2270 1316 2331 adeo
1330 2293 1394 2331 ccr-

252 2383 316 2433 tum
337 2373 376 2432 dc
397 2375 441 2432 eis
466 2372 609 2432 iudicium
629 2373 731 2433 facere
747 2374 835 2447 licet3
867 2373 963 2432 nihilo
986 2376 1084 2433 minua
1106 2382 1252 2452 quantum
1272 2373 1395 2453 quidem

253 2496 291 2533 ex
307 2476 410 2534 Pitrae
427 2477 582 2554 excerptis
596 2474 635 2534 de
650 2476 769 2534 Thema
786 2473 1004 2553 Cantipratanc
1022 2474 1157 2534 iudicare
1174 2477 1332 2552 possimus,
1350 2477 1395 2535 eis

251 2597 311 2636 non
327 2576 452 2636 multum
468 2579 613 2656 antiquae
629 2597 709 2655 quae
724 2578 881 2655 incognita
897 2578 936 2635 sit
952 2576 1131 2639 cruditionis
1152 2586 1275 2655 practer
1297 2579 1393 2655 ipsum

252 2679 373 2737 titulum
397 2678 545 2747 contineri
567 2689 680 2738 certum
705 2678 865 2738 adfirmare
888 2678 998 2753 ausim,
1024 2680 1050 2736 si
1063 2677 1185 2757 quidem
1204 2679 1336 2756 plurima
1352 2700 1394 2738 ex

251 2779 360 2838 Isidori
375 2781 521 2857 originum
538 2790 570 2839 ct
588 2780 625 2840 (le
643 2790 753 2839 natura
774 2802 874 2840 rerum
890 2780 975 2839 libris
996 2781 1227 2858 transcripsisse
1241 2781 1392 2841 videntur.

251 2902 352 2959 neque
372 2890 474 2955 temen
491 2881 612 2957 dubito,
636 2881 718 2961 quod
739 2882 771 2940 hi
794 2880 974 2942 Suetoniani
998 2882 1067 2966 libri
1088 2882 1284 2962 apostremis
1300 2883 1392 2943 medii

251 2984 322 3041 aevi
351 2984 547 3062 scriptoribus
568 2994 765 3063 usurpantur,
795 2985 869 3063 quin
896 2984 1044 3043 nonnulla
1068 2984 1262 3063 antiquitatis
1288 3006 1392 3045 monu-

250 3094 352 3144 menta
371 3106 407 3143 eo
422 3096 559 3164 tempore
580 3088 611 3145 in
636 3088 736 3145 lucem
755 3085 891 3146 reditura
911 3088 972 3147 sint
992 3106 1052 3165 quo
1073 3086 1141 3164 quis
1162 3085 1331 3145 taediosum
1349 3087 1392 3146 la·

249 3186 354 3245 berem
369 3187 426 3246 sibi
443 3188 610 3266 inposuerit
625 3189 744 3248 illorum
758 3208 851 3247 unum
866 3190 917 3247 vel
933 3188 1061 3248 alterum
1075 3186 1197 3247 edendi.
1221 3208 1322 3267 neque
1340 3187 1391 3249 de·

250 3289 431 3366 sperandum
449 3289 528 3349 adso
542 3291 616 3349 mihi
632 3290 752 3350 videtur
772 3291 837 3350 fore
853 3291 1017 3371 aliquando
1037 3301 1069 3348 ut
1089 3291 1155 3367 ipsa
1170 3290 1246 3349 haec
1261 3289 1390 3349 Suetcni

249 3391 364 3469 scripta
382 3412 422 3451 ex
442 3392 608 3451 reconditis
621 3392 758 3474 alicuius
782 3393 1004 3463 bibliothecae,
1029 3394 1161 3452 fortasse
1184 3394 1390 3465 Britannicae,

247 3493 368 3552 scriniis
386 3495 415 3552 in
434 3494 533 3554 breem
548 3495 773 3574 protrahantur.

335 3595 509 3657 Communis
522 3608 624 3657 autem
639 3597 759 3656 illarum
772 3597 971 3656 imitationum
984 3598 1061 3655 ratio
1071 3597 1148 3656 haec
1160 3606 1207 3655 est
1218 3605 1251 3656 ut
1263 3597 1391 3675 primunr

249 3698 455 3777 ipsamrerum
468 3702 685 3778 proprietatem
698 3700 935 3779 interpretentur
948 3698 1059 3758 deinde
1073 3698 1237 3758 earundem
1249 3700 1388 3778 spiritua·

248 3800 306 3858 lem
319 3802 350 3858 in
362 3802 517 3879 scripturis
526 3803 620 3860 sacris
634 3802 874 3879 intellegentiam
885 3802 1033 3878 aperiant.
1046 3801 1126 3880 quod
1135 3797 1332 3879 mysticarum
1345 3800 1389 3858 al-

248 4020 276 4069 in
295 4036 349 4086 qua
371 4019 542 4070 bibliotheca
564 4020 635 4071 liber
658 4020 753 4080 irrerit,
777 4021 846 4069 dicit
869 4016 1013 4071 Cluverius
1037 4021 1066 4069 in
1090 4020 1182 4070 adnot.
1202 4020 1235 4068 ad
1259 4019 1388 4069 Claudia·

246 4106 392 4168 nnn1:fnit
410 4111 490 4153 orclem
508 4107 547 4154 nir
564 4108 604 4155 ille
623 4111 647 4155 in
668 4106 830 4170 philosophia
852 4109 958 4154 naasion
980 4089 1095 4155 uersutus
1117 4112 1141 4153 et
1164 4109 1206 4170 qui
1228 4106 1389 4169 peonretrimn

247 4196 271 4239 ct
284 4193 446 4254 astrolopiuru
459 4193 498 4239 cel
513 4192 633 4240 Vrcuiunr
652 4199 677 4238 ut
694 4196 729 4239 uit
747 4197 825 4254 pocta
842 4191 961 4247 coluerit,
981 4195 1006 4237 ut
1018 4195 1089 4253 patet
1102 4205 1137 4239 ae
1150 4189 1293 4254 quibusdam
1312 4204 1388 4251 opera-

167 4266 185 4278 *
246 4279 320 4331 cerlis,
339 4291 404 4341 pune
422 4278 478 4325 olim
495 4276 598 4323 uidimus
616 4278 641 4323 iu
658 4275 807 4324 bibliotheca
826 4276 928 4322 (laetorii.
960 4274 1108 4322 editionem
1127 4281 1219 4322 arrtcm
1238 4273 1296 4321 cius
1314 4270 1386 4320 Phil.

247 4359 304 4409 Iao.
323 4360 499 4409 hlaussacurn
517 4359 678 4407 meditatum
698 4375 758 4408 esso
777 4358 921 4408 arlnctauit
940 4358 1085 4407 l'uhricius
1107 4358 1174 4440 bibl.
1193 4357 1242 4406 lar..
1262 4357 1273 4405 Ι
1292 4373 1317 4420 p.
1337 4347 1385 4404 501

248 4444 288 4493 cd.
308 4446 373 4493 Ern.
