3218 5000
251 380 311 445 186
448 400 685 445 svrruuuaura
708 402 799 445 munt
819 402 862 446 nu
885 402 973 445 struo
997 402 1201 446 ROMANORVH

248 553 452 605 commentariis
464 553 598 603 fastorum
611 552 693 615 dicit,
708 554 779 620 apud
793 555 911 604 maiores
924 568 1030 619 quoque
1042 559 1152 606 nostros
1160 555 1232 606 haee
1243 554 1395 621 appellatio

248 623 349 672 mensis
363 622 409 671 diu
421 623 561 684 manserit,
576 623 625 671 sed
637 628 699 687 post
711 623 820 672 detritis
841 623 1001 687 quibusdam
1014 623 1114 672 litteris
1128 640 1161 675 ex
1173 625 1289 673 Iunonie
1301 625 1394 673 Iunius

247 692 336 740 <lintris
349 691 393 738 sit.
418 705 480 739 nam
499 695 528 739 et
544 690 628 740 aedes
645 692 742 740 Iunoni
760 692 889 740 Monetas
906 691 1023 740 Kalend.
1038 692 1124 740 Iuniis
1136 691 1265 741 dedicata
1278 695 1328 741 cst.
1351 690 1392 741 31.

247 758 370 807 nonnulli
384 762 548 823 putauerunt
559 758 667 809 Iunium
679 774 801 808 mensem
819 774 836 808 a
848 758 925 807 iunio
937 758 1022 808 Bruto
1040 760 1085 823 quii
1099 760 1199 824 primus
1213 760 1316 809 Romae
1329 774 1393 808 eon·

246 826 287 875 sul
301 827 392 875 iactus
405 830 448 875 est
458 826 637 887 nominatum,
651 826 722 890 quod
733 827 785 875 hoe
798 841 891 875 mense
904 826 931 874 id
944 833 987 876 est
999 827 1131 876 Kalendis
1143 827 1228 876 Iuniis
1241 827 1392 892 pulso'I'ar-

248 895 340 958 quinio
358 908 465 942 sacrum
485 894 594 943 Garnae
613 895 683 944 deae
701 894 729 943 iu
748 894 844 944 Caelio
862 899 955 943 monte
972 895 1029 943 rioti
1046 909 1109 943 reus
1128 895 1236 944 iecerit.
1267 894 1307 945 32.
1322 895 1394 944 hane

246 962 327 1011 deam
339 961 470 1011 uitalibus
480 962 605 1011 humanis
615 977 746 1027 praeesse
760 962 882 1011 eredunt.
897 961 932 1010 ab
946 978 980 1010 ea
990 961 1107 1026 denique
1120 964 1222 1027 petitur
1233 968 1263 1011 ut
1271 963 1395 1011 iecinora

247 1035 276 1079 et
289 1029 372 1078 corda
390 1044 515 1093 quaeque
534 1035 597 1078 siret
614 1030 778 1079 intrinsecus
795 1031 906 1079 ulscera
917 1029 998 1078 salua
1011 1036 1168 1080 conseruet:
1188 1035 1215 1079 et
1228 1031 1292 1093 quia
1304 1030 1395 1079 cordis

247 1097 390 1157 beneficio,
405 1097 480 1145 ciniis
492 1097 710 1147 dissimulatione
720 1098 814 1147 brutus
824 1096 988 1157 habebatur,
1002 1098 1116 1147 idoneus
1130 1098 1314 1147 emendationi
1326 1097 1393 1162 pub·

246 1165 294 1213 lici
307 1170 394 1214 status
408 1166 507 1224 extitit,
520 1165 592 1214 hanc
605 1166 685 1215 deam
698 1180 768 1230 qrrae
781 1164 911 1214 uitalibus
923 1171 1036 1229 praeest
1046 1166 1284 1230 templosacrauit.
1298 1164 1339 1215 33.
1349 1167 1393 1214 eui

246 1232 321 1298 pulte
336 1233 448 1282 iahaeia
461 1238 489 1283 et
501 1233 589 1282 larido
602 1232 788 1293 sacrificatur,
807 1233 877 1296 quod
889 1232 932 1281 his
944 1233 1062 1282 maxime
1079 1233 1161 1283 rebus
1178 1234 1251 1283 uires
1271 1234 1393 1297 corporis

247 1300 416 1349 roborentur.
442 1316 506 1350 nam
527 1300 712 1350 etKalendae
730 1300 826 1349 Iuniae
849 1299 976 1349 iabariae
993 1300 1077 1365 uulgo
1097 1306 1246 1361 uocantur,
1265 1300 1393 1366 quiahoc

246 1383 340 1417 mense
354 1368 466 1417 adultae
479 1368 564 1417 fabae
577 1368 678 1419 diuinis
691 1369 773 1418 rebus
786 1368 956 1417 adhibentur.
982 1366 1023 1417 34.
1043 1370 1166 1432 sequitur
1176 1368 1261 1417 Iulius
1274 1370 1320 1432 qui
1331 1383 1393 1417 eum

246 1436 396 1486 secundum
409 1435 516 1484 Romuli
532 1435 733 1485 ordinationem
750 1436 851 1485 Martio
873 1434 938 1484 anni
955 1440 1068 1485 tenente
1087 1436 1250 1502 principium
1263 1435 1393 1497 Quintilis

247 1520 264 1553 a
276 1518 388 1552 numero
400 1507 554 1567 uocaretur,
568 1502 743 1553 nihilominus
755 1508 848 1553 tamen
861 1503 944 1551 etiam
957 1509 1019 1567 post
1030 1505 1204 1568 praepositos
1220 1520 1237 1553 a
1248 1504 1336 1553 Numa
1347 1504 1390 1552 Ia-

246 1571 372 1621 nuarium
390 1586 424 1619 ao
436 1571 617 1621 Februarium
635 1571 748 1621 retinuit
765 1586 878 1631 nomen,
903 1586 963 1620 cum
981 1586 1035 1620 non
1051 1571 1193 1621 uideretur
1209 1572 1265 1621 iam
1283 1572 1392 1636 quintus

247 1654 309 1688 esse
321 1638 370 1688 sed
382 1639 527 1702 septimus:
546 1639 596 1687 sed
613 1644 711 1703 postea
727 1639 754 1687 in
773 1638 904 1688 honorem
917 1637 980 1687 Iulii
993 1637 1122 1689 Caesaris
1139 1639 1284 1689 dictatoris
1301 1639 1393 1702 legem

247 1708 355 1756 serente
368 1708 404 1755 Μ.
418 1707 534 1755 Antonia
546 1706 583 1756 M.
598 1706 653 1755 lilio
673 1705 784 1755 consule
796 1706 881 1756 Iulius
900 1706 1055 1771 appellatus
1069 1712 1125 1769 est,
1147 1707 1218 1773 quod
1234 1705 1287 1756 hee
1299 1720 1392 1755 mense

247 1789 272 1823 a.
286 1775 311 1822 d.
327 1776 451 1837 quartum
463 1774 526 1823 idus
540 1774 676 1835 Quintiles
688 1774 772 1823 lulius
784 1778 946 1839 procreatus
962 1774 1007 1822 sit.
1032 1774 1073 1824 35.
1087 1775 1225 1839 Angustus
1238 1774 1337 1824 deinde
1351 1778 1393 1824 est

246 1842 292 1906 qni
305 1840 418 1891 Sextilis
431 1847 515 1891 autea
526 1842 680 1891 uocabatur
693 1842 780 1891 donec
793 1840 889 1890 honeri
902 1842 1018 1907 Aegiali
1031 1842 1142 1891 daretur
1155 1859 1188 1892 ex
1202 1846 1315 1891 senatus
1328 1857 1391 1891 eou-

246 1909 316 1958 sulto
330 1909 406 1959 cuins
419 1909 505 1959 verba
523 1910 643 1959 subieci:
662 1910 730 1958 Cum
746 1910 900 1975 Imperator
914 1909 1020 1958 Caesar
1031 1911 1168 1975 Angustus
1186 1925 1280 1961 mense
1296 1909 1393 1959 Sextili

246 1981 274 2027 et
287 1977 400 2042 primum
413 1976 583 2026 consulatum
595 1978 690 2027 inierit
702 1982 730 2027 et
741 1977 891 2041 triumphos
903 1982 959 2026 tres
972 1978 999 2026 in
1012 1978 1106 2027 urbem
1119 1978 1244 2027 intulerit
1261 1982 1289 2027 et
1303 1993 1336 2026 ex
1349 1977 1391 2027 Ia·

245 2044 336 2094 niculo
349 2044 473 2109 legiones
486 2045 622 2095 deductae
635 2050 802 2110 secutaeqne
815 2046 871 2093 sint
883 2045 941 2094 eius
954 2046 1079 2110 auspicia
1092 2060 1124 2095 ae
1137 2045 1232 2105 fidem,
1245 2044 1293 2094 sed
1307 2045 1391 2095 etrie-

245 2119 344 2177 gyptns
361 2112 414 2161 hoo
431 2128 526 2162 mense
543 2113 572 2161 in
591 2118 757 2178 potestatem
779 2112 872 2177 pupuli
890 2113 1005 2162 Romani
1023 2112 1137 2162 redacta
1155 2113 1191 2162 sit
1204 2112 1320 2176 finisque
1340 2113 1393 2162 hoe

244 2194 338 2230 meuse
349 2180 429 2229 bellis
442 2180 568 2229 ciuilibus
580 2180 715 2245 inpositus
728 2180 765 2229 sit
777 2187 859 2245 atque
872 2180 907 2229 ob
920 2180 970 2230 has
983 2192 1083 2230 causes
1095 2181 1141 2230 hic
1154 2178 1255 2231 mensis
1267 2180 1330 2229 huic
1343 2179 1392 2228 im-

245 2249 322 2313 perio
334 2248 510 2298 felicisaimus
523 2247 560 2297 sit
572 2264 606 2298 aa
619 2248 715 2309 inerit,
729 2248 841 2313 placere
859 2248 969 2298 senatui
981 2254 1012 2296 ut
1022 2248 1067 2298 hic
1079 2250 1181 2298 mensis
1192 2248 1331 2313 Augustus
1344 2264 1391 2313 ap·

244 2315 370 2381 pelletur.
400 2316 466 2365 item
484 2315 657 2381 plebiscitum
676 2316 779 2367 iactum
798 2317 832 2366 ob
852 2315 968 2366 eandem
981 2331 1038 2365 rem
1051 2315 1135 2366 Serto
1147 2316 1270 2366 Pacubie
1283 2315 1391 2365 tribuno

243 2383 353 2448 plebem
365 2388 489 2447 rogante.
508 2382 550 2433 36.
563 2383 666 2434 mensis
678 2384 840 2449 September
856 2383 1035 2449 principalem
1054 2384 1096 2433 sui
1113 2385 1215 2433 retinet
1230 2383 1391 2447 appellatio·

244 2467 320 2501 nem:
334 2464 414 2515 quem
421 2450 580 2502 Germanici
594 2452 789 2517 appellatione,
803 2452 951 2501 Octobrem
962 2466 1029 2501 uero
1042 2467 1090 2501 suo
1103 2452 1392 2502 nomineDomitianus

243 2518 393 2568 inusserat.
407 2518 448 2569 37.
463 2519 571 2569 sedebi
588 2519 738 2568 infaustum
754 2519 919 2569 uocabulum
933 2535 966 2568 ex
979 2520 1051 2573 omni
1070 2535 1136 2569 aere
1148 2519 1193 2569 uei
1205 2534 1272 2568 aare
1288 2519 1393 2584 placuit

245 2587 330 2646 eradi,
344 2602 453 2636 menses
466 2602 571 2652 quoque
581 2587 758 2651 usurpatione
770 2588 933 2649 tyrannicae
944 2587 1137 2651 appellationis
1151 2588 1225 2637 exuti
1237 2594 1312 2637 aurit:
1327 2602 1390 2636 cutr-

244 2655 283 2704 tio
300 2660 399 2718 postea
411 2655 563 2720 principum
576 2662 729 2704 ceterorum
742 2655 793 2703 diri
805 2655 903 2704 ominis
920 2656 1043 2704 inlausta
1059 2656 1204 2704 uitantiurn
1220 2655 1359 2705 mensibus
1375 2671 1391 2703 a

244 2720 406 2786 Septembre
416 2737 502 2787 usque
516 2723 550 2771 ad
562 2722 744 2772 Decembrem
757 2723 848 2788 prisca
860 2723 971 2771 nomina
983 2723 1145 2772 reseruauit.
1169 2722 1211 2772 38.
1225 2722 1297 2773 haec
1309 2722 1362 2772 suit
1375 2737 1392 2770 a

244 2789 358 2838 Romulo
372 2804 464 2840 annua
479 2790 607 2840 ordinata
619 2790 767 2853 dimensio,
786 2790 832 2855 qui
851 2791 921 2839 sicut
934 2804 1017 2855 supra
1028 2790 1085 2839 iam
1102 2791 1218 2840 diximus
1232 2806 1331 2840 annum
1343 2791 1390 2839 de-

245 2873 304 2906 cem
317 2858 450 2907 mensium
463 2858 567 2907 dianna
578 2872 645 2908 uero
658 2863 786 2923 quattuor
799 2863 827 2907 et
842 2863 1026 2907 trecentorum
1037 2858 1193 2908 habendum
1211 2874 1271 2909 esse
1290 2858 1390 2908 consti·

245 2926 297 2974 tuit
309 2938 470 2988 mensesque
483 2926 523 2975 ita
535 2924 680 2991 disposuit,
698 2930 729 2975 ut
746 2929 875 2990 quattuor
886 2940 920 2975 ex
932 2926 975 2976 his
987 2926 1108 2977 tricenos
1120 2926 1251 2992 singulos,
1264 2940 1313 2975 sex
1324 2941 1390 2974 nero

244 2993 366 3042 tricenos
378 2992 514 3042 haberent
526 2994 594 3042 dies.
608 2992 705 3046 39.sed
718 3008 778 3043 cum
791 2995 815 3043 is
828 3009 955 3043 numerus
966 3009 1056 3058 neque
1069 2995 1133 3044 solis
1147 2995 1235 3043 cursui
1248 3008 1338 3057 neque
1350 2992 1389 3041 lu-

243 3075 298 3109 nae
310 3060 462 3110 rationibus
475 3061 648 3123 conueniret,
662 3077 865 3126 nonnumquam
877 3076 927 3110 usu
939 3062 1071 3111 ueniebat
1086 3068 1117 3111 ut
1129 3061 1216 3126 irIgus
1230 3062 1295 3110 anni
1308 3061 1390 3109 aesti-

243 3129 285 3178 uis
303 3130 442 3178 mensibus
461 3134 496 3193 et,
508 3134 604 3179 eontra
616 3128 693 3178 ealor
704 3129 868 3179 hiemalibus
881 3130 1051 3194 proueniret:
1076 3130 1146 3194 quod
1159 3130 1205 3179 ubi
1219 3129 1389 3193 contigisset,

244 3202 350 3246 tantum
362 3197 466 3246 dierum
478 3198 538 3246 sine
550 3197 607 3246 ullo
619 3197 721 3246 mensis
734 3197 843 3247 nomine
856 3197 1035 3262 patiebantur
1052 3198 1159 3247 absumi
1172 3202 1301 3261 quantum
1316 3196 1389 3246 adid

244 3265 310 3314 anni
323 3270 430 3329 tempus
443 3264 592 3315 adduceret
605 3280 657 3329 quo
670 3265 743 3314 eaeii
755 3265 866 3314 babitus
875 3264 990 3314 instanti
1002 3265 1105 3314 mensis
1113 3268 1198 3330 >aptus
1210 3264 1390 3314 inueniretur.

242 3332 316 3382 XIII.
331 3333 385 3382 Sed
398 3337 508 3382 secutus
518 3334 620 3395 Numa,
635 3338 765 3397 quantum
777 3332 827 3383 sub
841 3332 919 3382 eaelo
937 3332 997 3382 rudi
1011 3336 1039 3381 et
1050 3332 1162 3382 saeculo
1176 3332 1265 3382 adhue
1277 3331 1390 3397 inpolito

242 3400 301 3450 solo
312 3401 425 3463 iugenio
437 3401 570 3465 magistro
584 3400 807 3466 conprehendere
820 3400 921 3466 potuit,
939 3400 985 3449 uel
998 3400 1062 3464 quia
1074 3400 1242 3450 Graeoomm
1262 3400 1390 3449 obserua-

241 3468 317 3517 tione
327 3469 421 3518 forsan
431 3468 579 3518 inatructus
586 3475 636 3529 est,
648 3468 911 3533 qninquagintadies
918 3467 1031 3529 addidit,
1041 3468 1390 3532 utintreeentosquinqna-

239 3536 320 3601 vginta
330 3540 457 3599 quattuor
470 3536 537 3595 dies,
546 3537 642 3600 quibus
653 3536 796 3586 duodecim
806 3535 888 3585 lunae
900 3550 994 3585 cursus
1005 3536 1103 3585 confici
1115 3535 1239 3597 credidit,
1251 3550 1339 3585 annuis
1347 3549 1391 3583 ex-

241 3604 408 3654 tenderetur.
422 3603 446 3653 2.
462 3609 544 3668 atque
555 3604 598 3653 his
610 3604 809 3668 qinnquaginta
822 3619 838 3653 a
849 3618 879 3653 se
892 3603 992 3653 additis
1004 3603 1109 3653 adiecit
1120 3603 1187 3653 alios
1198 3618 1246 3653 sex
1256 3607 1390 3652 retractes

240 3671 296 3721 iliis
306 3687 354 3721 ser
366 3671 505 3722 mensibus
517 3673 563 3736 qui
575 3670 689 3737 triginta
700 3671 842 3721 habebant
853 3670 925 3731 dies,
937 3671 966 3720 id
979 3678 1021 3721 est
1032 3672 1066 3721 de
1078 3670 1194 3737 singulis
1206 3670 1337 3735 singulos,
1348 3671 1390 3718 ia-

242 3744 354 3804 ctusque
367 3740 567 3804 quinquaginta
580 3745 608 3790 et
618 3754 666 3789 sex
678 3739 738 3788 dies
750 3739 778 3787 iu
791 3739 858 3788 duos
870 3754 956 3801 nopes
968 3754 1077 3788 aienses
1089 3740 1149 3804 pari
1162 3738 1270 3787 ratione
1283 3738 1389 3787 diuisit:

241 3806 266 3857 3.
274 3822 307 3856 ae
318 3806 351 3858 de
362 3807 467 3857 duobus
478 3808 595 3872 liriorem
608 3807 765 3856 ianuarium
778 3808 948 3870 mancupauit
959 3802 1128 3871 primumque
1141 3807 1206 3856 anni
1220 3821 1281 3855 esse
1293 3806 1389 3864 uoluit,

240 3880 380 3939 tamqnam
390 3876 511 3940 bicipitis
521 3876 567 3926 dei
576 3889 698 3924 mensem
708 3875 901 3939 respicientem
913 3890 945 3923 ac
956 3876 1169 3938 prospicientem
1180 3874 1314 3931 transacti
1325 3872 1390 3923 anni

241 3942 323 3992 finem
340 3942 478 4008 iirturique
491 3942 635 4007 principia,
650 3941 799 3991 sacrandum
818 3942 922 3991 dieanit
935 3942 1043 3992 Februo
1056 3942 1117 4003 deo,
1135 3942 1181 4005 qui
1199 3941 1390 3990 laistrationum

242 4015 341 4076 potens
353 4011 485 4060 ereditur:
498 4010 609 4059 lustrari
624 4014 715 4059 sertem
734 4025 768 4059 eo
779 4025 873 4059 merrae
887 4009 1028 4059 ciuitatem
1041 4022 1158 4059 neeesse
1171 4013 1245 4069 erat,
1264 4023 1317 4072 quo
1334 4012 1389 4058 sta·

241 4079 293 4127 tuit
305 4083 335 4127 ut
346 4079 420 4127 insta
432 4078 473 4127 dis
486 4079 615 4128 Manibus
627 4077 806 4126 soluerentur.
829 4078 853 4125 4.
866 4078 971 4126 Numae
984 4077 1185 4126 ordinationem
1203 4075 1311 4124 linitimi
1328 4090 1390 4124 mex

241 4146 329 4196 secuti
341 4146 455 4195 tetidem
466 4146 561 4194 diebus
572 4145 740 4209 totidemque
752 4145 891 4194 mensibus
902 4149 932 4194 ut
942 4144 1076 4209 Pompilio
1105 4142 1191 4192 lacuit
1202 4156 1301 4191 annum
1313 4156 1390 4191 sirum

242 4218 392 4277 conputare
406 4219 569 4278 caepenmt:
585 4212 637 4263 sed
655 4213 707 4262 hac
725 4212 783 4261 eale
796 4211 1006 4276 discrepabant,
1026 4226 1078 4275 que
1108 4224 1218 4260 menses
1234 4209 1389 4260 undetrice-

240 4296 304 4329 num
317 4280 504 4344 tricenumque
517 4294 630 4331 numere
648 4280 864 4329 altemauerunt
884 4279 909 4327 b.
928 4278 1011 4344 paule
1028 4284 1091 4343 post
1108 4279 1196 4327 Numa
1213 4277 1241 4325 in
1259 4277 1389 4326 honorem

242 4348 345 4412 inparis
358 4346 472 4409 ailmeri,
484 4353 621 4398 secretum
632 4347 684 4397 hoc
699 4351 727 4395 ct
739 4344 996 4410 antel‘ythagoranr
1006 4347 1177 4411 parturiente
1186 4350 1294 4406 natura,
1308 4358 1390 4394 sinum

242 4414 345 4466 adiecit
356 4414 429 4464 diem
439 4429 519 4480 quern
530 4414 660 4467 Ianuario
673 4414 749 4465 dedit
759 4418 790 4464 ut
801 4418 857 4464 tam
869 4414 898 4465 in
909 4426 980 4465 anuo
993 4429 1074 4479 quam
1083 4414 1112 4464 in
1123 4413 1264 4464 mensibus
1275 4411 1390 4478 singulis
