3194 5004
264 388 326 451 522
680 413 826 455 1uv1rau
841 414 989 457 raaaurrr

265 562 341 622 citer
358 561 427 622 Tib.
443 572 487 635 72,
504 568 551 622 uio
564 566 750 623 Praenestina
768 565 800 625 in
814 565 879 625 vita
894 564 1002 638 Attae,
1017 565 1067 623 vel
1083 565 1203 625 inverso
1218 567 1325 627 ordine
1340 570 1394 627 Aa·
1491 594 1494 599 ’

263 669 332 723 relic
352 670 398 723 uia
415 664 504 725 Galb.
521 675 582 739 20‚.
594 668 708 737 Salaria
722 671 770 725 aia
788 668 881 747 Vesp.
903 678 947 740 17,
967 670 1065 726 talam
1080 672 1127 727 aia
1142 669 1231 729 Dom.
1251 677 1296 733 17:
1319 689 1400 749 quae

264 766 405 846 exempla
428 787 522 846 prope
540 770 640 827 omnia
660 768 801 848 adposuit
813 770 952 830 Rothius.
991 770 1184 850 Quamquam
1202 774 1231 829 in
1244 789 1329 831 saera
1351 777 1399 831 aaa

262 868 343 927 idem
358 867 523 929 Suetonius
539 870 584 928 bis
602 870 630 928 d.
647 871 704 929 Iul.
720 878 755 934 46
774 881 804 931 et
818 881 862 934 80.
899 873 977 931 Item
991 877 1019 930 in
1033 877 1080 931 aia
1092 874 1262 933 laureatas
1278 874 1399 935 Gellius

263 981 302 1043 x,
318 979 353 1043 2,
372 972 398 1031 si
413 972 532 1050 integra
547 972 706 1051 scriptura.
1346 1038 1349 1045 Ι

346 1074 422 1152 Pag-
437 1074 486 1148 3³,
502 1074 522 1135 6
535 1078 576 1133 ad
589 1077 690 1149 Marta
704 1079 800 1135 uidam
816 1075 894 1135 libri.
923 1076 991 1135 Nec
1009 1077 1105 1136 fuisse
1120 1075 1214 1136 ullam
1229 1077 1282 1137 via
1297 1077 1399 1158 Appia

222 1228 230 1247 ,
262 1180 358 1235 esiliam
375 1177 483 1235 Martis
498 1197 557 1236 nec
573 1173 700 1253 cogitari
715 1197 806 1257 posse
821 1177 1001 1258 Schopeuue
1015 1178 1110 1253 vidit,
1126 1183 1220 1238 uillam
1233 1178 1398 1258 probabili-

262 1286 310 1337 ter
325 1279 479 1338 coniciens
496 1278 699 1359 explicandae
710 1282 833 1339 hortulos
845 1283 915 1340 voci
927 1279 1113 1360 adscriptam
1124 1301 1201 1341 esse.
1225 1281 1319 1343 Cuius
1331 1285 1399 1362 ipse

263 1380 358 1440 verba
375 1380 470 1441 habes
490 1382 521 1441 ia
535 1381 732 1442 Fleckeiscni
750 1382 879 1459 praefat.
902 1403 932 1462 p.
951 1394 1013 1442 vll.
1052 1383 1121 1461 Quo
1143 1384 1240 1462 magis
1256 1385 1399 1445 miramur

262 1502 367 1542 rursus
391 1492 551 1562 patronum
570 1484 659 1544 illisi
679 1482 726 1543 dis
746 1484 849 1563 placet
867 1485 962 1544 villae
977 1485 1121 1545 Rothium
1138 1506 1167 1565 p.
1188 1495 1236 1549 teo
1250 1486 1398 1560 extitisse,

264 1583 401 1645 Suetonii
415 1587 588 1646 testimonio
603 1606 691 1646 usum
706 1585 788 1666 quod
807 1596 855 1646 est
868 1586 899 1645 in
914 1588 978 1647 vita
992 1587 1110 1647 Tiberii
1125 1607 1191 1667 cap.
1207 1598 1256 1652 65:
1278 1607 1335 1665 per
1348 1609 1398 1648 aa
1496 1623 1501 1635 ·

262 1704 324 1747 aem
344 1693 490 1762 proximor
511 1706 692 1747 manseram
712 1706 840 1764 eprerraa
859 1698 900 1748 cat
922 1693 988 1749 ailla
1009 1708 1081 1765 qaae
1100 1700 1217 1750 uoeaeer
1229 1693 1314 1751 Iotae.
1358 1693 1400 1752 Et

263 1798 365 1849 tamen
389 1790 510 1849 conlato
525 1790 634 1850 Tacito
656 1789 767 1849 Annei.
789 1801 841 1865 lv,
863 1799 896 1854 67
918 1790 1035 1871 pridem
1055 1792 1245 1853 intellectum
1269 1802 1399 1855 estnon

264 1890 354 1951 aliam
371 1893 459 1953 huius
476 1893 607 1952 nominis
623 1893 771 1952 rationem
790 1912 860 1953 ease
875 1894 933 1953 nisi
949 1894 1030 1973 qaod
1046 1893 1207 1955 duodecim
1223 1897 1255 1955 in
1271 1894 1399 1976 Capreis

262 1994 362 2054 insula
376 1994 458 2056 villis
476 1996 538 2055 suis
556 1994 683 2075 privatis
697 1994 839 2055 Tiberius
858 1993 1006 2056 arbitratu
1021 2016 1076 2056 suo
1093 1996 1253 2057 duodecim
1274 1996 1400 2058 deorum

262 2097 384 2183 nomina
398 2097 563 2159 indiderat:
583 2097 613 2156 id
629 2096 711 2177 quod
727 2117 805 2157 unus
822 2099 950 2179 quisque
967 2096 1052 2158 videt
1067 2097 1106 2158 ad
1120 2097 1275 2179 publicum
1289 2119 1399 2160 nomen

263 2198 349 2258 aedis
359 2200 501 2278 publicae
512 2200 587 2259 nihil
599 2218 722 2279 prorsus
731 2201 895 2279 pertinere.
908 2201 1123 2261 Nachinanon
1134 2202 1236 2262 aliena
1246 2205 1314 2261 ailla
1320 2203 1400 2260 Mar-

262 2303 581 2376 erameniorum,
597 2305 628 2362 in
643 2322 704 2383 qua
717 2302 911 2362 Pertinacem
926 2303 1004 2382 Imp.
1022 2312 1127 2363 natum
1142 2303 1237 2364 Iulius
1252 2304 1399 2384 Capitoli-

262 2423 318 2463 nus
340 2424 365 2466 c.
383 2417 395 2466 Ι
411 2404 573 2483 perhibere
589 2404 737 2464 creditur:
758 2404 810 2464 ubi
825 2408 891 2464 uilla
905 2410 1002 2465 matris
1017 2406 1108 2466 estin
1124 2405 1266 2466 Palatino
1282 2406 1397 2467 codice.

346 2507 462 2567 Versus
482 2506 574 2567 r-e
596 2507 626 2566 in
653 2526 744 2586 quem
769 2506 914 2566 ambitum
941 2508 1141 2587 pinguissima
1166 2508 1399 2588 interpolatione

264 2610 431 2682 creverint,
448 2610 523 2680 satis
539 2624 633 2690 supra
650 2608 837 2688 disputatum
852 2618 899 2669 est
913 2608 996 2689 adp.
1013 2619 1062 2684 28,
1080 2618 1176 2675 4-7.
1275 2649 1282 2663 ·

348 2712 448 2772 Versu
463 2712 503 2773 10
523 2710 681 2771 afr-anti
699 2712 854 2773 senarium
873 2710 1034 2773 multitudo
1052 2711 1196 2775 librorum
1218 2712 1310 2773 talem
1330 2734 1400 2793 pro-

263 2812 353 2873 didit:
374 2817 566 2873 Terentianae
577 2818 689 2872 similem
701 2817 795 2873 diceas
805 2819 968 2889 quempiam.
991 2815 1027 2873 ln
1037 2814 1084 2874 his
1096 2822 1198 2875 tamen
1208 2812 1280 2873 mihi
1291 2819 1399 2874 necdi-

261 2934 342 2989 cem,
356 2936 414 2976 nec
429 2914 511 2997 quod
527 2936 582 2994 pro
598 2935 634 2975 eo
650 2917 712 2976 iam
726 2924 847 2976 veteres
863 2914 996 2976 editores
1012 2915 1232 2977 substituerunt
1249 2920 1336 2989 dices,
1351 2926 1401 2977 sat

264 3018 419 3078 commode
433 3037 525 3097 posse
543 3017 681 3095 expediri
695 3019 793 3077 visum
809 3025 863 3079 est
900 3018 941 3077 Et
957 3026 1073 3077 tanturn
1094 3017 1217 3098 quidem
1236 3017 1399 3079 dubitatio-

262 3140 333 3181 nem
346 3121 399 3181 vix
414 3119 522 3196 habet,
547 3121 620 3199 quin
638 3120 670 3180 in
687 3118 795 3181 eodem
809 3120 935 3200 prologo
950 3118 1075 3180 fabulae
1090 3128 1123 3180 et
1138 3120 1183 3190 illi
1197 3121 1300 3181 versui
1314 3121 1399 3181 locus

262 3221 357 3283 fuerit
371 3230 401 3281 et
414 3222 461 3282 his
477 3221 744 3302 quos-Macrobius
760 3222 896 3282 servavit
910 3222 1032 3284 Satura.
1049 3222 1109 3294 VI,
1131 3233 1159 3295 1,
1175 3231 1192 3285 t
1214 3221 1310 3302 (apud
1326 3222 1399 3282 Rib-

261 3325 404 3385 beckium
420 3346 450 3404 p.
468 3324 543 3401 ml:
571 3328 681 3400 fateor,
696 3329 804 3401 sumpsi
818 3344 874 3384 aea
889 3327 925 3382 ab
938 3328 982 3382 illo
997 3326 1090 3396 modo,
1108 3326 1166 3384 Sed
1177 3335 1209 3383 ut
1220 3330 1334 3401 quisque
1347 3328 1399 3382 lra-

262 3431 318 3487 buit
330 3433 489 3487 conueniret
498 3430 573 3502 qreod
585 3429 663 3493 milri,
688 3428 766 3496 Quod
780 3445 822 3485 me
833 3445 888 3486 moa
903 3443 986 3501 pesae
999 3430 1094 3485 melias
1102 3428 1203 3502 facere
1218 3430 1324 3487 credidi
1328 3473 1334 3496 ,
1351 3430 1401 3485 Et·

261 3536 317 3589 iam
331 3550 350 3587 a
360 3532 466 3588 latmo.
489 3529 526 3588 In
542 3528 669 3607 prologo
685 3538 795 3601 autern,
811 3548 870 3608 quo
888 3528 947 3607 ipsi
965 3527 1185 3607 compellantur
1200 3537 1399 3607 spectatores,

262 3651 406 3712 quorsum
420 3631 572 3711 pertinere
592 3630 727 3709 potuisse
745 3650 902 3691 numerum
917 3628 1004 3690 verbi
1018 3631 1202 3708 singularem
1219 3635 1292 3690 dieas
1312 3639 1400 3709 puta·

144 3769 147 3775 ·
261 3732 332 3793 bis?
370 3732 461 3812 Quod
483 3732 667 3810 intellegens
681 3732 812 3795 Rothius
839 3751 906 3793 eum
927 3733 960 3792 in
979 3734 1096 3812 primae
1116 3751 1265 3811 personae
1286 3732 1400 3793 formas

261 3837 367 3911 ‘fateor'
384 3837 513 3911 ‘sampsi'
532 3826 659 3894 ‘credidi’
682 3837 806 3913 egregie
825 3835 975 3915 quadrare
992 3838 1085 3894 diceas
1100 3833 1294 3914 participium
1308 3834 1399 3895 ratio-

263 3940 380 3998 cinatur
400 3959 430 4017 p.
449 3947 515 4011 185,
535 3959 597 3998 non
613 3941 710 4016 magis
724 3937 899 4015 persuadet.
939 3938 1007 3998 Nec
1027 3938 1107 3997 enim
1127 3938 1170 3995 ita
1187 3939 1282 3996 dicam
1298 3936 1399 4017 potius

263 4050 473 4122 exspectatur,
495 4040 577 4120 quod
597 4060 703 4120 parum
725 4038 888 4100 facundiae
908 4039 1079 4101 habiturum
1096 4040 1151 4112 sit,
1173 4057 1262 4118 quam
1285 4037 1399 4097 ‘existi-

261 4144 358 4204 mans'
373 4142 575 4220 ‘intellegens’
592 4144 748 4205 ‘sentiens’
763 4143 814 4202 vel
832 4140 947 4223 aliquid
963 4141 1076 4201 simile:
1099 4161 1172 4214 nee,
1188 4140 1266 4201 illud
1280 4141 1307 4201 si
1323 4140 1399 4199 tole-

261 4266 371 4320 remus,
388 4245 451 4304 ullo
466 4242 555 4304 modo
573 4246 755 4325 perspicitur
769 4265 829 4324 quo
843 4243 967 4303 tandem
982 4241 1179 4303 construendi
1193 4240 1316 4302 vinculo
1332 4261 1400 4302 cum

171 4426 180 4432 ·
243 4350 378 4426 ¹primae
399 4365 547 4426 personae
564 4346 667 4407 verbis
685 4348 747 4406 illis
770 4348 851 4407 coire
871 4346 960 4406 huius
982 4346 1014 4405 in
1034 4365 1094 4425 qao
1116 4364 1273 4405 versamur
1293 4364 1400 4407 versus

262 4449 415 4509 sententia
434 4448 576 4530 potuerit.
614 4449 723 4531 Itaque
740 4449 884 4529 quoniam
905 4448 1129 4509 enuntiatorum
1144 4447 1214 4509 talis
1230 4447 1399 4507 conforma·
