3186 4996
259 376 315 419 xvl
753 384 909 427 sonsum

257 526 426 592 vulgabatur
443 528 489 577 bic
506 529 616 580 titulus:
655 531 702 581 ‘de
725 533 782 581 situ
805 535 925 584 moribus
949 540 977 584 et
998 536 1107 602 populis
1135 537 1314 590 Germaniae'
1338 541 1401 592 inde

259 610 295 660 ab
313 611 435 663 editione
452 612 592 664 Vindelici
611 614 750 681 Spirensis
768 618 828 668 sine
846 617 904 667 ulla
922 621 1098 671 auctoritate.

325 712 388 776 415,
408 713 425 765 6
442 719 554 780 praeter
571 731 654 767 unum
672 717 740 767 illud
757 715 794 783 et]
814 719 919 770 relicua
937 720 1038 773 nullius
1057 723 1186 773 momenti
1205 729 1275 773 sunt.

325 814 388 879 415,
411 814 442 864 14
459 818 556 867 mirum
574 818 603 867 iu
620 819 742 879 modurn,
763 819 842 883 quasi
860 821 1007 872 modestior
1025 823 1151 874 meritam
1163 824 1274 875 laudem
1293 826 1399 877 esitare

257 897 420 962 studuisset,
440 904 557 967 scriptor
573 902 637 952 Vat.
658 900 724 952 1862
743 904 771 952 in
790 903 843 953 fine
865 904 937 955 haec
956 906 1110 957 contendit:
1151 909 1209 974 Epo
1227 915 1322 959 tontum
1338 926 1399 975 rep·

252 985 314 1051 peri
331 990 357 1034 et
372 986 537 1037 meliusculam
552 987 614 1053 feci.
655 988 783 1037 nimirum
801 987 853 1038 hoc
871 991 980 1040 nomine
999 991 1065 1041 libri
1082 990 1133 1041 illu
1152 998 1245 1044 aetate
1270 996 1398 1060 emptori·

256 1066 307 1118 bus
326 1071 595 1121 commendabantur.
631 1070 775 1122 librarium
805 1073 877 1122 enim
900 1073 977 1123 illum
994 1075 1064 1125 nibil
1082 1081 1203 1128 mutasse
1227 1078 1275 1128 sed
1294 1094 1400 1129 summe

255 1150 309 1202 lide
328 1155 493 1220 exemplaris
512 1154 592 1206 fidem
611 1161 734 1206 secutum
747 1172 827 1219 esee,
848 1160 1047 1224 conparatione
1066 1177 1126 1210 curn
1139 1152 1252 1212 relicuis
1264 1163 1294 1212 iu
1310 1164 1399 1214 tribus

254 1237 312 1286 illis
329 1239 440 1305 scriptis
458 1240 594 1290 docemur.

322 1339 385 1402 417,
405 1341 421 1388 4
445 1355 462 1390 a
485 1340 547 1391 tine.
572 1341 745 1393 emblematis
771 1344 892 1409 antiquis
916 1345 987 1395 adde
1011 1363 1037 1411 p.
1059 1344 1120 1410 118,
1143 1347 1153 1397 l
1181 1350 1207 1398 ia
1225 1353 1342 1401 auctiores
1360 1350 1397 1400 cf.

255 1422 318 1474 add.
338 1423 374 1473 ed
390 1423 416 1474 h.
436 1423 454 1475 l.

320 1524 385 1589 426,
404 1531 459 1578 not.
478 1528 552 1578 idem
564 1527 711 1580 Suetonius
724 1530 758 1592 Q.
771 1530 934 1581 Ciceronem
951 1531 1116 1597 simpliciter
1128 1532 1290 1586 Ciceronem
1308 1552 1335 1601 p.
1354 1535 1396 1600 39,

253 1608 267 1659 l
287 1608 397 1675 (fragm.
410 1608 474 1676 20²²)
493 1612 570 1663 dicit
599 1628 651 1664 nec
669 1615 694 1663 si
712 1616 824 1666 Marcus
842 1621 929 1679 esset,
949 1615 993 1665 hic
1013 1617 1064 1679 qui*
1076 1616 1145 1666 nihil
1164 1617 1275 1671 laudum
1287 1635 1397 1672 suarum

252 1710 376 1760 premere
394 1701 506 1763 poterat
523 1698 654 1748 carminis
671 1699 831 1750 memoriam
850 1700 879 1749 in
897 1700 1007 1765 scriptis
1025 1703 1267 1766 praetermisisset.

288 1856 291 1863 ¹
319 1797 381 1861 432,
405 1798 458 1848 8a
475 1798 537 1852 fine.
579 1799 657 1849 Libri
675 1800 771 1851 titulus
789 1817 841 1867 quo
859 1801 939 1852 modo
959 1802 994 1852 ab
1018 1803 1078 1867 ipso
1097 1802 1229 1854 Suetonio
1252 1804 1341 1855 clatus
1359 1805 1396 1855 sit

252 1898 385 1951 nusquam
403 1882 529 1934 traditur.
565 1883 634 1934 lieet
652 1889 744 1935 tamen
763 1902 823 1936 eum
842 1902 896 1937 nou
914 1887 1023 1936 incerte
1042 1888 1201 1937 coniectura
1219 1904 1393 1955 recuperare.

251 1985 306 2019 non
324 1969 397 2019 enim
415 1970 502 2019 fuisse
520 1974 585 2034 puto
604 1985 679 2033 eum,
699 1986 779 2036 quem
792 1972 851 2036 ipse
870 1971 980 2036 paginis
993 1972 1122 2037 inscripsi
1142 1971 1189 2022 ‘de
1209 1988 1281 2023 anno
1294 1974 1393 2025 Roma-

251 2057 359 2103 norum'
377 2059 489 2104 secutus
508 2053 688 2104 Censorinum
706 2055 738 2104 de
758 2055 802 2104 die
821 2055 909 2104 natali
926 2048 1022 2119 20‚'2:
1062 2058 1098 2106 ad
1113 2058 1281 2108 Romanorum
1303 2075 1394 2109 namon

250 2139 418 2190 transibimus.
448 2154 547 2205 nempe
566 2139 621 2188 luit
638 2140 710 2188 idem
729 2139 759 2188 ni
776 2138 873 2201 fallor,
894 2155 973 2204 quem
986 2140 1125 2192 Mamilius
1144 2141 1215 2192 Sura
1231 2141 1303 2193 libro
1322 2144 1393 2194 eius·

251 2222 312 2273 dem
331 2225 485 2291 argumenti
504 2223 645 2288 inscripsit
664 2221 710 2272 ‘de
729 2238 801 2274 anuo
818 2223 913 2290 populi
925 2225 1064 2275 Romani'
1095 2224 1223 2290 leguntur
1233 2227 1307 2276 enim
1321 2228 1394 2292 apud

213 2324 220 2337 ·
248 2306 387 2359 Velleium
405 2311 416 2358 l
434 2308 451 2358 6
467 2308 551 2358 baec:
581 2309 702 2359 Aemilius
719 2307 789 2358 Sura
806 2311 838 2359 de
856 2312 929 2359 annu
945 2311 1035 2374 populi
1050 2310 1170 2360 Romani:
1199 2311 1305 2376 Assyrii
1320 2313 1394 2376 prin-

249 2397 319 2459 cipes
331 2401 435 2445 omniura
451 2397 560 2459 pontium
572 2409 656 2443 rerum
672 2396 749 2457 potiti
758 2400 828 2453 sunt,
848 2395 939 2444 deinde
958 2395 1041 2456 Medi,
1059 2400 1152 2459 pastea
1169 2396 1280 2455 Persae,
1300 2398 1393 2447 deinde

250 2479 415 2531 Macedones.
451 2480 545 2527 exinde
569 2477 664 2527 azoara
686 2478 788 2542 rapidus
805 2478 924 2543 Philippo
947 2485 972 2528 et
991 2479 1117 2529 Antiocho
1141 2480 1186 2545 qui
1206 2496 1223 2529 a
1241 2480 1391 2532 Macedoui-

249 2562 294 2615 bus
315 2565 419 2614 oriundi
434 2569 508 2612 erant
525 2563 593 2611 Ιιαιιιί
609 2566 684 2612 madeo
698 2569 759 2627 post
779 2563 955 2627 Carthaginem
971 2563 1100 2613 subactam
1118 2565 1222 2613 decidis
1239 2581 1333 2616 summa
1349 2567 1392 2616 ias-

245 2651 317 2715 pcrii
332 2651 368 2699 ad
381 2651 501 2712 populum
518 2647 654 2696 llonraaum
670 2648 795 2710 peruenit.
823 2650 891 2696 inter
908 2648 955 2697 lroc
972 2653 1068 2711 tempas
1086 2654 1111 2697 ct
1129 2650 1225 2698 initiam
1241 2654 1311 2714 repta
1329 2651 1394 2700 illini

248 2734 421 2798 Assyriorum,
441 2732 484 2797 qra'
498 2732 620 2795 princeps
637 2747 721 2779 aarum
735 2732 841 2795 potitus,
859 2733 985 2788 inter-sant
1002 2735 1065 2781 anai
1075 2732 1300 2785 MDCCCCXCV.
1319 2734 1392 2786 haec

248 2831 303 2868 nou
320 2817 410 2867 Vellei
421 2832 481 2867 esse
495 2815 543 2865 scd
563 2831 577 2865 e
590 2814 714 2879 margine
733 2816 762 2864 in
773 2814 849 2865 illum
863 2816 1011 2881 inrepsisse
1030 2817 1085 2866 iam
1098 2818 1203 2882 pridem
1216 2817 1390 2869 intellectum

248 2909 298 2954 est.
316 2916 380 2953 narn
398 2901 562 2951 utbreviter
575 2904 737 2965 argumenta
749 2900 842 2950 omnia
853 2900 969 2951 subinde
981 2900 1091 2967 prolata
1104 2902 1264 2968 conplectar
1274 2904 1390 2968 primurn

246 2986 370 3038 Velleius
388 2986 475 3038 initio
488 2986 588 3052 capitis
606 2984 640 3034 de
653 2985 767 3050 imperio
781 2986 815 3035 ab
828 2985 949 3050 Assyriis
968 2986 1003 3035 cd
1014 2987 1111 3037 Medos
1128 2986 1264 3037 translato
1283 2993 1389 3053 egerat.

247 3073 438 3138 interpositum
457 3077 549 3122 autem
566 3075 609 3120 est
622 3069 689 3120 illud
699 3070 800 3120 Aemili
815 3069 901 3120 Surae
916 3072 1102 3122 testimonium
1113 3072 1283 3137 ineptissime
1294 3073 1322 3121 in
1335 3071 1388 3124 line

247 3159 347 3225 capitis
360 3157 462 3207 Oarani
475 3156 636 3206 Macedonis
646 3154 716 3204 inter
726 3160 755 3205 et
764 3154 880 3205 Hesiodi
893 3154 988 3206 ‘huius
997 3157 1128 3223 temporis
1138 3156 1275 3221 aequalis'
1288 3173 1388 3208 merno-

246 3243 324 3292 riam.
338 3240 437 3293 deinde
448 3246 582 3306 conputus
591 3240 639 3291 ille
649 3241 758 3290 omnino
767 3255 822 3290 non
832 3242 957 3306 congruit
967 3256 1028 3291 cum
1039 3240 1181 3292 Velleiano
1197 3241 1276 3291 initio
1288 3242 1388 3306 capitis

246 3329 347 3393 posito,
373 3328 433 3378 sive
457 3327 543 3378 verba
564 3327 633 3376 inter
655 3326 702 3376 lroc
723 3330 820 3390 tempas
842 3326 1028 3391 interpretare
1055 3325 1089 3374 de
1107 3330 1229 3390 tempore
1248 3339 1301 3389 quo
1320 3326 1387 3377 Car·

244 3412 330 3478 thago
347 3412 466 3462 subacta
483 3415 527 3462 est
544 3411 602 3461 sire
615 3410 791 3461 Velleianam
809 3415 931 3460 aetatem
951 3413 991 3461 eis
1010 3410 1128 3462 iudicari
1145 3414 1237 3474 putas.
1267 3409 1387 3476 denique

244 3497 367 3549 Velleius
390 3483 524 3562 nusquam
549 3495 618 3546 alibi
641 3501 768 3546 unctores
791 3496 869 3546 citat.
906 3511 960 3545 non
983 3495 1125 3545 reicienda
1145 3499 1240 3544 tumen
1263 3494 1292 3544 iu
1315 3511 1386 3546 mur·

244 3586 337 3650 ginem
354 3584 404 3634 sed
422 3581 626 3648 transponenda
644 3585 707 3647 post
722 3581 808 3631 verbs
827 3580 948 3630 eiusdem
968 3580 1069 3644 cepitis
1087 3582 1193 3643 imperio
1210 3584 1314 3645 uitaque
1328 3584 1402 3645 pri-¹

243 3672 313 3719 anua
331 3669 441 3719 censuit
458 3668 585 3733 Scaliger
603 3682 701 3717 canon.
720 3667 827 3732 isagog.
846 3682 872 3730 p.
886 3664 937 3715 320
955 3666 1069 3730 egregia
1086 3664 1194 3715 ratione
1212 3667 1385 3730 conputatio·

173 3771 179 3774 ’
244 3768 306 3803 nom
324 3752 424 3803 Aemili
442 3752 528 3803 Surae
551 3752 698 3818 reflrrgens.
741 3756 771 3800 at
794 3749 897 3799 accidit
914 3748 1008 3800 divino
1033 3748 1074 3797 illi
1091 3749 1164 3809 viro,
1192 3752 1223 3797 ut
1246 3754 1274 3798 et
1297 3751 1385 3800 rerba

246 3838 422 3903 Carthaginem
443 3838 572 3888 subactam
594 3838 627 3888 de
651 3835 745 3887 deletu
763 3833 934 3899 Carthagine
957 3833 1099 3898 acciperet
1121 3836 1150 3882 et
1166 3832 1324 3883 incredibili
1343 3849 1384 3884 er·

243 3936 304 3974 roro
315 3922 472 3988 Philippum
492 3928 519 3972 et
531 3921 695 3972 Antiochum
713 3934 794 3986 reges
806 3924 837 3969 ut
854 3918 1078 3985 conputationem
1088 3916 1166 3967 illam
1179 3915 1304 3966 efficeret
1321 3922 1384 3982 post

242 4006 363 4058 deletam
380 4007 577 4073 Carthaginem
595 4006 721 4057 devictos
740 4018 801 4055 csse
819 4008 965 4054 statueret.
993 4016 1047 4053 nee
1065 4005 1240 4052 removentur
1256 4007 1382 4067 transpo-

242 4092 342 4143 sitione
360 4092 483 4143 relicuae
501 4092 676 4142 offensiones.
711 4091 806 4154 itaque
824 4093 912 4138 restat
928 4092 959 4137 ut
977 4102 1037 4137 cum
1060 4085 1198 4163 plerisque
1216 4084 1307 4135 Vellei
1326 4086 1382 4137 edi·

241 4177 346 4229 toribus
368 4178 456 4229 rerba
479 4176 528 4226 illa
551 4192 567 4226 a
590 4175 672 4226 docto
695 4175 804 4225 homine
833 4173 975 4239 adscripta
996 4187 1057 4223 esse
1081 4178 1206 4236 putemus
1228 4168 1382 4221 Velleianis

242 4268 355 4329 propter
372 4262 527 4328 argumenti
545 4259 762 4311 similitudinem.
798 4252 854 4308 iarn
871 4258 958 4308 rerba
977 4256 1064 4307 ‘inter
1081 4257 1134 4307 hoc
1151 4257 1286 4321 tempus‘‚
1311 4268 1382 4318 quae

241 4349 364 4399 refutata
381 4346 516 4412 Scaligeri
533 4345 772 4410 argumentatione
794 4343 895 4392 referri
917 4357 971 4403 non
992 4346 1107 4407 possunt
1129 4341 1164 4392 ad
1186 4338 1296 4390 deletae
1314 4337 1381 4388 Cur·

241 4433 364 4498 thaginie
382 4435 513 4494 aetatem,
531 4431 556 4481 si
572 4428 746 4481 Velleianum
763 4433 911 4493 conpotum
923 4427 1100 4493 amputabis,
1116 4424 1279 4475 indicabunt
1290 4421 1381 4471 Aornis

233 4506 258 4540 x
