<?xml version="1.0" encoding="UTF-8"?>
<!DOCTYPE html PUBLIC "-//W3C//DTD XHTML 1.0 Transitional//EN"
    "http://www.w3.org/TR/xhtml1/DTD/xhtml1-transitional.dtd">
<html xmlns="http://www.w3.org/1999/xhtml" xml:lang="en" lang="en">
 <head>
  <title>
</title>
<meta http-equiv="Content-Type" content="text/html;charset=utf-8" />
  <meta name='ocr-system' content='tesseract 3.04.00' />
  <meta name='ocr-capabilities' content='ocr_page ocr_carea ocr_par ocr_line ocrx_word'/>
</head>
<body>
  <div class='ocr_page' id='page_1' title='image "./csuetonitranqui01ritsgoog_0521.png"; bbox 0 0 3194 5004; ppageno 0'>
   <div class='ocr_carea' id='block_1_1' title="bbox 214 376 987 444">
    <p class='ocr_par' dir='ltr' id='par_1_1' title="bbox 214 376 987 444">
     <span class='ocr_line' id='line_1_1' title="bbox 214 376 987 444; baseline 0.001 -7"><span class='ocrx_word' id='word_1_1' title='bbox 214 390 217 398; x_wconf 83' lang='grc'><strong>’</strong></span> <span class='ocrx_word' id='word_1_2' title='bbox 253 376 314 438; x_wconf 86' lang='grc'><strong>490</strong></span> <span class='ocrx_word' id='word_1_3' title='bbox 677 397 709 438; x_wconf 83' lang='lat' dir='ltr'><strong>ru</strong></span> <span class='ocrx_word' id='word_1_4' title='bbox 723 395 987 444; x_wconf 77' lang='lat' dir='ltr'><strong>vrrauuunaumr</strong></span> 
     </span>
    </p>
   </div>
   <div class='ocr_carea' id='block_1_2' title="bbox 251 531 1417 841">
    <p class='ocr_par' dir='ltr' id='par_1_2' title="bbox 251 531 1417 841">
     <span class='ocr_line' id='line_1_2' title="bbox 251 531 1392 625; baseline 0.001 -17"><span class='ocrx_word' id='word_1_5' title='bbox 251 550 332 608; x_wconf 89' lang='lat' dir='ltr'><strong>tales</strong></span> <span class='ocrx_word' id='word_1_6' title='bbox 347 549 487 608; x_wconf 78' lang='lat' dir='ltr'>exhibet:</span> <span class='ocrx_word' id='word_1_7' title='bbox 510 531 577 608; x_wconf 80' lang='lat' dir='ltr'><strong>dam</strong></span> <span class='ocrx_word' id='word_1_8' title='bbox 596 553 745 608; x_wconf 62' lang='lat' dir='ltr'><strong>tasnatum</strong></span> <span class='ocrx_word' id='word_1_9' title='bbox 767 552 901 608; x_wconf 79' lang='lat' dir='ltr'><strong><em>nobilium</em></strong></span> <span class='ocrx_word' id='word_1_10' title='bbox 915 558 942 606; x_wconf 89' lang='lat' dir='ltr'><strong>at</strong></span> <span class='ocrx_word' id='word_1_11' title='bbox 960 553 1061 608; x_wconf 82' lang='lat' dir='ltr'><strong>tondes</strong></span> <span class='ocrx_word' id='word_1_12' title='bbox 1078 552 1200 625; x_wconf 79' lang='lat' dir='ltr'><strong>sacerna</strong></span> <span class='ocrx_word' id='word_1_13' title='bbox 1213 555 1297 624; x_wconf 85' lang='lat' dir='ltr'><strong>petit.</strong></span> <span class='ocrx_word' id='word_1_14' title='bbox 1324 555 1392 610; x_wconf 83' lang='lat' dir='ltr'><strong>dum</strong></span> 
     </span>
     <span class='ocr_line' id='line_1_3' title="bbox 252 654 1391 727; baseline 0.003 -18"><span class='ocrx_word' id='word_1_15' title='bbox 252 654 382 726; x_wconf 81' lang='lat' dir='ltr'><strong>africani</strong></span> <span class='ocrx_word' id='word_1_16' title='bbox 396 670 492 710; x_wconf 85' lang='lat' dir='ltr'><strong>uocem</strong></span> <span class='ocrx_word' id='word_1_17' title='bbox 517 657 584 710; x_wconf 80' lang='lat' dir='ltr'><strong>dum</strong></span> <span class='ocrx_word' id='word_1_18' title='bbox 603 661 631 710; x_wconf 86' lang='lat' dir='ltr'><strong>et</strong></span> <span class='ocrx_word' id='word_1_19' title='bbox 650 654 767 710; x_wconf 83' lang='lat' dir='ltr'><strong>inbutus</strong></span> <span class='ocrx_word' id='word_1_20' title='bbox 787 661 815 710; x_wconf 89' lang='lat' dir='ltr'><strong>at</strong></span> <span class='ocrx_word' id='word_1_21' title='bbox 835 656 928 711; x_wconf 80' lang='lat' dir='ltr'><strong>onidis</strong></span> <span class='ocrx_word' id='word_1_22' title='bbox 948 656 1083 721; x_wconf 72' lang='lat' dir='ltr'><strong>eamme,</strong></span> <span class='ocrx_word' id='word_1_23' title='bbox 1105 658 1172 712; x_wconf 84' lang='lat' dir='ltr'><strong>dum</strong></span> <span class='ocrx_word' id='word_1_24' title='bbox 1194 657 1233 712; x_wconf 82' lang='lat' dir='ltr'><strong>nd</strong></span> <span class='ocrx_word' id='word_1_25' title='bbox 1251 656 1339 727; x_wconf 72' lang='lat' dir='ltr'><strong>finem</strong></span> <span class='ocrx_word' id='word_1_26' title='bbox 1360 671 1391 712; x_wconf 81' lang='lat' dir='ltr'><strong>se</strong></span> 
     </span>
     <span class='ocr_line' id='line_1_4' title="bbox 251 754 1417 841; baseline 0.002 -28"><span class='ocrx_word' id='word_1_27' title='bbox 251 764 369 813; x_wconf 76' lang='lat' dir='ltr'><strong>uenture</strong></span> <span class='ocrx_word' id='word_1_28' title='bbox 383 763 410 813; x_wconf 87' lang='lat' dir='ltr'><strong>et</strong></span> <span class='ocrx_word' id='word_1_29' title='bbox 424 758 518 813; x_wconf 73' lang='lat' dir='ltr'><strong>lebam</strong></span> <span class='ocrx_word' id='word_1_30' title='bbox 530 756 685 829; x_wconf 79' lang='lat' dir='ltr'><strong>pulchrum</strong></span> <span class='ocrx_word' id='word_1_31' title='bbox 697 762 790 828; x_wconf 87' lang='lat' dir='ltr'><strong>putat.</strong></span> <span class='ocrx_word' id='word_1_32' title='bbox 824 754 883 814; x_wconf 93' lang='lat' dir='ltr'><strong>Vbi</strong></span> <span class='ocrx_word' id='word_1_33' title='bbox 903 775 1046 815; x_wconf 88' lang='lat' dir='ltr'><strong>numeros</strong></span> <span class='ocrx_word' id='word_1_34' title='bbox 1062 754 1252 816; x_wconf 78' lang='lat' dir='ltr'><strong>duriusculos</strong></span> <span class='ocrx_word' id='word_1_35' title='bbox 1271 758 1392 831; x_wconf 78' lang='lat' dir='ltr'><strong>fucosae</strong></span> <span class='ocrx_word' id='word_1_36' title='bbox 1412 826 1417 841; x_wconf 24' lang='lat' dir='ltr'>x</span> 
     </span>
    </p>
   </div>
   <div class='ocr_carea' id='block_1_3' title="bbox 73 855 1389 938">
    <p class='ocr_par' dir='ltr' id='par_1_3' title="bbox 73 855 1389 938">
     <span class='ocr_line' id='line_1_5' title="bbox 73 855 1389 938; baseline 0.002 -24"><span class='ocrx_word' id='word_1_37' title='bbox 73 880 76 887; x_wconf 96' lang='lat'>·</span> <span class='ocrx_word' id='word_1_38' title='bbox 152 916 167 935; x_wconf 53' lang='grc' dir='ltr'><strong><em>Η</em></strong></span> <span class='ocrx_word' id='word_1_39' title='bbox 252 860 353 915; x_wconf 83' lang='lat' dir='ltr'><strong>tondes</strong></span> <span class='ocrx_word' id='word_1_40' title='bbox 366 861 451 930; x_wconf 84' lang='lat' dir='ltr'><strong>petit,</strong></span> <span class='ocrx_word' id='word_1_41' title='bbox 474 877 551 936; x_wconf 90' lang='lat' dir='ltr'><strong>quos</strong></span> <span class='ocrx_word' id='word_1_42' title='bbox 566 855 670 916; x_wconf 88' lang='lat' dir='ltr'><strong>subtili</strong></span> <span class='ocrx_word' id='word_1_43' title='bbox 686 857 802 916; x_wconf 89' lang='lat' dir='ltr'><strong>aurium</strong></span> <span class='ocrx_word' id='word_1_44' title='bbox 817 855 929 915; x_wconf 88' lang='lat' dir='ltr'><strong>iudicio</strong></span> <span class='ocrx_word' id='word_1_45' title='bbox 944 858 982 916; x_wconf 85' lang='lat' dir='ltr'><strong>F.</strong></span> <span class='ocrx_word' id='word_1_46' title='bbox 997 857 1037 917; x_wconf 84' lang='lat' dir='ltr'><strong>A.</strong></span> <span class='ocrx_word' id='word_1_47' title='bbox 1052 857 1182 917; x_wconf 90' lang='lat' dir='ltr'><strong>Wolfius</strong></span> <span class='ocrx_word' id='word_1_48' title='bbox 1198 857 1389 938; x_wconf 75' lang='lat' dir='ltr'><strong>repudiabat,</strong></span> 
     </span>
    </p>
   </div>
   <div class='ocr_carea' id='block_1_4' title="bbox 188 958 1393 2361">
    <p class='ocr_par' dir='ltr' id='par_1_4' title="bbox 252 958 1391 1241">
     <span class='ocr_line' id='line_1_6' title="bbox 253 958 1391 1039; baseline 0 -21"><span class='ocrx_word' id='word_1_49' title='bbox 253 959 346 1018; x_wconf 85' lang='lat' dir='ltr'><strong>ceteri</strong></span> <span class='ocrx_word' id='word_1_50' title='bbox 362 958 431 1018; x_wconf 87' lang='lat' dir='ltr'><strong>libri</strong></span> <span class='ocrx_word' id='word_1_51' title='bbox 447 978 552 1018; x_wconf 90' lang='lat' dir='ltr'><strong>omnes</strong></span> <span class='ocrx_word' id='word_1_52' title='bbox 573 967 697 1018; x_wconf 86' lang='lat' dir='ltr'><strong>tuentur</strong></span> <span class='ocrx_word' id='word_1_53' title='bbox 718 977 782 1017; x_wconf 89' lang='lat' dir='ltr'><strong>uon</strong></span> <span class='ocrx_word' id='word_1_54' title='bbox 803 959 901 1017; x_wconf 86' lang='lat' dir='ltr'><strong>miuus</strong></span> <span class='ocrx_word' id='word_1_55' title='bbox 923 959 1037 1019; x_wconf 87' lang='lat' dir='ltr'><strong>vitiose</strong></span> <span class='ocrx_word' id='word_1_56' title='bbox 1057 979 1148 1039; x_wconf 89' lang='lat' dir='ltr'><strong>quam</strong></span> <span class='ocrx_word' id='word_1_57' title='bbox 1173 960 1206 1017; x_wconf 92' lang='lat' dir='ltr'><strong>in</strong></span> <span class='ocrx_word' id='word_1_58' title='bbox 1227 962 1289 1019; x_wconf 86' lang='lat' dir='ltr'><strong>tine</strong></span> <span class='ocrx_word' id='word_1_59' title='bbox 1308 960 1391 1019; x_wconf 88' lang='lat' dir='ltr'><strong>tertii</strong></span> 
     </span>
     <span class='ocr_line' id='line_1_7' title="bbox 252 1059 1390 1140; baseline 0.002 -22"><span class='ocrx_word' id='word_1_60' title='bbox 252 1082 357 1120; x_wconf 87' lang='lat' dir='ltr'><strong>versus</strong></span> <span class='ocrx_word' id='word_1_61' title='bbox 373 1070 456 1135; x_wconf 86' lang='lat' dir='ltr'><strong>putat</strong></span> <span class='ocrx_word' id='word_1_62' title='bbox 466 1063 638 1134; x_wconf 74' lang='lat' dir='ltr'><strong>patalarum,</strong></span> <span class='ocrx_word' id='word_1_63' title='bbox 665 1080 755 1140; x_wconf 88' lang='lat' dir='ltr'><strong>quem</strong></span> <span class='ocrx_word' id='word_1_64' title='bbox 776 1059 916 1119; x_wconf 88' lang='lat' dir='ltr'><strong>ordinem</strong></span> <span class='ocrx_word' id='word_1_65' title='bbox 930 1059 1093 1121; x_wconf 84' lang='lat' dir='ltr'><strong>verborum</strong></span> <span class='ocrx_word' id='word_1_66' title='bbox 1107 1062 1221 1140; x_wconf 87' lang='lat' dir='ltr'><strong>primns</strong></span> <span class='ocrx_word' id='word_1_67' title='bbox 1235 1061 1390 1121; x_wconf 83' lang='lat' dir='ltr'><strong>Asulanus</strong></span> 
     </span>
     <span class='ocr_line' id='line_1_8' title="bbox 254 1161 788 1241; baseline -0.002 -19"><span class='ocrx_word' id='word_1_68' title='bbox 254 1163 439 1222; x_wconf 87' lang='lat' dir='ltr'><strong>emendabat</strong></span> <span class='ocrx_word' id='word_1_69' title='bbox 454 1165 487 1222; x_wconf 91' lang='lat' dir='ltr'><strong>in</strong></span> <span class='ocrx_word' id='word_1_70' title='bbox 504 1163 644 1241; x_wconf 83' lang='lat' dir='ltr'><strong>exemplo</strong></span> <span class='ocrx_word' id='word_1_71' title='bbox 660 1161 788 1222; x_wconf 88' lang='lat' dir='ltr'><strong>Aldine.</strong></span> 
     </span>
    </p>

    <p class='ocr_par' dir='ltr' id='par_1_5' title="bbox 188 1262 1393 2361">
     <span class='ocr_line' id='line_1_9' title="bbox 338 1262 1390 1344; baseline -0.002 -20"><span class='ocrx_word' id='word_1_72' title='bbox 338 1266 416 1324; x_wconf 89' lang='lat' dir='ltr'><strong>Item</strong></span> <span class='ocrx_word' id='word_1_73' title='bbox 430 1285 521 1325; x_wconf 84' lang='lat' dir='ltr'><strong>versu</strong></span> <span class='ocrx_word' id='word_1_74' title='bbox 536 1266 674 1344; x_wconf 82' lang='lat' dir='ltr'><strong>proximo</strong></span> <span class='ocrx_word' id='word_1_75' title='bbox 691 1264 829 1344; x_wconf 87' lang='lat' dir='ltr'><strong>quamvis</strong></span> <span class='ocrx_word' id='word_1_76' title='bbox 845 1272 1026 1343; x_wconf 86' lang='lat' dir='ltr'><strong>portentosa</strong></span> <span class='ocrx_word' id='word_1_77' title='bbox 1047 1265 1220 1344; x_wconf 81' lang='lat' dir='ltr'><strong>corruptela</strong></span> <span class='ocrx_word' id='word_1_78' title='bbox 1234 1262 1308 1324; x_wconf 70' lang='lat' dir='ltr'><strong>noea</strong></span> <span class='ocrx_word' id='word_1_79' title='bbox 1324 1270 1390 1323; x_wconf 77' lang='lat' dir='ltr'><strong>daem</strong></span> 
     </span>
     <span class='ocr_line' id='line_1_10' title="bbox 253 1364 1392 1446; baseline 0 -21"><span class='ocrx_word' id='word_1_80' title='bbox 253 1376 280 1425; x_wconf 89' lang='lat' dir='ltr'><strong>et</strong></span> <span class='ocrx_word' id='word_1_81' title='bbox 298 1370 413 1426; x_wconf 81' lang='lat' dir='ltr'><strong>inbutus</strong></span> <span class='ocrx_word' id='word_1_82' title='bbox 429 1377 457 1426; x_wconf 89' lang='lat' dir='ltr'><strong>et</strong></span> <span class='ocrx_word' id='word_1_83' title='bbox 471 1369 616 1446; x_wconf 88' lang='lat' dir='ltr'><strong>seriptum</strong></span> <span class='ocrx_word' id='word_1_84' title='bbox 631 1368 670 1425; x_wconf 92' lang='lat' dir='ltr'><strong>sit</strong></span> <span class='ocrx_word' id='word_1_85' title='bbox 685 1387 740 1445; x_wconf 92' lang='lat' dir='ltr'><strong>pro</strong></span> <span class='ocrx_word' id='word_1_86' title='bbox 758 1386 794 1424; x_wconf 89' lang='lat' dir='ltr'><strong>eo</strong></span> <span class='ocrx_word' id='word_1_87' title='bbox 811 1364 895 1446; x_wconf 90' lang='lat' dir='ltr'><strong>quod</strong></span> <span class='ocrx_word' id='word_1_88' title='bbox 917 1367 1010 1424; x_wconf 84' lang='lat' dir='ltr'><strong>ceteri</strong></span> <span class='ocrx_word' id='word_1_89' title='bbox 1032 1375 1194 1425; x_wconf 87' lang='lat' dir='ltr'><strong>servarunt</strong></span> <span class='ocrx_word' id='word_1_90' title='bbox 1209 1384 1278 1425; x_wconf 84' lang='lat' dir='ltr'><strong>nuce</strong></span> <span class='ocrx_word' id='word_1_91' title='bbox 1292 1370 1392 1425; x_wconf 65' lang='lat' dir='ltr'><strong>muira</strong></span> 
     </span>
     <span class='ocr_line' id='line_1_11' title="bbox 188 1468 1392 1547; baseline 0.003 -21"><span class='ocrx_word' id='word_1_92' title='bbox 188 1480 190 1485; x_wconf 82' lang='grc'>’</span> <span class='ocrx_word' id='word_1_93' title='bbox 252 1472 359 1536; x_wconf 79' lang='lat' dir='ltr'><em>inhiat,</em></span> <span class='ocrx_word' id='word_1_94' title='bbox 383 1478 485 1528; x_wconf 87' lang='lat' dir='ltr'><strong>tamen</strong></span> <span class='ocrx_word' id='word_1_95' title='bbox 507 1469 559 1527; x_wconf 88' lang='lat' dir='ltr'><strong>val</strong></span> <span class='ocrx_word' id='word_1_96' title='bbox 578 1469 628 1526; x_wconf 89' lang='lat' dir='ltr'><strong>hic</strong></span> <span class='ocrx_word' id='word_1_97' title='bbox 650 1468 813 1545; x_wconf 85' lang='lat' dir='ltr'><strong>vestigium</strong></span> <span class='ocrx_word' id='word_1_98' title='bbox 827 1468 893 1526; x_wconf 84' lang='lat' dir='ltr'><strong>reri</strong></span> <span class='ocrx_word' id='word_1_99' title='bbox 916 1468 950 1525; x_wconf 92' lang='lat' dir='ltr'><strong>in</strong></span> <span class='ocrx_word' id='word_1_100' title='bbox 964 1485 1062 1526; x_wconf 83' lang='lat' dir='ltr'><strong>nocem</strong></span> <span class='ocrx_word' id='word_1_101' title='bbox 1085 1469 1235 1547; x_wconf 88' lang='lat' dir='ltr'><strong>scriptura</strong></span> <span class='ocrx_word' id='word_1_102' title='bbox 1254 1471 1392 1531; x_wconf 89' lang='lat' dir='ltr'><strong>relictum</strong></span> 
     </span>
     <span class='ocr_line' id='line_1_12' title="bbox 254 1553 1391 1651; baseline 0.004 -23"><span class='ocrx_word' id='word_1_103' title='bbox 254 1579 314 1629; x_wconf 88' lang='lat' dir='ltr'><strong>est:</strong></span> <span class='ocrx_word' id='word_1_104' title='bbox 338 1570 463 1650; x_wconf 87' lang='lat' dir='ltr'><strong>quando</strong></span> <span class='ocrx_word' id='word_1_105' title='bbox 478 1553 669 1629; x_wconf 76' lang='lat' dir='ltr'><strong>acbusativos</strong></span> <span class='ocrx_word' id='word_1_106' title='bbox 690 1570 805 1649; x_wconf 82' lang='lat' dir='ltr'><strong>requiri</strong></span> <span class='ocrx_word' id='word_1_107' title='bbox 825 1585 924 1627; x_wconf 83' lang='lat' dir='ltr'><strong>uocem</strong></span> <span class='ocrx_word' id='word_1_108' title='bbox 939 1572 1066 1627; x_wconf 82' lang='lat' dir='ltr'><strong>diuinam</strong></span> <span class='ocrx_word' id='word_1_109' title='bbox 1088 1570 1148 1628; x_wconf 91' lang='lat' dir='ltr'><strong>iam</strong></span> <span class='ocrx_word' id='word_1_110' title='bbox 1162 1572 1299 1631; x_wconf 88' lang='lat' dir='ltr'><strong>Muretus</strong></span> <span class='ocrx_word' id='word_1_111' title='bbox 1322 1592 1391 1651; x_wconf 89' lang='lat' dir='ltr'><strong>per-</strong></span> 
     </span>
     <span class='ocr_line' id='line_1_13' title="bbox 253 1672 1391 1754; baseline 0.004 -24"><span class='ocrx_word' id='word_1_112' title='bbox 253 1673 365 1750; x_wconf 83' lang='lat' dir='ltr'><strong>spexit.</strong></span> <span class='ocrx_word' id='word_1_113' title='bbox 409 1673 459 1732; x_wconf 90' lang='lat' dir='ltr'><strong>Ne</strong></span> <span class='ocrx_word' id='word_1_114' title='bbox 475 1673 541 1752; x_wconf 88' lang='lat' dir='ltr'><strong>quis</strong></span> <span class='ocrx_word' id='word_1_115' title='bbox 565 1673 647 1730; x_wconf 89' lang='lat' dir='ltr'><strong>enim</strong></span> <span class='ocrx_word' id='word_1_116' title='bbox 662 1676 744 1729; x_wconf 82' lang='lat' dir='ltr'><strong>nocet</strong></span> <span class='ocrx_word' id='word_1_117' title='bbox 758 1675 854 1730; x_wconf 75' lang='lat' dir='ltr'><strong>diatim</strong></span> <span class='ocrx_word' id='word_1_118' title='bbox 868 1672 899 1729; x_wconf 91' lang='lat' dir='ltr'><strong>h.</strong></span> <span class='ocrx_word' id='word_1_119' title='bbox 917 1690 943 1729; x_wconf 91' lang='lat' dir='ltr'><strong>e.</strong></span> <span class='ocrx_word' id='word_1_120' title='bbox 959 1676 1025 1730; x_wconf 82' lang='lat' dir='ltr'><strong>naci</strong></span> <span class='ocrx_word' id='word_1_121' title='bbox 1038 1676 1153 1730; x_wconf 80' lang='lat' dir='ltr'><strong>diuinae</strong></span> <span class='ocrx_word' id='word_1_122' title='bbox 1168 1673 1284 1752; x_wconf 90' lang='lat' dir='ltr'><strong>potius,</strong></span> <span class='ocrx_word' id='word_1_123' title='bbox 1308 1674 1391 1754; x_wconf 91' lang='lat' dir='ltr'><strong>quod</strong></span> 
     </span>
     <span class='ocr_line' id='line_1_14' title="bbox 253 1772 1390 1854; baseline 0.003 -22"><span class='ocrx_word' id='word_1_124' title='bbox 253 1772 404 1852; x_wconf 88' lang='lat' dir='ltr'><strong>probabat</strong></span> <span class='ocrx_word' id='word_1_125' title='bbox 417 1775 533 1833; x_wconf 84' lang='lat' dir='ltr'><strong>Daniel</strong></span> <span class='ocrx_word' id='word_1_126' title='bbox 548 1773 710 1846; x_wconf 82' lang='lat' dir='ltr'><strong>Heinsius,</strong></span> <span class='ocrx_word' id='word_1_127' title='bbox 734 1774 917 1833; x_wconf 80' lang='lat' dir='ltr'><strong>delitescere</strong></span> <span class='ocrx_word' id='word_1_128' title='bbox 934 1773 966 1832; x_wconf 91' lang='lat' dir='ltr'><strong>in</strong></span> <span class='ocrx_word' id='word_1_129' title='bbox 982 1772 1055 1832; x_wconf 71' lang='lat' dir='ltr'><strong>uoce</strong></span> <span class='ocrx_word' id='word_1_130' title='bbox 1075 1778 1142 1832; x_wconf 83' lang='lat' dir='ltr'><strong>ctum</strong></span> <span class='ocrx_word' id='word_1_131' title='bbox 1162 1783 1190 1833; x_wconf 89' lang='lat' dir='ltr'><strong>et</strong></span> <span class='ocrx_word' id='word_1_132' title='bbox 1210 1777 1390 1854; x_wconf 88' lang='lat' dir='ltr'><strong>suspicetur,</strong></span> 
     </span>
     <span class='ocr_line' id='line_1_15' title="bbox 252 1863 1391 1956; baseline 0.003 -22"><span class='ocrx_word' id='word_1_133' title='bbox 252 1875 456 1953; x_wconf 87' lang='lat' dir='ltr'><strong>reputandum</strong></span> <span class='ocrx_word' id='word_1_134' title='bbox 472 1886 519 1935; x_wconf 87' lang='lat' dir='ltr'><strong>est</strong></span> <span class='ocrx_word' id='word_1_135' title='bbox 533 1863 753 1954; x_wconf 76' lang='lat' dir='ltr'><strong>posterioribus</strong></span> <span class='ocrx_word' id='word_1_136' title='bbox 770 1875 890 1935; x_wconf 87' lang='lat' dir='ltr'><strong>demum</strong></span> <span class='ocrx_word' id='word_1_137' title='bbox 911 1876 1123 1954; x_wconf 85' lang='lat' dir='ltr'><strong>scriptoribus,</strong></span> <span class='ocrx_word' id='word_1_138' title='bbox 1147 1878 1248 1956; x_wconf 89' lang='lat' dir='ltr'><strong>poetis</strong></span> <span class='ocrx_word' id='word_1_139' title='bbox 1269 1879 1391 1956; x_wconf 88' lang='lat' dir='ltr'><strong>potissi-</strong></span> 
     </span>
     <span class='ocr_line' id='line_1_16' title="bbox 252 1977 1391 2058; baseline 0.003 -23"><span class='ocrx_word' id='word_1_140' title='bbox 252 1998 347 2052; x_wconf 88' lang='lat' dir='ltr'><strong>mum,</strong></span> <span class='ocrx_word' id='word_1_141' title='bbox 376 1977 511 2037; x_wconf 82' lang='lat' dir='ltr'><strong>dativum</strong></span> <span class='ocrx_word' id='word_1_142' title='bbox 533 1979 700 2057; x_wconf 80' lang='lat' dir='ltr'><strong>placuisse,</strong></span> <span class='ocrx_word' id='word_1_143' title='bbox 722 1978 821 2056; x_wconf 90' lang='lat' dir='ltr'><strong>ipsum</strong></span> <span class='ocrx_word' id='word_1_144' title='bbox 843 1979 1048 2037; x_wconf 78' lang='lat' dir='ltr'><strong>accusativum</strong></span> <span class='ocrx_word' id='word_1_145' title='bbox 1070 1979 1128 2038; x_wconf 86' lang='lat' dir='ltr'><strong>hoe</strong></span> <span class='ocrx_word' id='word_1_146' title='bbox 1149 1977 1273 2057; x_wconf 89' lang='lat' dir='ltr'><strong>quidem</strong></span> <span class='ocrx_word' id='word_1_147' title='bbox 1295 1999 1391 2058; x_wconf 87' lang='lat' dir='ltr'><strong>appe·</strong></span> 
     </span>
     <span class='ocr_line' id='line_1_17' title="bbox 252 2078 1393 2159; baseline 0.003 -21"><span class='ocrx_word' id='word_1_148' title='bbox 252 2078 340 2138; x_wconf 90' lang='lat' dir='ltr'><strong>tendi</strong></span> <span class='ocrx_word' id='word_1_149' title='bbox 355 2081 528 2158; x_wconf 84' lang='lat' dir='ltr'><strong>&#39;significatu</strong></span> <span class='ocrx_word' id='word_1_150' title='bbox 543 2080 733 2159; x_wconf 81' lang='lat' dir='ltr'><strong>antiquiores</strong></span> <span class='ocrx_word' id='word_1_151' title='bbox 755 2079 918 2159; x_wconf 84' lang='lat' dir='ltr'><strong>probasse,</strong></span> <span class='ocrx_word' id='word_1_152' title='bbox 940 2080 1026 2139; x_wconf 84' lang='lat' dir='ltr'><strong>velut</strong></span> <span class='ocrx_word' id='word_1_153' title='bbox 1047 2100 1113 2139; x_wconf 89' lang='lat' dir='ltr'><strong>cnm</strong></span> <span class='ocrx_word' id='word_1_154' title='bbox 1136 2083 1322 2140; x_wconf 77' lang='lat' dir='ltr'><strong>hereditatem</strong></span> <span class='ocrx_word' id='word_1_155' title='bbox 1341 2082 1393 2141; x_wconf 89' lang='lat' dir='ltr'><strong>vel</strong></span> 
     </span>
     <span class='ocr_line' id='line_1_18' title="bbox 253 2181 1391 2255; baseline 0.004 -17"><span class='ocrx_word' id='word_1_156' title='bbox 253 2201 357 2239; x_wconf 86' lang='lat' dir='ltr'><strong>aurum</strong></span> <span class='ocrx_word' id='word_1_157' title='bbox 374 2184 428 2242; x_wconf 84' lang='lat' dir='ltr'><strong>rel</strong></span> <span class='ocrx_word' id='word_1_158' title='bbox 439 2186 513 2241; x_wconf 82' lang='lat' dir='ltr'><strong>born</strong></span> <span class='ocrx_word' id='word_1_159' title='bbox 526 2184 639 2240; x_wconf 80' lang='lat' dir='ltr'><strong>inhiare</strong></span> <span class='ocrx_word' id='word_1_160' title='bbox 654 2182 781 2241; x_wconf 86' lang='lat' dir='ltr'><strong>Plautus</strong></span> <span class='ocrx_word' id='word_1_161' title='bbox 798 2181 875 2240; x_wconf 81' lang='lat' dir='ltr'><strong>dixit</strong></span> <span class='ocrx_word' id='word_1_162' title='bbox 896 2181 990 2240; x_wconf 81' lang='lat' dir='ltr'><strong>Stieb.</strong></span> <span class='ocrx_word' id='word_1_163' title='bbox 1009 2189 1070 2243; x_wconf 73' lang='lat' dir='ltr'><strong>toa</strong></span> <span class='ocrx_word' id='word_1_164' title='bbox 1090 2183 1162 2241; x_wconf 81' lang='lat' dir='ltr'><strong>Aul.</strong></span> <span class='ocrx_word' id='word_1_165' title='bbox 1179 2193 1220 2255; x_wconf 89' lang='lat'><strong>11,</strong></span> <span class='ocrx_word' id='word_1_166' title='bbox 1237 2191 1267 2255; x_wconf 81' lang='lat'><strong>2,</strong></span> <span class='ocrx_word' id='word_1_167' title='bbox 1292 2190 1334 2245; x_wconf 81' lang='lat'><strong>17.</strong></span> <span class='ocrx_word' id='word_1_168' title='bbox 1346 2189 1391 2245; x_wconf 84' lang='grc'><strong>89.</strong></span> 
     </span>
     <span class='ocr_line' id='line_1_19' title="bbox 252 2281 1391 2361; baseline 0.005 -20"><span class='ocrx_word' id='word_1_169' title='bbox 252 2284 318 2342; x_wconf 89' lang='lat' dir='ltr'><strong>Mil.</strong></span> <span class='ocrx_word' id='word_1_170' title='bbox 335 2288 396 2346; x_wconf 80' lang='lat'><strong>715.</strong></span> <span class='ocrx_word' id='word_1_171' title='bbox 419 2281 525 2361; x_wconf 80' lang='lat'>(1199.)</span> <span class='ocrx_word' id='word_1_172' title='bbox 558 2285 650 2342; x_wconf 81' lang='lat' dir='ltr'><strong>True.</strong></span> <span class='ocrx_word' id='word_1_173' title='bbox 666 2295 708 2356; x_wconf 88' lang='lat'><strong>11,</strong></span> <span class='ocrx_word' id='word_1_174' title='bbox 725 2293 757 2356; x_wconf 84' lang='lat'><strong>3,</strong></span> <span class='ocrx_word' id='word_1_175' title='bbox 775 2292 823 2355; x_wconf 80' lang='lat' dir='ltr'><strong>ts,</strong></span> <span class='ocrx_word' id='word_1_176' title='bbox 845 2293 964 2341; x_wconf 90' lang='lat' dir='ltr'><strong>mortam</strong></span> <span class='ocrx_word' id='word_1_177' title='bbox 978 2283 1104 2343; x_wconf 88' lang='lat' dir='ltr'><strong>alicuius</strong></span> <span class='ocrx_word' id='word_1_178' title='bbox 1121 2283 1272 2344; x_wconf 78' lang='lat' dir='ltr'><strong>Caecilius</strong></span> <span class='ocrx_word' id='word_1_179' title='bbox 1294 2295 1324 2343; x_wconf 78' lang='lat' dir='ltr'><strong>r.</strong></span> <span class='ocrx_word' id='word_1_180' title='bbox 1343 2292 1391 2348; x_wconf 80' lang='lat' dir='ltr'><strong>nt</strong></span> 
     </span>
    </p>
   </div>
   <div class='ocr_carea' id='block_1_5' title="bbox 159 2384 1391 2459">
    <p class='ocr_par' dir='ltr' id='par_1_6' title="bbox 159 2384 1391 2459">
     <span class='ocr_line' id='line_1_20' title="bbox 159 2384 1391 2459; baseline 0.002 -16"><span class='ocrx_word' id='word_1_181' title='bbox 159 2406 163 2411; x_wconf 92' lang='lat'>·</span> <span class='ocrx_word' id='word_1_182' title='bbox 253 2384 359 2445; x_wconf 88' lang='lat' dir='ltr'><strong>Ribb.:</strong></span> <span class='ocrx_word' id='word_1_183' title='bbox 386 2405 457 2444; x_wconf 89' lang='lat' dir='ltr'><strong>nam</strong></span> <span class='ocrx_word' id='word_1_184' title='bbox 478 2389 612 2444; x_wconf 75' lang='lat' dir='ltr'><strong>uberibus</strong></span> <span class='ocrx_word' id='word_1_185' title='bbox 629 2388 737 2459; x_wconf 83' lang='lat' dir='ltr'><strong>lupinis</strong></span> <span class='ocrx_word' id='word_1_186' title='bbox 752 2387 910 2443; x_wconf 75' lang='lat' dir='ltr'><strong>inhiantem</strong></span> <span class='ocrx_word' id='word_1_187' title='bbox 930 2387 1085 2445; x_wconf 83' lang='lat' dir='ltr'><strong>Romulum</strong></span> <span class='ocrx_word' id='word_1_188' title='bbox 1105 2405 1172 2445; x_wconf 83' lang='lat' dir='ltr'><strong>cunr</strong></span> <span class='ocrx_word' id='word_1_189' title='bbox 1192 2385 1267 2446; x_wconf 86' lang='lat' dir='ltr'><strong>dicit</strong></span> <span class='ocrx_word' id='word_1_190' title='bbox 1282 2386 1391 2447; x_wconf 82' lang='lat' dir='ltr'><strong>Cicero</strong></span> 
     </span>
    </p>
   </div>
   <div class='ocr_carea' id='block_1_6' title="bbox 252 2485 1392 3892">
    <p class='ocr_par' dir='ltr' id='par_1_7' title="bbox 252 2485 1131 2567">
     <span class='ocr_line' id='line_1_21' title="bbox 252 2485 1131 2567; baseline 0.002 -22"><span class='ocrx_word' id='word_1_191' title='bbox 252 2487 285 2545; x_wconf 93' lang='lat' dir='ltr'><strong>in</strong></span> <span class='ocrx_word' id='word_1_192' title='bbox 302 2486 393 2546; x_wconf 68' lang='lat' dir='ltr'><strong>coeit„</strong></span> <span class='ocrx_word' id='word_1_193' title='bbox 410 2499 464 2561; x_wconf 87' lang='lat'><strong>111,</strong></span> <span class='ocrx_word' id='word_1_194' title='bbox 480 2497 571 2562; x_wconf 77' lang='grc'>8,·19,</span> <span class='ocrx_word' id='word_1_195' title='bbox 587 2487 714 2567; x_wconf 87' lang='lat' dir='ltr'><strong>&#39;propria</strong></span> <span class='ocrx_word' id='word_1_196' title='bbox 728 2485 817 2546; x_wconf 84' lang='lat' dir='ltr'><strong>verbi</strong></span> <span class='ocrx_word' id='word_1_197' title='bbox 833 2489 918 2545; x_wconf 89' lang='lat' dir='ltr'><strong>notio</strong></span> <span class='ocrx_word' id='word_1_198' title='bbox 934 2496 1059 2546; x_wconf 83' lang='lat' dir='ltr'><strong>servata</strong></span> <span class='ocrx_word' id='word_1_199' title='bbox 1075 2496 1131 2547; x_wconf 89' lang='lat' dir='ltr'><strong>ost.</strong></span> 
     </span>
    </p>

    <p class='ocr_par' dir='ltr' id='par_1_8' title="bbox 252 2588 1392 3369">
     <span class='ocr_line' id='line_1_22' title="bbox 337 2588 1392 2669; baseline 0 -20"><span class='ocrx_word' id='word_1_200' title='bbox 337 2590 520 2669; x_wconf 88' lang='lat' dir='ltr'><strong>Insequenti</strong></span> <span class='ocrx_word' id='word_1_201' title='bbox 541 2608 720 2649; x_wconf 80' lang='lat' dir='ltr'><strong>versunum</strong></span> <span class='ocrx_word' id='word_1_202' title='bbox 742 2608 758 2647; x_wconf 92' lang='lat' dir='ltr'><strong>e</strong></span> <span class='ocrx_word' id='word_1_203' title='bbox 780 2590 969 2648; x_wconf 76' lang='lat' dir='ltr'><strong>noviciorum</strong></span> <span class='ocrx_word' id='word_1_204' title='bbox 990 2588 1130 2649; x_wconf 87' lang='lat' dir='ltr'><strong>codicum</strong></span> <span class='ocrx_word' id='word_1_205' title='bbox 1156 2590 1302 2649; x_wconf 88' lang='lat' dir='ltr'><strong>memoria</strong></span> <span class='ocrx_word' id='word_1_206' title='bbox 1323 2594 1392 2649; x_wconf 85' lang='lat' dir='ltr'><strong>dum</strong></span> 
     </span>
     <span class='ocr_line' id='line_1_23' title="bbox 252 2689 1390 2769; baseline 0.001 -20"><span class='ocrx_word' id='word_1_207' title='bbox 252 2692 415 2765; x_wconf 73' lang='lat' dir='ltr'><strong>adsertam</strong></span> <span class='ocrx_word' id='word_1_208' title='bbox 431 2710 462 2750; x_wconf 86' lang='lat' dir='ltr'><strong>se</strong></span> <span class='ocrx_word' id='word_1_209' title='bbox 477 2695 622 2750; x_wconf 81' lang='lat' dir='ltr'><strong>coenitare</strong></span> <span class='ocrx_word' id='word_1_210' title='bbox 637 2692 814 2767; x_wconf 82' lang='lat' dir='ltr'><strong>(coenitare,</strong></span> <span class='ocrx_word' id='word_1_211' title='bbox 832 2689 1024 2769; x_wconf 78' lang='lat' dir='ltr'><strong>coemptura),</strong></span> <span class='ocrx_word' id='word_1_212' title='bbox 1047 2711 1208 2751; x_wconf 88' lang='lat' dir='ltr'><strong>mensurae</strong></span> <span class='ocrx_word' id='word_1_213' title='bbox 1229 2701 1261 2751; x_wconf 90' lang='lat' dir='ltr'><strong>ut</strong></span> <span class='ocrx_word' id='word_1_214' title='bbox 1283 2712 1390 2752; x_wconf 86' lang='lat' dir='ltr'><strong>consu·</strong></span> 
     </span>
     <span class='ocr_line' id='line_1_24' title="bbox 253 2780 1390 2873; baseline -0.001 -20"><span class='ocrx_word' id='word_1_215' title='bbox 253 2795 345 2868; x_wconf 88' lang='lat' dir='ltr'><strong>leret,</strong></span> <span class='ocrx_word' id='word_1_216' title='bbox 372 2798 439 2852; x_wconf 84' lang='lat' dir='ltr'><strong>dnm</strong></span> <span class='ocrx_word' id='word_1_217' title='bbox 463 2811 494 2851; x_wconf 87' lang='lat' dir='ltr'><strong>sa</strong></span> <span class='ocrx_word' id='word_1_218' title='bbox 515 2798 554 2852; x_wconf 76' lang='lat' dir='ltr'><strong>act</strong></span> <span class='ocrx_word' id='word_1_219' title='bbox 572 2797 695 2852; x_wconf 81' lang='lat' dir='ltr'><strong>Furium</strong></span> <span class='ocrx_word' id='word_1_220' title='bbox 714 2811 837 2852; x_wconf 85' lang='lat' dir='ltr'><strong>coenare</strong></span> <span class='ocrx_word' id='word_1_221' title='bbox 864 2794 993 2853; x_wconf 88' lang='lat' dir='ltr'><strong>Wolfius</strong></span> <span class='ocrx_word' id='word_1_222' title='bbox 1021 2780 1189 2866; x_wconf 78' lang='lat' dir='ltr'><strong>effecisset,</strong></span> <span class='ocrx_word' id='word_1_223' title='bbox 1219 2802 1250 2852; x_wconf 91' lang='lat' dir='ltr'><strong>et</strong></span> <span class='ocrx_word' id='word_1_224' title='bbox 1277 2793 1390 2873; x_wconf 89' lang='lat' dir='ltr'><strong>proditi</strong></span> 
     </span>
     <span class='ocr_line' id='line_1_25' title="bbox 253 2894 1391 2975; baseline 0.001 -21"><span class='ocrx_word' id='word_1_225' title='bbox 253 2895 416 2974; x_wconf 85' lang='lat' dir='ltr'><strong>verborum</strong></span> <span class='ocrx_word' id='word_1_226' title='bbox 431 2894 547 2954; x_wconf 91' lang='lat' dir='ltr'><strong>ordinis</strong></span> <span class='ocrx_word' id='word_1_227' title='bbox 564 2905 595 2954; x_wconf 88' lang='lat' dir='ltr'><strong>et</strong></span> <span class='ocrx_word' id='word_1_228' title='bbox 610 2896 726 2955; x_wconf 87' lang='lat' dir='ltr'><strong>formae</strong></span> <span class='ocrx_word' id='word_1_229' title='bbox 742 2896 990 2975; x_wconf 82' lang='lat' dir='ltr'><strong>frequentatirae</strong></span> <span class='ocrx_word' id='word_1_230' title='bbox 1013 2895 1163 2955; x_wconf 88' lang='lat' dir='ltr'><strong>tutandae</strong></span> <span class='ocrx_word' id='word_1_231' title='bbox 1178 2895 1260 2954; x_wconf 85' lang='lat' dir='ltr'><strong>viam</strong></span> <span class='ocrx_word' id='word_1_232' title='bbox 1274 2916 1391 2955; x_wconf 86' lang='lat' dir='ltr'><strong>rursum</strong></span> 
     </span>
     <span class='ocr_line' id='line_1_26' title="bbox 254 2995 1391 3081; baseline -0.004 -23"><span class='ocrx_word' id='word_1_233' title='bbox 254 3000 336 3059; x_wconf 91' lang='lat' dir='ltr'><strong>solus</strong></span> <span class='ocrx_word' id='word_1_234' title='bbox 356 2997 514 3057; x_wconf 89' lang='lat' dir='ltr'><strong>Parisinus</strong></span> <span class='ocrx_word' id='word_1_235' title='bbox 540 2998 736 3056; x_wconf 84' lang='lat' dir='ltr'><strong>monstravit:</strong></span> <span class='ocrx_word' id='word_1_236' title='bbox 762 2999 795 3056; x_wconf 91' lang='lat' dir='ltr'><strong>in</strong></span> <span class='ocrx_word' id='word_1_237' title='bbox 823 2999 906 3057; x_wconf 84' lang='lat' dir='ltr'><strong>anius</strong></span> <span class='ocrx_word' id='word_1_238' title='bbox 928 2999 1078 3081; x_wconf 87' lang='lat' dir='ltr'><strong>scriptura</strong></span> <span class='ocrx_word' id='word_1_239' title='bbox 1100 2995 1161 3071; x_wconf 69' lang='lat' dir='ltr'><strong>pirri</strong></span> <span class='ocrx_word' id='word_1_240' title='bbox 1181 3018 1244 3056; x_wconf 89' lang='lat' dir='ltr'><strong>uon</strong></span> <span class='ocrx_word' id='word_1_241' title='bbox 1268 2999 1391 3055; x_wconf 82' lang='lat' dir='ltr'><strong>Furium</strong></span> 
     </span>
     <span class='ocr_line' id='line_1_27' title="bbox 253 3098 1390 3179; baseline -0.002 -19"><span class='ocrx_word' id='word_1_242' title='bbox 253 3102 365 3175; x_wconf 88' lang='lat' dir='ltr'><strong>latere,</strong></span> <span class='ocrx_word' id='word_1_243' title='bbox 393 3099 476 3179; x_wconf 89' lang='lat' dir='ltr'><strong>quod</strong></span> <span class='ocrx_word' id='word_1_244' title='bbox 499 3119 537 3158; x_wconf 82' lang='lat' dir='ltr'><strong>ex</strong></span> <span class='ocrx_word' id='word_1_245' title='bbox 556 3099 704 3158; x_wconf 85' lang='lat' dir='ltr'><strong>inferiora</strong></span> <span class='ocrx_word' id='word_1_246' title='bbox 724 3119 816 3158; x_wconf 83' lang='lat' dir='ltr'><strong>versu</strong></span> <span class='ocrx_word' id='word_1_247' title='bbox 837 3120 867 3179; x_wconf 93' lang='lat' dir='ltr'><strong>p.</strong></span> <span class='ocrx_word' id='word_1_248' title='bbox 889 3108 936 3173; x_wconf 80' lang='lat' dir='ltr'><strong>ss,</strong></span> <span class='ocrx_word' id='word_1_249' title='bbox 958 3110 976 3161; x_wconf 78' lang='lat'>4</span> <span class='ocrx_word' id='word_1_250' title='bbox 995 3099 1053 3158; x_wconf 89' lang='lat' dir='ltr'><strong>huc</strong></span> <span class='ocrx_word' id='word_1_251' title='bbox 1075 3098 1225 3159; x_wconf 80' lang='lat' dir='ltr'><strong>adscibrm</strong></span> <span class='ocrx_word' id='word_1_252' title='bbox 1246 3107 1306 3174; x_wconf 89' lang='lat' dir='ltr'><strong>est,</strong></span> <span class='ocrx_word' id='word_1_253' title='bbox 1333 3098 1390 3158; x_wconf 89' lang='lat' dir='ltr'><strong>sed</strong></span> 
     </span>
     <span class='ocr_line' id='line_1_28' title="bbox 253 3196 1390 3280; baseline 0 -20"><span class='ocrx_word' id='word_1_254' title='bbox 253 3203 348 3280; x_wconf 90' lang='lat' dir='ltr'><strong>ipsius</strong></span> <span class='ocrx_word' id='word_1_255' title='bbox 363 3202 448 3261; x_wconf 88' lang='lat' dir='ltr'><strong>Furii</strong></span> <span class='ocrx_word' id='word_1_256' title='bbox 463 3202 545 3261; x_wconf 89' lang='lat' dir='ltr'><strong>illius</strong></span> <span class='ocrx_word' id='word_1_257' title='bbox 560 3221 731 3279; x_wconf 85' lang='lat' dir='ltr'><strong>cognomen</strong></span> <span class='ocrx_word' id='word_1_258' title='bbox 753 3202 865 3260; x_wconf 77' lang='lat' dir='ltr'><strong>Philum</strong></span> <span class='ocrx_word' id='word_1_259' title='bbox 888 3202 971 3262; x_wconf 85' lang='lat' dir='ltr'><strong>felici</strong></span> <span class='ocrx_word' id='word_1_260' title='bbox 994 3196 1133 3261; x_wconf 87' lang='lat' dir='ltr'><strong>acumine</strong></span> <span class='ocrx_word' id='word_1_261' title='bbox 1148 3202 1278 3261; x_wconf 87' lang='lat' dir='ltr'><strong>Rotbius</strong></span> <span class='ocrx_word' id='word_1_262' title='bbox 1301 3200 1390 3260; x_wconf 89' lang='lat' dir='ltr'><strong>adse-</strong></span> 
     </span>
     <span class='ocr_line' id='line_1_29' title="bbox 253 3312 410 3369; baseline 0 -7"><span class='ocrx_word' id='word_1_263' title='bbox 253 3313 338 3364; x_wconf 89' lang='lat' dir='ltr'><strong>cutus</strong></span> <span class='ocrx_word' id='word_1_264' title='bbox 354 3312 410 3369; x_wconf 79' lang='lat' dir='ltr'><strong>est.</strong></span> 
     </span>
    </p>

    <p class='ocr_par' dir='ltr' id='par_1_9' title="bbox 252 3404 1392 3892">
     <span class='ocr_line' id='line_1_30' title="bbox 338 3404 1391 3485; baseline -0.004 -18"><span class='ocrx_word' id='word_1_265' title='bbox 338 3405 536 3467; x_wconf 80' lang='lat' dir='ltr'><strong>Gravioribus</strong></span> <span class='ocrx_word' id='word_1_266' title='bbox 550 3404 646 3465; x_wconf 88' lang='lat' dir='ltr'><strong>turbis</strong></span> <span class='ocrx_word' id='word_1_267' title='bbox 661 3406 800 3484; x_wconf 83' lang='lat' dir='ltr'><strong>proxima</strong></span> <span class='ocrx_word' id='word_1_268' title='bbox 821 3406 932 3465; x_wconf 87' lang='lat' dir='ltr'><strong>affecta</strong></span> <span class='ocrx_word' id='word_1_269' title='bbox 950 3414 1030 3465; x_wconf 91' lang='lat' dir='ltr'><strong>sunt.</strong></span> <span class='ocrx_word' id='word_1_270' title='bbox 1069 3405 1205 3485; x_wconf 79' lang='lat' dir='ltr'><strong>Quorum</strong></span> <span class='ocrx_word' id='word_1_271' title='bbox 1224 3424 1291 3464; x_wconf 86' lang='lat' dir='ltr'><strong>oum</strong></span> <span class='ocrx_word' id='word_1_272' title='bbox 1310 3404 1391 3464; x_wconf 84' lang='lat' dir='ltr'><strong>haee</strong></span> 
     </span>
     <span class='ocr_line' id='line_1_31' title="bbox 255 3507 1391 3586; baseline -0.001 -19"><span class='ocrx_word' id='word_1_273' title='bbox 255 3516 336 3567; x_wconf 88' lang='lat' dir='ltr'><strong>esset</strong></span> <span class='ocrx_word' id='word_1_274' title='bbox 350 3508 382 3567; x_wconf 90' lang='lat' dir='ltr'><strong>in</strong></span> <span class='ocrx_word' id='word_1_275' title='bbox 398 3507 482 3567; x_wconf 88' lang='lat' dir='ltr'><strong>libris</strong></span> <span class='ocrx_word' id='word_1_276' title='bbox 496 3508 627 3567; x_wconf 69' lang='lat' dir='ltr'><strong>nunciis</strong></span> <span class='ocrx_word' id='word_1_277' title='bbox 643 3508 781 3586; x_wconf 84' lang='lat' dir='ltr'><strong>species:</strong></span> <span class='ocrx_word' id='word_1_278' title='bbox 803 3511 870 3565; x_wconf 83' lang='lat' dir='ltr'><strong>dnm</strong></span> <span class='ocrx_word' id='word_1_279' title='bbox 890 3525 921 3565; x_wconf 86' lang='lat' dir='ltr'><strong>se</strong></span> <span class='ocrx_word' id='word_1_280' title='bbox 941 3514 1038 3566; x_wconf 84' lang='lat' dir='ltr'><strong>umori</strong></span> <span class='ocrx_word' id='word_1_281' title='bbox 1056 3511 1090 3566; x_wconf 85' lang='lat' dir='ltr'><strong>ab</strong></span> <span class='ocrx_word' id='word_1_282' title='bbox 1113 3511 1158 3566; x_wconf 82' lang='lat' dir='ltr'><strong>bis</strong></span> <span class='ocrx_word' id='word_1_283' title='bbox 1179 3511 1271 3565; x_wconf 81' lang='lat' dir='ltr'><strong>eradit</strong></span> <span class='ocrx_word' id='word_1_284' title='bbox 1289 3510 1391 3566; x_wconf 87' lang='lat' dir='ltr'><strong>crabro</strong></span> 
     </span>
     <span class='ocr_line' id='line_1_32' title="bbox 252 3607 1392 3689; baseline 0.001 -22"><span class='ocrx_word' id='word_1_285' title='bbox 252 3614 283 3668; x_wconf 91' lang='lat' dir='ltr'><strong>in</strong></span> <span class='ocrx_word' id='word_1_286' title='bbox 308 3614 441 3668; x_wconf 82' lang='lat' dir='ltr'><strong>ottonum</strong></span> <span class='ocrx_word' id='word_1_287' title='bbox 464 3615 533 3684; x_wconf 82' lang='lat' dir='ltr'><strong>rapi</strong></span> <span class='ocrx_word' id='word_1_288' title='bbox 553 3614 592 3668; x_wconf 84' lang='lat' dir='ltr'><strong>ud</strong></span> <span class='ocrx_word' id='word_1_289' title='bbox 609 3614 710 3684; x_wconf 78' lang='lat' dir='ltr'><strong>florem</strong></span> <span class='ocrx_word' id='word_1_290' title='bbox 734 3615 836 3668; x_wconf 82' lang='lat' dir='ltr'><strong>natatis</strong></span> <span class='ocrx_word' id='word_1_291' title='bbox 859 3628 930 3670; x_wconf 84' lang='lat' dir='ltr'><strong>suae</strong></span> <span class='ocrx_word' id='word_1_292' title='bbox 956 3615 1026 3684; x_wconf 85' lang='lat' dir='ltr'><strong>ipsis</strong></span> <span class='ocrx_word' id='word_1_293' title='bbox 1058 3609 1128 3689; x_wconf 89' lang='lat' dir='ltr'><strong>(vel</strong></span> <span class='ocrx_word' id='word_1_294' title='bbox 1146 3607 1245 3686; x_wconf 84' lang='lat' dir='ltr'><strong>ipsus)</strong></span> <span class='ocrx_word' id='word_1_295' title='bbox 1273 3613 1392 3668; x_wconf 78' lang='lat' dir='ltr'><strong>orrbtotir</strong></span> 
     </span>
     <span class='ocr_line' id='line_1_33' title="bbox 252 3694 1392 3792; baseline -0.001 -22"><span class='ocrx_word' id='word_1_296' title='bbox 252 3716 339 3770; x_wconf 82' lang='lat' dir='ltr'><strong>rebus</strong></span> <span class='ocrx_word' id='word_1_297' title='bbox 360 3694 404 3771; x_wconf 78' lang='lat' dir='ltr'><strong>ud</strong></span> <span class='ocrx_word' id='word_1_298' title='bbox 419 3730 557 3771; x_wconf 81' lang='lat' dir='ltr'><strong>summam</strong></span> <span class='ocrx_word' id='word_1_299' title='bbox 577 3716 702 3786; x_wconf 85' lang='lat' dir='ltr'><strong>inopiam</strong></span> <span class='ocrx_word' id='word_1_300' title='bbox 725 3716 860 3771; x_wconf 84' lang='lat' dir='ltr'><strong>reduetus</strong></span> <span class='ocrx_word' id='word_1_301' title='bbox 881 3722 939 3780; x_wconf 86' lang='lat' dir='ltr'><strong>est,</strong></span> <span class='ocrx_word' id='word_1_302' title='bbox 962 3732 1040 3792; x_wconf 86' lang='lat' dir='ltr'><strong>quae</strong></span> <span class='ocrx_word' id='word_1_303' title='bbox 1064 3712 1159 3771; x_wconf 89' lang='lat' dir='ltr'><strong>verba</strong></span> <span class='ocrx_word' id='word_1_304' title='bbox 1178 3710 1303 3785; x_wconf 81' lang='lat' dir='ltr'><strong>duorum</strong></span> <span class='ocrx_word' id='word_1_305' title='bbox 1323 3708 1392 3770; x_wconf 80' lang='lat' dir='ltr'><strong>v⁰er=</strong></span> 
     </span>
     <span class='ocr_line' id='line_1_34' title="bbox 253 3811 1391 3892; baseline -0.002 -19"><span class='ocrx_word' id='word_1_306' title='bbox 253 3832 339 3874; x_wconf 85' lang='lat' dir='ltr'><strong>suum</strong></span> <span class='ocrx_word' id='word_1_307' title='bbox 354 3815 501 3874; x_wconf 88' lang='lat' dir='ltr'><strong>ambitum</strong></span> <span class='ocrx_word' id='word_1_308' title='bbox 512 3823 676 3892; x_wconf 84' lang='lat' dir='ltr'><strong>superant,</strong></span> <span class='ocrx_word' id='word_1_309' title='bbox 704 3834 768 3873; x_wconf 91' lang='lat' dir='ltr'><strong>non</strong></span> <span class='ocrx_word' id='word_1_310' title='bbox 789 3815 865 3873; x_wconf 89' lang='lat' dir='ltr'><strong>satis</strong></span> <span class='ocrx_word' id='word_1_311' title='bbox 885 3823 957 3873; x_wconf 90' lang='lat' dir='ltr'><strong>sunt</strong></span> <span class='ocrx_word' id='word_1_312' title='bbox 977 3813 1017 3873; x_wconf 89' lang='lat' dir='ltr'><strong>ad</strong></span> <span class='ocrx_word' id='word_1_313' title='bbox 1037 3823 1099 3873; x_wconf 91' lang='lat' dir='ltr'><strong>tres</strong></span> <span class='ocrx_word' id='word_1_314' title='bbox 1115 3811 1333 3891; x_wconf 82' lang='lat' dir='ltr'><strong>complendos,</strong></span> <span class='ocrx_word' id='word_1_315' title='bbox 1361 3820 1391 3871; x_wconf 89' lang='lat' dir='ltr'><strong>et</strong></span> 
     </span>
    </p>
   </div>
   <div class='ocr_carea' id='block_1_7' title="bbox 252 3912 1392 4507">
    <p class='ocr_par' dir='ltr' id='par_1_10' title="bbox 252 3912 1392 4507">
     <span class='ocr_line' id='line_1_35' title="bbox 252 3912 1392 3996; baseline -0.004 -20"><span class='ocrx_word' id='word_1_316' title='bbox 252 3917 365 3977; x_wconf 88' lang='lat' dir='ltr'><strong>Wolfio</strong></span> <span class='ocrx_word' id='word_1_317' title='bbox 382 3927 413 3976; x_wconf 90' lang='lat' dir='ltr'><strong>et</strong></span> <span class='ocrx_word' id='word_1_318' title='bbox 427 3937 527 3995; x_wconf 88' lang='lat' dir='ltr'><strong>nuper</strong></span> <span class='ocrx_word' id='word_1_319' title='bbox 540 3916 654 3976; x_wconf 90' lang='lat' dir='ltr'><strong>Rotbio</strong></span> <span class='ocrx_word' id='word_1_320' title='bbox 670 3926 701 3975; x_wconf 88' lang='lat' dir='ltr'><strong>et</strong></span> <span class='ocrx_word' id='word_1_321' title='bbox 721 3915 810 3975; x_wconf 88' lang='lat' dir='ltr'><strong>nobis</strong></span> <span class='ocrx_word' id='word_1_322' title='bbox 826 3917 900 3975; x_wconf 90' lang='lat' dir='ltr'><strong>olim</strong></span> <span class='ocrx_word' id='word_1_323' title='bbox 920 3917 995 3996; x_wconf 87' lang='lat' dir='ltr'><strong>ipsis</strong></span> <span class='ocrx_word' id='word_1_324' title='bbox 1010 3916 1088 3975; x_wconf 87' lang='lat' dir='ltr'><strong>haec</strong></span> <span class='ocrx_word' id='word_1_325' title='bbox 1102 3916 1154 3973; x_wconf 80' lang='lat' dir='ltr'><strong>ria</strong></span> <span class='ocrx_word' id='word_1_326' title='bbox 1173 3912 1310 3972; x_wconf 88' lang='lat' dir='ltr'><strong>ineunda</strong></span> <span class='ocrx_word' id='word_1_327' title='bbox 1325 3914 1392 3974; x_wconf 88' lang='lat' dir='ltr'><strong>visa</strong></span> 
     </span>
     <span class='ocr_line' id='line_1_36' title="bbox 254 4016 1391 4098; baseline -0.004 -19"><span class='ocrx_word' id='word_1_328' title='bbox 254 4027 301 4079; x_wconf 87' lang='lat' dir='ltr'><strong>est</strong></span> <span class='ocrx_word' id='word_1_329' title='bbox 325 4028 359 4078; x_wconf 89' lang='lat' dir='ltr'><strong>ut</strong></span> <span class='ocrx_word' id='word_1_330' title='bbox 382 4017 577 4078; x_wconf 80' lang='lat' dir='ltr'><strong>intercidisse</strong></span> <span class='ocrx_word' id='word_1_331' title='bbox 604 4018 757 4098; x_wconf 88' lang='lat' dir='ltr'><strong>quaedam</strong></span> <span class='ocrx_word' id='word_1_332' title='bbox 782 4027 968 4098; x_wconf 89' lang='lat' dir='ltr'><strong>putaremus.</strong></span> <span class='ocrx_word' id='word_1_333' title='bbox 1013 4018 1106 4096; x_wconf 75' lang='lat' dir='ltr'><strong>Quali</strong></span> <span class='ocrx_word' id='word_1_334' title='bbox 1131 4025 1235 4075; x_wconf 89' lang='lat' dir='ltr'><strong>tamen</strong></span> <span class='ocrx_word' id='word_1_335' title='bbox 1261 4016 1391 4075; x_wconf 85' lang='lat' dir='ltr'><strong>lacunae</strong></span> 
     </span>
     <span class='ocr_line' id='line_1_37' title="bbox 252 4108 1391 4200; baseline -0.005 -19"><span class='ocrx_word' id='word_1_336' title='bbox 252 4120 448 4200; x_wconf 81' lang='lat' dir='ltr'><strong>supplendae</strong></span> <span class='ocrx_word' id='word_1_337' title='bbox 472 4139 551 4200; x_wconf 87' lang='lat' dir='ltr'><strong>qnae</strong></span> <span class='ocrx_word' id='word_1_338' title='bbox 576 4120 627 4180; x_wconf 85' lang='lat' dir='ltr'><strong>vel</strong></span> <span class='ocrx_word' id='word_1_339' title='bbox 652 4141 671 4178; x_wconf 93' lang='lat' dir='ltr'><strong>a</strong></span> <span class='ocrx_word' id='word_1_340' title='bbox 691 4120 803 4180; x_wconf 86' lang='lat' dir='ltr'><strong>Wolfio</strong></span> <span class='ocrx_word' id='word_1_341' title='bbox 829 4122 882 4180; x_wconf 85' lang='lat' dir='ltr'><strong>vel</strong></span> <span class='ocrx_word' id='word_1_342' title='bbox 901 4140 920 4178; x_wconf 89' lang='lat' dir='ltr'><strong>a</strong></span> <span class='ocrx_word' id='word_1_343' title='bbox 940 4119 1052 4179; x_wconf 91' lang='lat' dir='ltr'><strong>Rotbio</strong></span> <span class='ocrx_word' id='word_1_344' title='bbox 1078 4124 1228 4197; x_wconf 88' lang='lat' dir='ltr'><strong>temptata</strong></span> <span class='ocrx_word' id='word_1_345' title='bbox 1247 4124 1318 4175; x_wconf 89' lang='lat' dir='ltr'><strong>sunt</strong></span> <span class='ocrx_word' id='word_1_346' title='bbox 1339 4108 1391 4195; x_wconf 66' lang='lat' dir='ltr'><strong>lin</strong></span> 
     </span>
     <span class='ocr_line' id='line_1_38' title="bbox 253 4217 1391 4302; baseline -0.004 -21"><span class='ocrx_word' id='word_1_347' title='bbox 253 4222 337 4281; x_wconf 90' lang='lat' dir='ltr'><strong>cuins</strong></span> <span class='ocrx_word' id='word_1_348' title='bbox 353 4221 666 4299; x_wconf 85' lang='lat' dir='ltr'><strong>argumentationibus</strong></span> <span class='ocrx_word' id='word_1_349' title='bbox 681 4243 712 4302; x_wconf 89' lang='lat' dir='ltr'><strong>p.</strong></span> <span class='ocrx_word' id='word_1_350' title='bbox 729 4230 781 4285; x_wconf 85' lang='grc'><strong>178</strong></span> <span class='ocrx_word' id='word_1_351' title='bbox 795 4242 842 4302; x_wconf 89' lang='lat' dir='ltr'><strong>sq.</strong></span> <span class='ocrx_word' id='word_1_352' title='bbox 864 4222 1041 4301; x_wconf 81' lang='lat' dir='ltr'><strong>perscriptis</strong></span> <span class='ocrx_word' id='word_1_353' title='bbox 1063 4220 1141 4279; x_wconf 87' lang='lat' dir='ltr'><strong>nihil</strong></span> <span class='ocrx_word' id='word_1_354' title='bbox 1162 4218 1245 4299; x_wconf 89' lang='lat' dir='ltr'><strong>quod</strong></span> <span class='ocrx_word' id='word_1_355' title='bbox 1267 4217 1391 4298; x_wconf 90' lang='lat' dir='ltr'><strong>probari</strong></span> 
     </span>
     <span class='ocr_line' id='line_1_39' title="bbox 253 4316 1392 4404; baseline -0.004 -21"><span class='ocrx_word' id='word_1_356' title='bbox 253 4332 359 4403; x_wconf 87' lang='lat' dir='ltr'><strong>posset</strong></span> <span class='ocrx_word' id='word_1_357' title='bbox 373 4320 510 4399; x_wconf 86' lang='lat' dir='ltr'><strong>inveni),</strong></span> <span class='ocrx_word' id='word_1_358' title='bbox 533 4344 636 4384; x_wconf 90' lang='lat' dir='ltr'><strong>eorum</strong></span> <span class='ocrx_word' id='word_1_359' title='bbox 657 4324 793 4404; x_wconf 85' lang='lat' dir='ltr'><strong>plurimis</strong></span> <span class='ocrx_word' id='word_1_360' title='bbox 810 4323 849 4383; x_wconf 91' lang='lat' dir='ltr'><strong>de</strong></span> <span class='ocrx_word' id='word_1_361' title='bbox 865 4323 979 4383; x_wconf 87' lang='lat' dir='ltr'><strong>caussis</strong></span> <span class='ocrx_word' id='word_1_362' title='bbox 996 4323 1102 4401; x_wconf 90' lang='lat' dir='ltr'><strong>eisque</strong></span> <span class='ocrx_word' id='word_1_363' title='bbox 1124 4316 1198 4382; x_wconf 87' lang='lat' dir='ltr'><strong>satis</strong></span> <span class='ocrx_word' id='word_1_364' title='bbox 1220 4318 1392 4379; x_wconf 85' lang='lat' dir='ltr'><strong>manifestis</strong></span> 
     </span>
     <span class='ocr_line' id='line_1_40' title="bbox 255 4422 1391 4507; baseline -0.004 -22"><span class='ocrx_word' id='word_1_365' title='bbox 255 4425 354 4485; x_wconf 91' lang='lat' dir='ltr'><strong>nullus</strong></span> <span class='ocrx_word' id='word_1_366' title='bbox 369 4445 493 4507; x_wconf 88' lang='lat' dir='ltr'><strong>prorsus</strong></span> <span class='ocrx_word' id='word_1_367' title='bbox 508 4446 580 4488; x_wconf 86' lang='lat' dir='ltr'><strong>usus</strong></span> <span class='ocrx_word' id='word_1_368' title='bbox 602 4434 658 4485; x_wconf 91' lang='lat' dir='ltr'><strong>est.</strong></span> <span class='ocrx_word' id='word_1_369' title='bbox 696 4424 789 4506; x_wconf 74' lang='lat' dir='ltr'><strong>Quod</strong></span> <span class='ocrx_word' id='word_1_370' title='bbox 810 4432 933 4500; x_wconf 87' lang='lat' dir='ltr'><strong>eontra,</strong></span> <span class='ocrx_word' id='word_1_371' title='bbox 955 4424 982 4484; x_wconf 92' lang='lat' dir='ltr'><strong>si</strong></span> <span class='ocrx_word' id='word_1_372' title='bbox 1003 4422 1095 4483; x_wconf 87' lang='lat' dir='ltr'><strong>modo</strong></span> <span class='ocrx_word' id='word_1_373' title='bbox 1117 4422 1157 4483; x_wconf 90' lang='lat' dir='ltr'><strong>de</strong></span> <span class='ocrx_word' id='word_1_374' title='bbox 1177 4424 1289 4482; x_wconf 90' lang='lat' dir='ltr'><strong>lacuna</strong></span> <span class='ocrx_word' id='word_1_375' title='bbox 1308 4422 1391 4499; x_wconf 76' lang='lat' dir='ltr'><strong>cogi·</strong></span> 
     </span>
    </p>
   </div>
   <div class='ocr_carea' id='block_1_8' title="bbox 0 0 1602 5004">
    <p class='ocr_par' dir='ltr' id='par_1_11' title="bbox 0 0 1602 5004">
     <span class='ocr_line' id='line_1_41' title="bbox 0 0 1602 5004; baseline 0 0"><span class='ocrx_word' id='word_1_376' title='bbox 0 0 1602 5004; x_wconf 95' lang='lat' dir='ltr'><strong> </strong></span> 
     </span>
    </p>
   </div>
  </div>
 </body>
</html>
