3202 4998
265 407 327 467 420
581 422 804 470 overrsrronns
833 424 1058 464 srrrronrasna

267 576 357 634 alium
369 575 450 632 viam
463 575 592 649 ingressi
603 573 683 630 hauc
695 573 807 631 Isidori
825 573 1075 650 disputationem,
1089 594 1179 651 quam
1191 574 1336 633 Suetonio
1354 574 1405 634 de·

266 677 331 735 heri
349 675 523 749 Bergkiaue
541 675 771 731 ratiocinatione
790 673 977 751 patefactum
991 685 1052 746 est,
1068 697 1128 733 non
1141 674 1246 734 divelli
1262 696 1353 754 posse
1368 677 1406 735 ab

266 778 401 837 eiusdem
418 777 595 834 corrrmentis
614 774 653 833 de
668 776 790 833 relicuis
808 775 888 833 notis
905 776 935 832 iu
952 776 1106 833 codicibus
1120 775 1262 835 adhibitis
1273 776 1323 854 (bt
1338 774 1407 840 106*

267 887 315 941 107
325 874 354 954 *)
367 877 623 949 intellexerimus
638 876 719 955 quod
735 878 825 935 etiam
842 877 872 933 in
888 877 934 934 his
950 878 1155 937 Suetonianao
1170 878 1346 937 eruditionis
1362 881 1406 936 in·
1488 904 1491 909 Δ

267 980 347 1039 dicia
359 980 519 1037 emineant.
536 977 771 1056 capita-quidem
785 977 823 1035 de
838 978 916 1035 notis
928 979 1063 1037 iuridicis
1079 988 1109 1037 et
1122 978 1299 1037 militaribus
1313 982 1406 1038 notis·

266 1102 326 1162 qne
339 1081 500 1157 digitorum
514 1078 553 1155 (c.
567 1089 609 1138 11.
622 1089 664 1141 ⁶23.
678 1078 723 1155 ⁸25)
737 1080 820 1137 uolui
836 1079 979 1137 Suetonio
991 1080 1165 1153 vindicare,
1179 1079 1260 1158 quod
1270 1101 1327 1138 nec
1340 1080 1407 1139 Sui·

268 1184 325 1242 dae
343 1182 445 1240 indice
468 1180 754 1258 conprehendantur
774 1200 831 1238 nec
851 1182 882 1238 in
903 1174 1125 1251 additamento,
1140 1180 1211 1260 'quo
1236 1181 1407 1239 inlustrium

268 1286 447 1362 scriptorum
455 1281 533 1340 liber
542 1280 762 1355 cumulabatur,
776 1281 1079 1359 commodepoterant
1087 1283 1168 1359 poni.
1179 1282 1287 1361 quihus
1297 1282 1328 1342 in
1336 1303 1406 1341 erru-

268 1386 337 1443 dem
347 1383 468 1441 modum
476 1383 804 1441 Suetoniaualsidorus
818 1383 1024 1461 interpolavit,
1039 1403 1096 1461 quo
1107 1383 1345 1443 Christianarum
1356 1406 1409 1443 no-

268 1497 366 1545 tarum
377 1484 597 1561 explicationes
609 1494 776 1543 commento
790 1489 824 1542 de
836 1493 909 1543 notis
920 1489 1135 1557 scripturarum
1144 1486 1305 1545 inmiscuit.
1318 1505 1407 1565 quarn

268 1587 450 1645 multarem
466 1605 569 1644 rursus
587 1587 737 1657 omiserit,
755 1588 969 1664 conparatione
987 1605 1055 1644 cum
1066 1587 1207 1645 Parisino
1221 1588 1354 1666 epitoma
1363 1590 1408 1647 in·

269 1690 375 1747 stituta
397 1686 488 1745 facile
506 1686 658 1744 doeemur.
693 1695 783 1765 atquc
800 1688 935 1764 inprimis
953 1708 990 1745 eo
1003 1689 1150 1760 resecuit,
1176 1708 1255 1767 quae
1269 1689 1407 1748 recondi·

268 1791 353 1849 tioris
373 1789 530 1848 doctrinae
542 1788 733 1847 ridebantur.
760 1798 895 1846 ceterum
913 1798 943 1846 et
959 1790 1056 1866 ipsum
1071 1790 1242 1848 Parisinum
1260 1810 1408 1848 commen·

269 1901 332 1950 tum
348 1902 432 1951 recte
450 1912 468 1949 a
482 1889 570 1948 nobis
588 1909 655 1947 cum
670 1888 804 1966 Bergkio
822 1889 983 1967 epitomem
997 1892 1102 1948 vocari
1117 1908 1176 1948 uno
1197 1892 1326 1949 maxime
1341 1890 1408 1950 loeo

268 1994 422 2075 proditur:
451 1995 526 2065 diple
539 1996 757 2065 periestigmene
773 1995 986 2063 apponebatur,
1003 2010 1077 2065 quac
1089 1994 1249 2050 Zenodotus
1265 1996 1411 2066 Ephesius

269 2116 326 2154 non
342 2106 420 2153 recte
435 2098 580 2152 adiecerat
597 2103 648 2151 out
663 2081 834 2151 detruserat
855 2102 906 2150 ant
915 2103 1144 2165 permutaverat.
1175 2099 1205 2150 in
1220 2097 1264 2153 liis
1280 2104 1308 2152 et
1319 2072 1412 2151 nostri

269 2215 304 2253 ea
321 2200 368 2253 usi
380 2205 447 2253 sunt
460 2215 489 2272 p.
505 2204 571 2265 140,
586 2203 676 2273 tsqq.

354 2296 418 2355 Sed
433 2294 619 2353 redeundum
633 2307 680 2353 est
695 2295 733 2354 ad
747 2294 859 2355 Suidae
878 2297 1096 2369 testimonium,
1116 2296 1202 2354 cuins
1217 2296 1313 2355 altera
1328 2316 1409 2373 pars,

271 2419 332 2477 qua
354 2399 421 2475 ipse
444 2394 538 2453 index
559 2396 705 2479 refertur,
737 2396 863 2455 anobis
886 2396 1073 2475 conprobata
1096 2406 1157 2469 est,
1185 2397 1328 2470 alteram,
1350 2418 1411 2476 qua

270 2500 379 2558 librum
393 2496 577 2573 singularem
591 2495 628 2554 de
644 2498 723 2556 notis
739 2499 898 2575 scripsisse
914 2498 1092 2557 Suetonium
1106 2498 1214 2571 tradit,
1230 2519 1291 2557 non
1304 2519 1410 2577 posan-

270 2622 335 2659 mus
352 2621 411 2658 non
427 2600 554 2657 reicere.
584 2597 665 2675 quod
679 2607 780 2657 nostro
796 2600 862 2657 iure
878 2620 933 2657 nos
949 2601 1051 2659 facere
1067 2600 1147 2658 infra
1162 2620 1215 2658 auo
1228 2600 1295 2659 loco
1311 2609 1409 2660 osten-

272 2701 469 2772 dereliceat,
492 2698 545 2756 ubi
563 2698 711 2777 exemplis
724 2702 900 2759 certissimis
913 2702 1079 2760 efficiemus
1092 2701 1206 2761 Suidse
1223 2702 1253 2760 iu
1270 2702 1410 2778 catalogo

271 2803 323 2861 illo
341 2795 531 2860 contexendo
546 2800 712 2873 accidisse,
736 2810 770 2859 nt
784 2813 887 2881 partes
906 2803 1051 2861 maiorum
1067 2824 1191 2883 operum
1206 2823 1265 2881 pro
1278 2803 1411 2879 singula-

274 2903 357 2961 ribus
372 2900 458 2960 libris
476 2900 613 2960 haberet.
649 2923 728 2980 quae
745 2924 812 2962 cum
827 2904 871 2963 its
888 2907 961 2977 sint,
979 2903 1089 2963 Suidas
1109 2914 1191 2964 certe
1207 2903 1412 2983 inpedimento

272 3024 332 3062 non
357 3012 418 3075 est,
448 3003 606 3087 quominus
627 3005 838 3083 'l'eanqnillum
864 3008 894 3065 in
920 3008 980 3067 hoo
1006 3005 1214 3065 additamento
1233 3028 1294 3065 non
1313 3007 1411 3065 solum

273 3105 311 3163 de
332 3105 412 3163 notis
433 3103 612 3173 disseruisse
635 3105 690 3167 sed
707 3114 800 3165 totam
819 3110 1029 3186 quaestionem
1053 3108 1091 3167 de
1111 3108 1283 3168 litteratura
1297 3109 1412 3168 exhau-

272 3210 349 3265 sisse
368 3214 550 3276 statuamus‚
576 3226 654 3284 quae
671 3209 784 3285 optima
802 3209 941 3268 clausula
955 3210 1135 3287 scriptorum
1152 3211 1321 3270 inlustrium
1343 3209 1413 3268 libri

273 3318 362 3369 essct
395 3316 486 3386 atquo
508 3306 581 3364 licet
601 3307 731 3386 probare
751 3308 929 3369 Suetonium
950 3310 988 3370 de
1012 3311 1205 3371 bibliothecis
1228 3333 1322 3391 opera
1341 3312 1413 3371 data

272 3408 446 3486 disputasse
468 3408 617 3486 simulque
638 3429 715 3488 quae
733 3411 792 3468 huc
813 3411 952 3471 facerent
973 3415 1074 3471 omnia
1093 3423 1253 3472 executum
1271 3434 1349 3473 esse.
1381 3415 1412 3472 in

179 3567 185 3575 ,
272 3510 396 3568 scholiis
423 3510 503 3597 enim
529 3511 706 3572 Horatianis
736 3522 791 3570 art.
826 3522 907 3589 poet.
935 3521 988 3575 354
1011 3514 1182 3593 Tranquilli
1209 3516 1413 3573 testimonium

273 3612 311 3671 de
326 3611 499 3689 bibliopolis
517 3620 680 3689 usurpatur
697 3613 749 3689 (cf.
763 3634 792 3692 p.
812 3613 1003 3691 leandrus).
1029 3616 1089 3673 iam
1106 3636 1179 3675 vero
1197 3614 1304 3675 eadem
1316 3615 1413 3674 verba

273 3722 431 3772 recurrunt
446 3711 526 3791 apud
549 3713 677 3771 eundem
697 3713 784 3771 illum
799 3713 950 3773 Isidorum
972 3717 1002 3773 iu
1023 3714 1099 3773 libro
1115 3725 1217 3786 sexto,
1239 3714 1290 3773 ubi
1308 3714 1379 3773 inde
1394 3736 1413 3773 a

274 3816 375 3893 capite
398 3816 486 3887 tertio
509 3790 547 3870 de
568 3824 746 3889 argumento
772 3814 854 3893 quod
874 3816 964 3893 paulo
987 3825 1058 3877 ante
1074 3817 1243 3893 significavi
1261 3816 1414 3896 exquisita

274 3912 565 3976 doctriuaadhihita
581 3896 729 3993 exposuit.
754 3936 824 3974 nam
844 3936 909 3974 eum
925 3918 1023 3995 capite
1042 3916 1112 3979 3de
1128 3917 1281 3977 Pisistrati
1297 3926 1328 3975 et
1341 3917 1413 3975 Pto·

273 4013 460 4073 lemaeorum
470 4012 663 4086 bibliothecis
680 4018 790 4092 egerit,
807 4019 935 4096 capitae
951 4016 1076 4076 brevem
1087 4019 1292 4079 Romanarum
1303 4015 1412 4075 biblio·

195 4138 200 4187 ᾗ
273 4114 428 4173 thecerum
447 4113 602 4173 historiam
622 4117 754 4194 pertexit
775 4115 828 4192 (cf.
845 4119 953 4194 fragm.
977 4118 1078 4195 10111).
1109 4117 1220 4176 deinde
1240 4138 1265 4177 c.
1288 4126 1304 4181 9
1328 4137 1412 4177 cera·

225 4254 229 4265 .
272 4235 352 4286 rum,
370 4235 397 4275 c.
415 4226 446 4275 10
461 4222 609 4274 cartarum
625 4236 712 4275 usum
728 4216 877 4276 inlustrat.
906 4226 936 4276 et
951 4238 1024 4276 vero
1040 4219 1071 4276 in
1086 4218 1138 4276 illo
1155 4219 1414 4295 Attae-fragmen-

271 4324 335 4377 tum
352 4317 548 4393 couspicnnm
566 4326 627 4387 est,
652 4319 684 4377 in
698 4317 756 4374 hoc
773 4326 923 4376 cartarum
945 4338 1059 4394 genera
1079 4317 1168 4376 docte
1190 4318 1414 4405 describuntur¹

262 4423 306 4473 ret
321 4415 363 4475 ita
378 4415 500 4493 quidem
513 4424 547 4472 ut
559 4415 708 4495 adpareat
722 4417 872 4475 Isidorum
887 4438 947 4476 non
960 4417 1135 4476 adhibuisse
1148 4419 1318 4478 Plinianam
1335 4418 1414 4497 (net.
