3202 4998
259 415 322 491 466
599 432 820 481 ovensrrouns
840 431 1060 473 svnronruuen

261 583 477 644 conformatum
493 582 569 643 illud
585 602 652 643 esse
667 583 781 659 voluit3
796 584 863 662 ipse
885 580 1008 664 quidem
1023 582 1096 642 Aeli
1113 581 1242 643 Stilonis
1264 590 1296 643 et
1310 580 1400 643 Asini

259 687 443 746 sententiam
458 684 544 764 sequi
559 684 674 745 meluit.
709 686 748 743 cf.
767 685 868 745 adnot.
886 706 952 764 sup.

343 788 434 847 Hunc
456 806 528 848 vero
550 786 658 846 librum
678 787 847 865 Regentins
868 808 897 867 p.
917 796 953 851 23
973 802 1133 866 perperam
1149 785 1228 845 inter
1245 787 1400 865 isagogica

259 888 314 949 illa
328 890 450 968 scripta,
464 887 623 968 dequibus
636 888 675 949 of.
688 888 876 947 Mercklinus
893 887 1044 948 inPhilol.
1061 887 1128 946 IIII
1143 906 1169 966 p.
1186 899 1323 968 413eqq.‚
1337 897 1398 947 ret·

258 991 335 1051 tulit
366 1010 436 1051 nam
457 990 578 1051 differre
595 990 676 1049 hunc
697 988 806 1050 librum
822 990 860 1049 ah
882 990 943 1049 illie
959 991 1018 1050 ism
1041 991 1108 1069 ipso
1124 990 1213 1049 titulo
1232 989 1398 1049 indicatur:

258 1094 372 1173 quippe
392 1082 460 1152 cum
476 1092 521 1151 illi
536 1092 607 1151 libri
628 1094 662 1150 dc
684 1093 777 1167 ospicio
795 1091 880 1151 verbi
896 1112 992 1152 causa
1014 1096 1132 1151 conniis
1149 1092 1399 1168 inscriberentur,

258 1195 423 1256 Suetonius
438 1195 523 1274 operi
538 1214 592 1254 eno
608 1192 741 1253 indicem
755 1197 789 1257 de
802 1198 965 1253 instituebas
974 1195 1131 1269 officioram
1147 1194 1297 1273 praefixit.

342 1298 394 1356 Ex
406 1297 466 1355 hoo
481 1296 558 1356 libro
574 1296 703 1355 fortasse
720 1296 867 1355 nonnulla
883 1294 965 1376 apud
980 1296 1101 1375 Lydum
1116 1296 1154 1355 de
1173 1297 1399 1375 magistratibus

255 1398 381 1461 'residua
401 1406 480 1458 sunt.
516 1396 571 1458 sed
591 1407 692 1457 tamen
720 1417 827 1457 eruere
850 1419 887 1457 ea
905 1418 967 1457 uon
984 1399 1080 1457 ausim
1098 1408 1132 1457 ut
1145 1400 1197 1479 qui
1215 1399 1290 1466 satis
1305 1400 1399 1460 eciam

260 1503 290 1562 iu
307 1509 453 1583 quantum
466 1500 658 1580 Byzantinus
669 1499 723 1558 ille
738 1500 882 1580 antiquae
895 1500 1075 1560 eruditionis
1086 1500 1231 1580 reliquias
1243 1502 1306 1561 suis
1319 1521 1397 1561 com-

258 1604 368 1663 mentis
386 1602 552 1661 miscuerit,
579 1600 662 1661 idem
682 1608 784 1660 tamen
803 1601 910 1680 Lydus
931 1602 1011 1661 solus
1025 1598 1111 1662 valius
1133 1601 1204 1661 libri
1218 1602 1399 1664 Suetonieni

258 1706 432 1765 memoriam
444 1702 531 1763 nohis
543 1703 678 1762 servavit
694 1702 815 1781 (fragm.
830 1701 911 1781 leik
925 1704 1053 1763 mollitia
1070 1705 1150 1764 enim
1163 1703 1329 1783 Omphales
1338 1704 1397 1764 de·

259 1807 372 1887 scripta
393 1814 532 1865 auctores
556 1806 602 1864 rei
621 1804 758 1863 nominat
775 1804 939 1884 Apuleium
962 1808 1166 1866 Romanorum
1186 1806 1398 1887 philosophum

260 1893 292 1967 dr
306 1907 350 1991 τῷ
364 1902 592 1988 ἐπιγραφομένῳ
608 1901 740 1988 ἐρωτικῷ
755 1916 787 1966 et
799 1907 1009 1986 Tranquillum
1026 1895 1084 1985 πρὸ
1100 1895 1194 1966 αὐτοῦ
1211 1904 1242 1966 ἐν
1257 1907 1300 1991 τῷ
1313 1903 1398 1987 περὶ
1469 1920 1473 1929 ’

259 2002 453 2087 ἐπισήμων
466 2008 627 2086 πορνῶν.
652 2028 710 2086 quo
729 2006 767 2067 de
786 2007 962 2069 eruditionis
976 2009 1045 2069 loco
1065 2008 1198 2069 breviter
1209 2010 1398 2070 Mercklinus

240 2113 292 2183 ,in
302 2111 415 2171 Philol.
430 2111 464 2169 Il
475 2130 505 2190 p.
522 2120 575 2174 303
590 2111 772 2192 disputavit3
793 2125 859 2170 erat
873 2120 973 2171 autem
988 2110 1117 2172 Graecis
1128 2112 1332 2190 grammaticis
1347 2131 1396 2172 ce·

258 2212 488 2274 lebrstissimus.
512 2213 551 2271 cf.
566 2212 721 2272 Athenaei
737 2212 814 2272 liber
827 2215 934 2274 tertius
951 2213 1097 2273 decimus.
1118 2212 1173 2275 sed
1186 2233 1346 2294 perperam
1360 2212 1397 2273 li·

259 2315 344 2375 brum
361 2314 488 2376 Suetoni
502 2313 689 2393 respondere
705 2315 826 2393 putavit
847 2314 983 2375 eiusdem
998 2318 1083 2394 operi
1105 2316 1142 2375 de
1161 2314 1338 2375 inlustribus
1352 2316 1397 2374 vi·

258 2417 309 2476 rie.
321 2415 402 2496 quod
415 2416 734 2495 contraRegentiusp·
743 2425 775 2480 37
783 2415 912 2476 alterum
920 2416 1028 2476 librum
1042 2418 1079 2477 ab
1087 2418 1185 2477 altero
1193 2437 1315 2497 prorsus
1323 2417 1398 2477 elie·

259 2538 331 2578 uum
343 2518 437 2579 fuisse
448 2519 516 2578 iure
527 2517 693 2577 contendit.
713 2518 745 2577 in
759 2518 983 2598 poruogrephie
994 2520 1086 2596 igitur
1098 2539 1153 2579 sue
1162 2520 1327 2581 Suetonius
1337 2538 1399 2581 non

260 2618 299 2680 de
315 2620 518 2680 Romanorum
531 2620 629 2680 solnm
648 2619 702 2680 sed
718 2629 749 2680 et
764 2618 952 2680 Graecorum
973 2621 1182 2682 meretricibus
1198 2621 1297 2699 egisse
1317 2621 1399 2699 tieg-

259 2730 362 2781 meuto
377 2721 432 2781 illo
449 2720 605 2782 docemur:
632 2742 692 2802 quo
706 2731 869 2800 praeterea
886 2722 1039 2783 indicatur
1054 2744 1202 2784 eumcum
1228 2721 1399 2802 Omphalen
1425 2740 1429 2746 ·

258 2823 338 2882 inter
354 2822 453 2883 claras
468 2825 642 2884 meretrices
653 2825 783 2883 referret
798 2812 868 2885 inde
884 2844 903 2883 a
915 2826 1100 2906 temporibus
1115 2825 1257 2905 mythicis
1273 2844 1337 2886 rem
1351 2841 1399 2883 re·

259 2924 416 3004 petivisse.

343 3026 445 3086 Huius
461 3026 530 3086 libri
547 3030 691 3087 memoria
703 3030 794 3087 etiam
809 3029 840 3088 in
854 3031 1071 3093 commentario
1083 3026 1172 3089 Servi
1188 3030 1219 3090 iu
1231 3028 1399 3107 Vergilium

261 3127 436 3208 dispicitur,
464 3128 797 3195 velutiAen.V1119:
828 3133 908 3189 Circe
928 3140 1018 3191 entem
1039 3124 1106 3191 ideo
1120 3134 1191 3191 Solis
1207 3135 1322 3207 finpinr
1338 3135 1399 3206 iilic

259 3235 324 3306 peu
337 3234 490 3289 clarissime
502 3237 637 3291 martrix
649 3232 705 3307 suit
716 3242 742 3291 el
753 3235 821 3291 nibil
834 3242 874 3291 eri
886 3236 952 3291 sole'
963 3237 1085 3297 clarius:
1104 3236 1175 3292 naec
1188 3236 1295 3291 libidine
1308 3251 1361 3292 sue
1375 3240 1402 3290 et

260 3335 448 3392 blandimentis
461 3335 583 3392 honines
593 3337 621 3391 in
634 3337 758 3408 [minem
772 3340 856 3393 intem
871 3337 905 3391 eb
920 3338 1044 3393 hnmano
1058 3338 1208 3394 dedrwebot
1220 3344 1250 3393 ni
1265 3337 1367 3393 Μή
1375 3340 1402 3391 ct

259 3437 562 3510 nebrptetibnsopcrom
574 3439 682 3494 clarent
704 3435 792 3497 vides
807 3437 901 3496 verba
913 3434 1094 3507 adcoScrvi
1103 3441 1257 3496 clarissime
1268 3439 1403 3494 meretris

261 3537 425 3613 convenire
437 3536 626 3617 inscriptioni
635 3538 852 3599 Suetonianee.
871 3537 1007 3598 eiusdem
1017 3539 1086 3599 libri
1099 3558 1186 3599 usum
1198 3536 1299 3619 prodit
1310 3537 1401 3623 etiarn
1481 3578 1485 3585 -

260 3637 319 3698 hoc
333 3638 422 3699 Servi
437 3638 575 3699 scholion
596 3640 674 3701 heu.
690 3641 719 3701 V
734 3648 802 3705 864:
834 3642 947 3723 Sirenes
958 3645 1107 3700 recnndmn
1122 3644 1238 3716 fabulor
1252 3649 1307 3698 tres
1316 3646 1402 3713 ports

260 3744 383 3816 uirgines
394 3742 512 3816 ferrent
520 3752 606 3817 perte
618 3746 755 3808 uulneres,
767 3745 880 3801 Acheloi
888 3746 1010 3817 fluminis
1025 3753 1051 3802 et
1062 3746 1197 3817 Calliopes
1208 3759 1305 3801 mesos
1316 3744 1401 3815 filiae.

260 3840 361 3901 berum
375 3862 433 3901 rnre
448 3860 515 3901 rroec
534 3847 623 3901 altero
639 3846 706 3902 tibiis
727 3849 784 3902 elio
805 3849 870 3920 lyra
883 3848 999 3904 canebat
1004 3875 1012 3904 ,-
1041 3854 1067 3903 el
1082 3849 1206 3920 primurn
1227 3849 1308 3903 isacio
1322 3845 1403 3901 Pelo-

261 3962 338 4013 rum,
352 3964 420 4003 mox
433 3949 461 4002 in
474 3947 590 4021 Capreis
603 3946 693 4004 meula
706 3948 914 4015 mutauerant,
928 3966 1002 4023 ques
1016 3951 1114 4005 illectos
1127 3966 1176 4006 seo
1191 3955 1277 4005 come
1287 3950 1316 4003 in
1331 3963 1401 4003 nen·

259 4047 357 4123 fregio
372 4050 550 4105 winemunt.
578 4052 729 4108 semndem
744 4054 886 4108 nminem
901 4055 1060 4109 meretrices
1076 4051 1293 4125 ferremerae,
1308 4056 1403 4105 bens-

260 4160 355 4209 enntes
365 4155 492 4225 qnonimn
504 4154 675 4211 deducebant
682 4155 721 4211 od
730 4131 883 4229 mmmmm}
894 4155 938 4212 loir
945 4155 1027 4226 fictos
1041 4160 1107 4210 rent
1119 4154 1230 4228 inferre
1240 4150 1403 4225 naufragio.

260 4255 313 4312 ltus
335 4255 432 4312 Vitrea
447 4258 640 4316 conoemnenrio
662 4259 776 4329 deduxit
794 4259 834 4313 ed
847 4266 972 4314 mortem.
1009 4256 1041 4315 in
1062 4254 1172 4334 quihus
1197 4251 1304 4313 eadem
1325 4252 1403 4310 enti·

263 4362 369 4441 queris
383 4361 461 4420 ratio
476 4361 661 4440 conspicitur
672 4380 763 4442 quarn
780 4361 811 4420 in
829 4358 915 4418 libris
932 4358 971 4418 de
983 4357 1107 4436 regibus
1122 4358 1183 4416 iam
1202 4352 1391 4434 deprehendi

260 4482 336 4523 mus.
353 4473 388 4523 ut
401 4483 441 4523 ex
455 4464 513 4524 hoc
526 4464 603 4525 libro
621 4465 711 4523 etiarn
726 4461 915 4543 probabilius
932 4480 1022 4542 quarn
1045 4481 1062 4520 e
1079 4459 1213 4540 quodam
1232 4457 1311 4518 libro
1331 4475 1406 4535 geo-
