3202 4998
6 1610 8 1639 ξ

6 1648 8 1683 1

714 430 818 473 oarvr
836 432 879 473 ιιι
1300 411 1363 477 att

225 579 373 659 graphico
386 580 557 661 repetenda
571 580 747 656 videantur,
772 600 853 662 quae
868 581 961 642 schol.
982 581 1074 645 Beru
1093 601 1198 661 georg.
1222 582 1289 644 1111
1312 591 1365 647 564

228 681 348 761 (fragm.
363 682 429 763 203)
446 682 484 743 de
499 683 694 762 Parthenope
710 682 820 744 Sirene
841 682 1021 745 Suetonium
1033 683 1197 745 tradidisse
1217 685 1363 747 scribunt.

226 785 341 845 etenim
358 786 390 845 iu
406 784 593 864 Vergilianis
611 786 833 847 commentariis
853 785 964 849 librum
981 785 1021 846 de
1043 786 1134 847 claris
1154 786 1378 851 meretricibus

170 940 177 953 ,
226 884 394 946 adhibitum
405 906 472 947 esse
482 886 544 947 illis
556 887 645 949 Serri
659 887 735 948 locis
750 888 965 968 conprobatur:
987 897 1081 968 atque
1094 886 1173 949 adeo
1186 887 1268 949 utari
1283 890 1365 949 hunc

200 992 206 1009 ¹
225 986 335 1047 librum
349 968 517 1049 releramns
540 990 634 1068 ipsius
654 989 817 1066 fragmenti
836 991 914 1050 ratio
934 989 1064 1051 suadere
1087 990 1226 1067 videtum·
1250 991 1364 1072 quippe

226 1108 287 1168 qno
309 1097 343 1148 ut
363 1110 412 1151 res
431 1091 576 1171 primaria
596 1091 790 1171 Parthenope
812 1091 900 1153 Siren
917 1112 976 1153 non
997 1091 1283 1173 nrbstPsrthenepe
1301 1113 1364 1153 ms·

226 1199 368 1251 moretur.
392 1193 431 1251 cf.
446 1193 648 1275 Philargyrus
663 1194 695 1253 in
710 1193 739 1252 b.
757 1192 794 1268 l.,
805 1194 859 1273 qni
870 1194 1002 1256 fortasse
1016 1193 1125 1255 eodem
1137 1192 1365 1255 Suetoniousus

146 1294 156 1317 ³
225 1292 382 1355 Lutatium
397 1293 539 1357 Catulum
559 1295 647 1355 huius
664 1295 809 1357 historiae
830 1305 984 1357 auctorem
1002 1297 1147 1359 nominat
1179 1285 1263 1359 aliud
1277 1317 1365 1379 pras·

226 1403 313 1455 terea
332 1394 468 1457 eiusdem
485 1396 557 1456 libri
576 1398 738 1476 vestigium
761 1406 849 1459 extat
870 1398 952 1478 apud
972 1398 1102 1460 eundem
1120 1397 1261 1460 Servium
1282 1399 1361 1460 Aen.

226 1496 278 1556 111
296 1505 349 1559 420
370 1496 425 1577 (cf.
441 1497 535 1561 schol.
551 1499 671 1559 Lucan.
687 1499 703 1559 I
720 1499 802 1578 stit:
833 1503 986 1576 Charybdis
1002 1511 1092 1563 omem
1113 1507 1143 1561 iu
1158 1503 1269 1565 ῧὶιίΙιὶιι
1280 1510 1365 1577 porte

220 1601 430 1674 postulentur
448 1598 556 1680 (schol.
572 1601 690 1661 Lucan.
706 1601 727 1660 1.
749 1621 774 1663 c.
794 1600 942 1682 meeum)
952 1605 1012 1679 fari
1028 1608 1221 1665 soractense.

310 1701 396 1763 Inter
409 1703 564 1763 Romam
579 1712 680 1765 autom
698 1705 890 1779 meretrices,
907 1723 988 1785 quse
1003 1704 1062 1765 fuit
1075 1705 1173 1768 altera
1187 1726 1259 1786 pars
1275 1725 1366 1785 argu·

225 1805 332 1878 menti,
349 1825 416 1864 cum
427 1814 540 1865 certum
552 1806 592 1865 sit
606 1807 698 1865 etiam
712 1806 764 1865 hic
776 1805 936 1869 historiam
945 1809 1136 1869 meretricum
1151 1807 1224 1869 inde
1235 1807 1274 1868 ab
1288 1809 1365 1868 anti·

227 1907 377 1985 quissimis
402 1907 588 1987 temporibus
608 1909 810 1987 perscriptam
830 1909 941 1984 fuisse,
966 1909 1036 1969 sins.
1054 1908 1146 1969 dubio
1168 1910 1285 1971 Accam
1305 1912 1366 1971 La-

225 2008 356 2067 rentiam
385 2009 604 2069 nobilissimum
629 2018 760 2071 scortum
786 2018 827 2069 ut
846 2009 985 2071 Macrobi
1011 2018 1068 2073 sat.
1093 2010 1110 2070 1
1133 2022 1186 2084 1⁰5
1209 2020 1244 2073 12
1264 2012 1367 2072 verbis

226 2117 295 2167 utar
305 2109 504 2191 Tranquillus
524 2109 693 2171 rettulerat
726 2120 818 2190 atque
839 2111 927 2171 huius
948 2109 1101 2171 cherrima
1118 2114 1263 2173 memoria
1284 2112 1366 2193 apud

225 2209 419 2271 Luctantium
436 2210 571 2271 Gellium
580 2211 770 2271 Macrobinm
787 2221 888 2288 extat,
904 2232 983 2292 quse
994 2214 1091 2291 primo
1105 2215 1194 2293 quasi
1207 2214 1312 2275 obtutu
1325 2234 1367 2275 ex

226 2310 412 2383 huiusmodi
427 2312 505 2373 libro
516 2321 643 2392 recepta
653 2312 784 2379 ridetur.
801 2334 859 2375 nse
870 2314 1095 2394 neglegentium
1110 2324 1158 2376 est
1171 2316 1366 2378 Lactsntium

227 2422 365 2477 auctores
389 2416 546 2475 nominare
567 2416 690 2475 Livium
707 2423 738 2475 et
759 2415 913 2491 Verrium,
942 2416 1077 2478 Gellium
1098 2437 1172 2479 vero
1194 2417 1234 2477 ad
1258 2417 1367 2480 Sabini

227 2515 342 2575 Masuri
357 2518 567 2579 auctoritatem
580 2536 765 2595 provocare:
792 2517 875 2597 qnod
888 2538 963 2578 sana
974 2517 1118 2579 indicium
1132 2528 1179 2580 est
1192 2538 1245 2581 eos
1259 2539 1366 2580 recen·
1398 2578 1402 2586 .

226 2617 320 2679 tiores
336 2618 475 2681 Varrone
491 2627 632 2680 auctores
646 2620 744 2698 sequi.
773 2628 935 2699 praeterea
948 2620 1084 2680 meminit
1098 2621 1278 2683 Lactantius
1294 2622 1367 2683 Flo·

226 2739 279 2778 ree
299 2729 330 2779 at
344 2721 483 2782 Favolae
500 2719 626 2801 dearum
640 2720 866 2801 earundemque
881 2722 1083 2784 meretricum.
1102 2725 1279 2804 auspicatus
1291 2744 1366 2785 vero

229 2829 276 2881 est
292 2821 492 2902 Tranquillus
510 2824 702 2884 meretricum
718 2824 829 2883 seriem
846 2825 879 2885 ui
889 2823 980 2885 fallor
996 2825 1035 2885 ab
1050 2826 1118 2905 ipss
1129 2825 1266 2902 Venere,
1286 2844 1367 2907 qnae

225 2924 324 3003 prims
342 2936 376 2985 ut
393 2925 571 2985 Lactantius
587 2923 755 2987 secundum
775 2945 893 2986 sauram
909 2924 1066 2987 historiam
1086 2927 1192 2988 scribit
1207 2937 1296 2988 ortem
1311 2946 1367 2987 me·

230 3023 371 3085 retricium
386 3032 500 3087 inattuit
519 3038 669 3105 occurerre
684 3030 841 3088 mutieribus
855 3035 884 3089 iu
899 3032 991 3105 Cypro
1001 3032 1061 3105 fuit
1072 3035 1113 3091 uti
1125 3034 1236 3106 culpato
1251 3047 1369 3105 corpore

227 3136 369 3204 quaestum
381 3133 523 3205 facerent
962 3137 965 3146 '

311 3231 401 3293 Alius
422 3231 587 3312 Byzantini
606 3231 769 3292 memoriae
793 3229 943 3293 debemus
960 3233 1025 3293 eius
1044 3232 1113 3293 libri
1132 3233 1252 3293 titulum
1267 3231 1368 3313 quode

223 3352 307 3393 nunc
325 3352 429 3411 agam:
453 3330 522 3412 cepi
539 3333 592 3408 mic
606 3330 776 3411 Κικέρωνος
790 3331 937 3404 πολιτείας
953 3332 1071 3412 βιβλίον
1087 3326 1140 3391 ι’·
1173 3325 1318 3413 ἀντιλέγει
1336 3330 1369 3393 il

224 3433 269 3516 rui
295 3426 421 3516 Aulu‘ppo
443 3434 562 3513 (fragm.
586 3432 663 3512 204).
705 3413 785 3515 quae
810 3434 906 3494 verba
926 3443 998 3493 sunt
1022 3432 1136 3494 Suitlac
1163 3436 1196 3493 in
1216 3435 1368 3514 catalogo.

224 3536 392 3618 Didymum
418 3557 491 3597 vero
519 3555 575 3596 sex
601 3535 695 3596 libros
721 3544 826 3595 eontra
849 3534 1029 3596 Ciceronem
1053 3535 1211 3614 scripsisse
1236 3544 1367 3597 testatur

223 3639 402 3700 Ammianus
416 3637 614 3698 Marcellinus
631 3638 731 3697 XXII
755 3647 806 3711 16,
829 3646 877 3700 16:
910 3642 981 3696 iuter
1001 3656 1069 3713 qaas
1089 3640 1285 3701 Chalcenterus
1302 3644 1366 3699 emi·

174 3808 176 3815 ‚
224 3746 284 3800 uuit
297 3745 435 3817 Didymus
445 3744 601 3814 multiplicis
614 3744 746 3799 ιιίιιιὶίιι
760 3744 841 3814 coptu
857 3738 915 3818 (sie
929 3739 971 3799 M.
984 3737 1185 3799 Schmidtius:
1207 3746 1281 3815 copti
1297 3740 1365 3802 cod.

205 3881 208 3886 -
224 3847 336 3918 sumtis
350 3840 508 3920 Valesius)
527 3844 723 3899 memorabitur.-
738 3845 787 3917 qut
801 3846 830 3899 in
845 3845 897 3900 iltis
912 3858 966 3901 seu
979 3844 1070 3913 tibris,
1085 3844 1132 3899 abt
1147 3861 1202 3901 noa
1217 3861 1366 3921 numquam
1416 3896 1427 3910 ,

225 3946 385 4019 imperfecte
400 3947 516 4007 Tulliam
529 3944 706 4018 reprehancbt
720 3944 903 4018 sittopruplror
916 3947 1035 4001 irritatus
1047 3948 1198 4017 emptores
1212 3945 1371 4003 mcuuuorr·

214 4047 323 4104 'iudicio
335 4048 477 4108 docturum
492 4050 603 4105 aurium
621 4049 765 4103 incusatur
781 4051 812 4102 ut
830 4048 960 4102 inmania
974 4045 1136 4119 frementem
1148 4048 1254 4122 tenuem
1271 4053 1368 4118 putre·

225 4149 510 4208 dalisuocr‘busccnus
518 4150 626 4207 catulus
635 4150 740 4221 tenuius
751 4149 974 4204 circumlatratus.
986 4164 1077 4224 quem
1083 4146 1211 4207 Suetoni
1222 4146 1368 4224 scriptum

224 4268 316 4309 nosse
332 4248 427 4310 verba
440 4250 535 4331 ipsius
548 4251 647 4308 iudt'er'o
662 4251 805 4307 doctorum
819 4252 928 4306 uurirrm
943 4252 1087 4307 incusatur
1101 4246 1193 4307 fidem
1211 4246 1337 4306 iaciunt.

308 4349 436 4432 Didymi
453 4361 554 4410 antem
570 4350 649 4411 liber
666 4351 759 4410 etiam
778 4347 893 4409 Suidae
911 4349 1028 4409 auctori
1043 4349 1216 4410 innotuisse
1235 4347 1367 4423 videtur,

226 4472 316 4533 quern
328 4461 449 4513 secutus
462 4453 514 4512 ille
528 4453 606 4514 haee
617 4453 752 4531 scripsit:
771 4448 901 4528 Δίδυμος
915 4442 1053 4527 Actiaco
1065 4439 1270 4529 ταριχοπώλου
1288 4436 1368 4509 Ἀλι-

1095 4548 1159 4612 30*
