3220 5022
250 371 312 432 326
439 366 444 373 ’
532 384 726 424 οπωειιοιινυ
750 382 916 423 τιοιιοκνκ
941 383 1113 430 namma

206 600 213 612 ,
250 529 526 609 παρετείνετο-δέ
550 544 633 612 φησι
658 524 700 593 δι’
730 520 842 592 αύτών
864 525 919 591 καὶ
945 526 1028 611 μέση
1050 523 1201 611 γραμμή,
1230 521 1273 611 ἣν
1301 521 1397 609 ίεράν

251 623 441 712 ώνύμαζον,
462 619 506 703 ώς
525 623 680 710 ἀνωτέρω
701 628 876 712 δηλοῦται,
895 626 964 691 ε’πεί
982 620 999 692 δ
1016 625 1200 711 νικώμενος
1220 628 1279 692 ἐπ’
1298 624 1397 711 έσγά-

252 755 313 813 την
335 723 441 813 αύτήν
462 731 558 795 ἵεται.
602 725 689 794 ὅθεν
710 727 964 811 καίπαροιμία·
999 742 1108 793 κινελν
1129 723 1188 794 τὸν
1210 720 1271 811 άφ’
1295 730 1396 813 ίεράς,

251 835 354 896 λίθον
376 830 520 914 δηλαδή,
545 829 597 894 ἐπὶ
620 830 687 894 τών
709 823 980 913 ἀπεγνωσμένων
1000 827 1056 893 καὶ
1078 826 1216 914 ἐσχάτης
1235 834 1397 914 βοηθείας

252 933 433 1015 δεομένων.
476 929 652 1014 Σώφρων·
942 966 945 973 ·
1405 959 1418 996 ε

405 1034 531 1117 κινήσω
555 1027 586 1097 δ’
607 1026 671 1117 ήδη
694 1029 749 1097 καὶ
771 1024 831 1095 τόν
853 1024 912 1114 ἀφ’
935 1031 1041 1112 ίεράς·
1177 1039 1181 1045 ’

248 1127 400 1209 Ἀλκαίος
425 1135 463 1199 δέ
483 1132 588 1218 φησιν
609 1133 645 1198 έκ
666 1131 830 1217 πλήρους·

673 1227 794 1298 τόνδ’
819 1219 918 1308 οὗτος
941 1232 1108 1316 έπικρετεῑ

405 1332 544 1419 κινήσας
566 1329 626 1400 τόν
649 1329 705 1400 ἀπ’
729 1342 803 1416 ίρας
825 1328 971 1399 πυκινὸν
992 1338 1104 1399 λίθον.

252 1438 410 1503 τοιοῦτον
430 1434 466 1517 δέ
489 1435 544 1502 καὶ
567 1430 657 1520 παρά
680 1432 918 1522 Θεσκρίτφτό·
1260 1477 1271 1496 .
1407 1458 1433 1499 ω

406 1532 466 1603 τὸν
487 1531 553 1602 άπό
576 1538 728 1622 γραμμαῖς
750 1537 877 1621 κινήσω
897 1541 1008 1602 λίθον.

254 1635 435 1721 Διοδώρου
461 1640 500 1704 δέ
525 1655 609 1722 φησι
636 1639 698 1702 τοῦ
726 1639 926 1721 Μεγαρικοῦ
953 1635 1132 1722 ἐνάγοντος
1159 1632 1219 1703 τὸν
1241 1639 1398 1704 τοιοῦτον

255 1745 356 1804 λίθον
379 1744 425 1815 είς
447 1733 626 1824 ὁμοιότητα
645 1741 702 1823 τής
724 1740 791 1803 τών
814 1733 947 1824 άστρων
968 1745 1115 1823 χορείας,
1139 1740 1309 1822 Κλέαρχος
1331 1753 1399 1814 τοῖς

254 1841 352 1906 πέντε
375 1840 457 1925 φησὶ
478 1841 646 1925 πλάνησιν
669 1836 860 1924 ἀναλογεῖν.
905 1842 994 1924 λέγει
1016 1838 1052 1906 δέ
1073 1839 1127 1905 καὶ
1148 1834 1228 1917 τούς
1251 1835 1398 1917 άστρα-

255 1942 426 2026 γάλονς,
451 1947 486 2008 οἳ
500 1942 554 2008 καὶ
571 1937 703 2025 άστριες
719 1941 774 2008 καὶ
790 1937 940 2027 άστριχοι
955 1942 1114 2025 λέγονταί
1131 1961 1230 2027 φησι,
1256 1942 1398 2018 πτώσεις
1411 1978 1433 2018 15

339 2064 353 2115 1
374 2082 432 2130 sqq.
452 2066 613 2115 Eustathius
632 2065 663 2114 ΙΙ.
684 2067 721 2114 VI
742 2064 802 2114 160:
823 2058 940 2147 γράμμα
956 2056 1083 2131 γραμμή,
1103 2056 1138 2116 ου’
1156 2058 1247 2130 μόνον
1266 2056 1282 2130 ή
1303 2057 1333 2114 ἐν
1345 2081 1399 2130 μα-

255 2125 398 2198 θήμασιν,
424 2127 495 2184 α’λλά
518 2131 568 2184 καλ
592 2125 707 2190 ὁποίαις
731 2128 848 2210 ἔπαιζον
872 2149 899 2182 οι
918 2126 1101 2198 κυβεύοντες,
1128 2122 1168 2183 ών
1191 2133 1244 2198 μία
1263 2149 1304 2191 τις
1327 2127 1398 2199 μέση

255 2195 370 2283 γραμμή
390 2192 550 2266 ω’νομάζετο
569 2194 647 2262 ἱεροί,
673 2194 773 2277 έπειδή
792 2217 807 2252 ο
825 2192 986 2283 ήττώμενος
1005 2193 1053 2251 ἐπ’
1078 2193 1201 2267 ἐσχάτην
1220 2192 1311 2268 αύτήν
1331 2201 1398 2252 ἴ.·τσ·

255 2269 330 2318 σθεν
348 2266 396 2319 καὶ
415 2269 557 2334 παροιμία
575 2273 668 2318 κινεῖν
685 2263 736 2318 τὸν
752 2260 809 2333 αφ’
833 2268 913 2331 ιεράς
932 2260 979 2318 ἐπὶ
997 2267 1054 2317 τών
1073 2261 1103 2319 ἐν
1121 2260 1280 2332 α’πσγνώσει
1300 2264 1398 2336 δεομέ-

255 2353 313 2386 νων
336 2336 478 2402 βσήθείας
502 2330 631 2403 ἐσχάτης.
673 2331 770 2403 γρήσις
795 2330 828 2387 δέ
851 2330 956 2401 ταύτης
974 2333 1024 2386 καὶ
1042 2331 1121 2400 παρά
1140 2336 1279 2402 Σώφρονι
1298 2330 1328 2388 ἐν
1346 2336 1398 2402 τῷ·

255 2397 362 2469 κινήσω
385 2396 415 2454 δ’
438 2397 477 2470 ήδ
514 2401 564 2453 καλ
587 2399 638 2455 τὸν
656 2396 712 2485 ἀφ’
737 2398 825 2468 ίεριὶς,
863 2398 939 2454 ἔνθα
963 2402 1054 2456 λείπει
1072 2399 1112 2455 τό·
1137 2400 1242 2455 πεσσὸν
1264 2393 1396 2470 ήλίθον.

254 2463 377 2530 Ἀλκαῖος
400 2460 453 2522 οὖν
477 2422 508 2523 ἐκ
531 2465 657 2537 πλήρους
681 2488 693 2521 ε
722 2490 737 2537 η
761 2466 806 2522 τό·
831 2465 951 2537 κινήσας
974 2465 1026 2543 τὸγ
1050 2466 1143 2539 πήρας
1161 2466 1285 2523 πυκινὸν
1302 2475 1397 2530 λίθον,

256 2534 503 2615 κωμικευσάμενος
529 2532 638 2597 ἐκεῖνος
661 2489 717 2589 κώδ
734 2531 799 2589 α’ντὶ
822 2539 874 2615 τού
890 2534 975 2618 ,ἱεράς
992 2557 1030 2599 ως
1049 2534 1081 2591 έν
1098 2534 1217 2605 παρόδῳ
1235 2534 1350 2605 γράψας
1368 2536 1400 2590 τὸ

255 2624 359 2673 πήρας.
396 2601 549 2670 Θεόκριτος
567 2602 599 2656 δὲ
619 2599 650 2657 ἐν
667 2606 719 2674 τω·
744 2605 793 2657 καὶ
811 2624 860 2657 ιον
878 2623 936 2658 απο
954 2607 1086 2673 γραμμάς
1105 2611 1182 2659 κινεῖ
1198 2608 1299 2665 λίθον,
1319 2604 1400 2667 ἰδίως

173 2662 181 2681 “
255 2674 289 2740 τῇ
309 2668 434 2735 ἐλλείψει
454 2674 570 2740 χρήται,
595 2670 806 2740 παραπέμψας,
831 2676 934 2740 φασίν,
958 2667 1049 2741 ἤγουν
1073 2671 1217 2741 σιωπήσας
1235 2671 1288 2756 τήν
1307 2669 1398 2740 ίεράν.
1481 2680 1487 2689 ’

257 2741 340 2819 δοκεῖ
357 2737 389 2792 δέ
407 2740 485 2806 παραὶ
508 2737 540 2791 τὸ
557 2737 673 2860 γράμμα
692 2740 740 2792 καί
760 2737 837 2823 όήμα
861 2737 937 2793 εἶναι
956 2744 1138 2809 γραμμίζειν,
1163 2735 1213 2821 άερ’
1233 2760 1268 2795 σν
1294 2736 1399 2796 παιδιά

256 2826 299 2867 τις
317 2826 332 2859 σ
353 2809 591 2875 διαγραμμισμος.
644 2812 737 2874 γίνετο
763 2810 805 2873 δε,
825 2826 923 2875 φασιν,
944 2805 1017 2876 αὕτη
1036 2810 1154 2878 κυβείας
1168 2826 1240 2861 ουσα
1254 2809 1332 2871 εἶδος
1351 2806 1400 2863 διὰ

256 2876 313 2926 τών
332 2869 364 2927 ἐν
381 2877 532 2934 πλινθίοις
549 2870 659 2942 ψήφων
677 2870 816 2943 ἑξήκοντα
835 2878 943 2929 λευκῶν
961 2895 991 2929 τε
1009 2869 1069 2944 ἅμα
1085 2876 1134 2929 καί
1147 2879 1297 2944 μελαινῶν.
1335 2880 1399 2945 χρή-

258 2959 301 3001 σις
324 2944 375 2996 τοῦ
398 2944 536 3009 παιγνίου
558 2944 644 2995 τοῦδε
668 2942 746 3007 παρὰ
771 2940 909 3012 Φιλήμονι
934 2939 966 2997 ἐν
989 2946 1041 3012 τῷ·
1068 2941 1172 3013 μεθύει
1198 2947 1399 3014 διαγραμμίζει

256 3005 381 3078 κυβεύει.
419 3014 454 3061 cs.
474 3012 572 3061 Pollux
589 3013 672 3063 VIIII
688 3012 731 3063 99.
1376 3070 1380 3078 .

269 3138 277 3157 ‚
327 3080 425 3144 Ἀσήρ,
445 3079 536 3129 ὃσΙτοΙ.
557 3079 629 3155 Ρλοή.
648 3083 714 3145 LyS.
731 3081 791 3141 115,
811 3083 827 3130 5
847 3100 871 3147 p.
892 3082 987 3147 3lsssq.
1007 3083 1112 3132 Rakk:
1130 3072 1352 3149 Ἀστραγαλίζειν
1368 3076 1400 3133 τδ

257 3140 447 3225 αστραγάήοις
465 3146 586 3266 παίήειν,
605 3164 676 3215 οπερ
694 3146 743 3200 καὶ
761 3141 904 3214 άστρίζειν
923 3145 1034 3215 ἔλεγον,
1059 3142 1121 3200 ἐπεὶ
1144 3148 1194 3201 καλ
1212 3144 1278 3209 τούς
1297 3146 1400 3216 οἱστρα-

155 3218 158 3224 ’
257 3208 363 3281 γάλονς
380 3230 510 3291 αστριας,
531 3208 647 3266 κάλσυν.
683 3218 875 3282 Καλλίμαχος·

398 3330 399 3334 ,
426 3285 526 3348 ζορκος
544 3299 603 3346 τοι,
629 3287 695 3349 φίλε
713 3285 814 3349 κοῦρε,
838 3278 1009 3351 Λιβύστιδσς
1028 3275 1132 3336 αὐτίκα
1152 3278 1231 3336 δώσω

528 3372 544 3401 ιι
564 3372 579 3401 ι·
597 3372 612 3402 ι
632 3348 823 3419 νεοσμήκτσος
841 3344 967 3414 άστριας.

258 3412 330 3470 ἔνιοι
355 3413 387 3470 δέ
411 3409 562 3499 α’στρίχονς
586 3421 684 3487 φασίν.
730 3421 861 3482 παίζεται
892 3419 923 3471 δέ
951 3411 1140 3486 α’στραγάλοις
1163 3416 1327 3486 τέσσαρσιν,
1351 3419 1400 3472 καὶ

258 3482 300 3545 είς
319 3481 435 3545 ἕκαστος
453 3482 632 3554 αστράγαλος
649 3482 768 3546 πτώσεις
787 3483 844 3554 έχει
863 3483 999 3551 τέσσαρας
1013 3482 1042 3550 ἐξ
1056 3481 1217 3554 ἑβδομάδος
1230 3482 1303 3539 κατά
1322 3480 1401 3540 άντί-

258 3555 347 3605 θετον
376 3555 563 3621 συγκειμένας
586 3547 678 3620 ὥσπερ
703 3549 718 3605 ὁ
742 3550 842 3621 κύβος·
872 3551 929 3634 έγει
953 3551 985 3606 δὲ
1007 3548 1191 3622 α’ντικείμενα
1213 3551 1328 3622 μονάδα
1351 3555 1400 3607 καλ

258 3615 359 3685 έξάδα,
379 3618 441 3673 εἷτα
460 3618 565 3687 τριάδα
583 3622 632 3676 καλ
650 3617 788 3687 τετράδα·
812 3615 830 3687 ή
856 3640 910 3688 γαρ
930 3618 1001 3681 δυάς
1019 3621 1070 3674 καὶ
1088 3618 1194 3683 πεντάς
1213 3617 1260 3675 ἐπὶ
1278 3625 1333 3675 τῶν
1352 3618 1421 3674 κύ-’

258 3690 315 3757 βων
333 3682 429 3752 μόνων
445 3686 704 3759 παραλαμβάνεται
719 3685 768 3741 διά
786 3685 818 3740 τὸ
837 3683 965 3750 ἐκείνους
984 3683 1156 3758 ἐπιφανείας
1176 3687 1252 3758 ἔχειν
1271 3687 1310 3754 έξ.
1346 3687 1401 3743 είσλ

259 3753 291 3809 δέ
311 3753 344 3809 αί
361 3752 506 3825 σύμπασαι
525 3761 581 3810 τών
603 3751 790 3824 άστραγάλων
812 3752 930 3816 πτώσεις
954 3751 1027 3825 ὁμοῦ
1053 3757 1196 3822 τεσσάρων
1214 3760 1400 3826 παραλαμβα·

259 3821 388 3892 νομένων
406 3823 489 3877 πέντε
508 3825 557 3877 καὶ
576 3822 739 3891 τριάκοντα.
774 3823 881 3877 τούτων
900 3821 932 3877 δὲ
951 3823 984 3878 αί
1000 3822 1054 3894 μέν
1072 3827 1150 3877 θεῶν
1163 3822 1236 3884 εἰσιν
1246 3820 1401 3893 ἐπώνυμοι,

259 3888 292 3943 αί
310 3889 342 3944 δέ
359 3886 472 3959 ήρώων,
496 3890 530 3945 αί
553 3890 584 3945 δέ
608 3890 762 3961 βασιλέων,
787 3890 820 3945 αί
841 3889 873 3945 δέ
894 3888 1019 3957 ἐνδόξων
1038 3886 1167 3959 άνδρων,
1194 3890 1228 3945 αἱ
1245 3890 1277 3946 δὲ
1297 3888 1417 3959 έταιρίν

343 4042 359 4091 5
375 4024 528 4109 Σώφρων]
546 4037 583 4089 98
597 4034 720 4090 Αλνιπε.
736 4026 749 4111 ΙΙ
765 4021 994 4127 λἈλκαῑοςήβλ
1009 4034 1117 4107 Bet-911.
1133 4026 1179 4114 Ιήθ
1195 4031 1252 4090 νῦν
1268 4022 1310 4111 δ’]
1326 4031 1401 4108 ς[οι.

260 4127 337 4174 tasse
363 4119 546 4173 scribendum
567 4116 625 4173 νῦν
639 4109 697 4193 γάρ
724 4121 768 4174 vel
789 4117 847 4175 νῦν
867 4106 896 4173 δ’
920 4110 1013 4191 ανθ’,
1038 4129 1069 4176 ιιι
1089 4121 1201 4192 ιἰιιιρει·
1221 4123 1259 4178 sit
1281 4121 1400 4176 versus’

263 4203 406 4275 Βινρλίκε
421 4195 434 4279 ΙΙ
449 4194 594 4273 έπικρετεῐ
606 4199 768 4275 Βσιρλίιωι
779 4198 926 4275 έπικρέκει
938 4206 1019 4277 vulgo
1035 4198 1048 4283 ΙΙ
1063 4214 1079 4264 9
1093 4186 1228 4280 ἀπ”ίρας
1241 4205 1402 4276 Βινρλιίκτι

259 4283 363 4359 πείρας
379 4289 461 4358 vulgo
476 4278 490 4364 ή
503 4279 641 4364 πυκινόν]
660 4287 803 4359 ‘fortasse
820 4281 977 4363 πύματον’
993 4290 1140 4361 Βινρλίιω
1155 4282 1169 4368 ήΙ
1187 4298 1218 4349 10
1235 4284 1400 4369 Θεοκρίτιμ]

266 4373 310 4428 VI
324 4378 357 4429 18
372 4373 412 4445 cf.
428 4371 589 4429 Μιίκιλίκε
599 4391 632 4444 μ,
649 4377 708 4428 243
