3194 5004
267 358 329 422 532
648 432 651 437 .
675 378 709 419 ru
726 374 826 418 vrrsn
842 374 997 417 sansurn

268 532 307 591 tis
323 547 354 610 p.
371 537 422 592 151
436 546 505 610 sqq.
520 530 601 588 conl.
619 548 796 587 excursuum
811 548 842 606 p.
857 533 917 601 113,
933 526 1055 586 Keilius
1070 514 1091 585 l.
1106 546 1130 585 s.
1146 544 1182 599 s,
1199 533 1353 602 postremo
1368 522 1403 582 in

269 633 455 692 nitidissima
468 631 609 691 Terentii
625 630 761 689 editione
776 629 923 690 Alfredus
938 628 1170 689 Fleckeisenus.
1208 627 1345 705 Quorum
1357 636 1403 687 te·

269 756 340 794 men
365 735 481 793 nullum
507 732 540 791 id
562 731 645 813 quod
666 752 773 792 verum
791 731 900 791 haberi
920 733 1019 812 possit
1044 731 1221 792 adsecutum
1246 740 1402 810 putamus:

270 835 352 916 quod
368 857 435 895 cum
449 836 574 914 longum
588 836 628 895 sit
642 835 821 913 singillatim
835 835 997 914 persequi,
1021 835 1054 893 in
1075 835 1179 914 paucis
1203 831 1292 893 nobis
1308 832 1403 894 subsi-

269 937 413 997 stendum
432 938 649 1015 intellegimus.
686 937 735 995 Ac
755 938 883 1015 primunr
906 936 1030 1017 quidem
1053 956 1120 996 eum
1141 956 1262 995 versum
1284 936 1336 1016 qui
1358 944 1404 995 est

270 1039 387 1098 medius
403 1060 467 1099 non
482 1038 614 1098 vidimus
631 1060 649 1098 a
665 1058 817 1118 quoquam
832 1039 875 1097 ita
890 1039 1123 1114 conformatum,
1146 1040 1220 1119 quin
1242 1048 1294 1098 aut
1315 1039 1404 1097 nimis

270 1143 388 1222 asperis
410 1142 462 1201 a'ut
482 1142 572 1203 nimis
593 1139 745 1201 debilibus
766 1140 899 1201 numeris
923 1139 1049 1199 incedat
1070 1149 1122 1200 aut
1142 1140 1180 1199 sb
1202 1150 1331 1220 utroque
1352 1160 1404 1218 ge-

270 1258 345 1304 nere
365 1243 495 1319 laboret.
532 1245 652 1303 Nervos
674 1264 739 1303 non
759 1226 854 1302 babet
878 1262 968 1324 quem
983 1243 1140 1322 Scaligero
1163 1242 1240 1302 duce
1263 1243 1404 1323 plerique

271 1347 385 1407 exitum
398 1346 568 1427 probarunt
586 1346 713 1421 pentibus
730 1348 829 1411 debon
851 1344 943 1405 durus
965 1354 1013 1405 est
1028 1355 1059 1405 et
1073 1346 1235 1423 inelegans
1251 1344 1405 1423 dactylico

270 1449 421 1510 vocabulo
441 1449 679 1528 comprehensus
703 1446 843 1526 dactylus
865 1450 989 1519 Pollius,
1020 1448 1103 1528 qnod
1123 1468 1236 1508 nomen
1259 1467 1276 1506 e
1293 1451 1407 1522 popula

271 1551 353 1611 idem
373 1552 426 1610 ille
442 1551 580 1628 Scaliger
604 1549 773 1624 efficiebat,
793 1550 844 1609 vel
865 1571 932 1609 cum
952 1551 1061 1625 repitus
1078 1559 1104 1609 el
1119 1551 1230 1626 populis
1246 1550 1330 1607 datm
1349 1550 1408 1609 fuit

242 1672 246 1679 ’
273 1655 325 1735 qui
345 1652 507 1728 suaderet3
536 1653 613 1712 nihil
635 1652 775 1733 proiecto
798 1654 916 1730 gratiae
936 1653 1015 1712 tales
1037 1653 1144 1732 quales
1165 1672 1264 1732 nuper
1284 1652 1405 1732 placue-

272 1765 343 1817 runt
356 1757 433 1816 ictus
448 1755 565 1814 habent
578 1755 687 1829 Po'pliri'
706 1757 789 1812 dubet
801 1756 933 1829 pentibus.
970 1756 1139 1814 Praeterea
1153 1774 1243 1822 nemo
1259 1754 1317 1814 fuit
1333 1755 1407 1835 quin

273 1854 341 1918 cnm
360 1858 393 1917 in
414 1858 473 1918 boc
493 1877 584 1917 versu
604 1866 670 1917 tum
688 1858 721 1916 in
743 1857 840 1936 primo
862 1866 915 1916 aut
935 1856 1081 1917 addendo
1104 1866 1156 1918 aut
1170 1856 1340 1917 resecando
1357 1866 1410 1915 aut

272 1960 507 2041 transponendo
527 1961 605 2020 fines
625 1959 795 2019 modestiae
816 1960 958 2048 licentius
978 1959 1114 2038 migrarit
1136 1958 1288 2039 fidemque
1316 1958 1407 2018 libro·

273 2084 340 2125 rum
362 2064 450 2123 nimis
470 2082 582 2141 magno
604 2063 768 2125 intervallo
777 2061 954 2142 'reliquerit
990 2063 1212 2137 Porroant'em,
1229 2062 1409 2120 Terentium
1446 2052 1449 2056 ’

276 2184 344 2226 esse
360 2165 401 2225 ad
417 2185 508 2247 quem
522 2165 554 2223 hi
569 2184 675 2225 versus
690 2173 841 2245 spectent,
859 2185 919 2245 qno
934 2162 1062 2224 tandem
1076 2163 1191 2223 indicio
1207 2164 1347 2241 intellegi
1363 2162 1408 2222 di·

276 2267 350 2328 ces?
372 2267 455 2353 quod
475 2267 583 2327 merito
605 2266 767 2327 offendens
784 2267 922 2346 Scaliger
944 2287 1009 2327 cum
1030 2275 1143 2346 poetae
1163 2286 1278 2325 nornen
1297 2267 1342 2325 sic
1363 2266 1409 2325 in·

276 2370 386 2430 ferret:
420 2372 484 2427 Hoc
503 2369 578 2445 quad
596 2379 732 2428 uocantur
753 2370 871 2444 fribulae
894 2369 1027 2439 Terentii,
1054 2389 1072 2427 e
1093 2367 1232 2428 conflatis
1253 2373 1360 2427 terentii
1379 2376 1411 2427 et

273 2474 396 2548 pentibus
415 2470 542 2531 vocibus
557 2480 733 2551 portentum
754 2472 924 2550 scripturae
948 2474 1150 2528 recensentibus
1170 2479 1331 2551 repetens,
1354 2470 1410 2529 ali-

276 2573 351 2654 quid
366 2572 453 2649 vidit
470 2594 535 2633 rem
548 2574 648 2653 ipsam
663 2594 726 2633 non
742 2572 886 2652 pervidit.
918 2572 986 2631 Nec
1001 2590 1066 2631 cum
1082 2571 1222 2652 perbona
1236 2573 1411 2631 coniectura

276 2674 452 2736 Friderieus
467 2675 761 2737 Windischmannus
776 2677 809 2735 in
821 2674 981 2734 Welckeri
994 2674 1170 2755 Naekiique
1185 2676 1293 2735 Museo
1308 2675 1410 2734 Rhen.

277 2789 299 2852 1,
316 2799 347 2857 p.
363 2787 415 2841 113
429 2778 612 2858 principium
627 2798 733 2838 versus
750 2777 839 2858 primi
854 2778 899 2836 sic
913 2777 1050 2837 sanavit:
1077 2779 1171 2835 Tuae
1189 2794 1262 2851 quoe
1276 2786 1413 2835 uocantur

278 2899 306 2939 e.
322 2898 353 2959 q.
368 2899 402 2953 s,
418 2880 495 2939 illud
512 2881 621 2953 effecit,
637 2880 733 2960 ipsius
748 2887 782 2938 nt
796 2879 1052 2957 significationem
1067 2887 1180 2959 poetae
1193 2897 1236 2939 ne
1253 2877 1412 2938 desidere·

283 2998 469 3008 ...ιι-...-

278 3066 337 3117 Non
357 3066 405 3117 liris
428 3070 471 3132 qrn'
488 3067 548 3115 iura
571 3066 688 3130 populis,
717 3080 797 3131 regna
819 3064 962 3115 nationibus
984 3064 1062 3115 dabat
1085 3063 1224 3115 Barthius.
1265 3066 1324 3116 Hae
1348 3080 1416 3131 qaae.

277 3158 401 3201 uocanmr
418 3150 555 3215 (auraretur
572 3148 672 3215 nuper)
687 3149 791 3213 sobnae
809 3154 912 3199 caiacne
929 3152 1007 3199 eant?
1040 3151 1099 3201 Non
1116 3148 1163 3200 lias
1180 3152 1224 3217 qni
1238 3152 1296 3201 tura
1311 3152 1413 3216 populis

279 3236 339 3286 end·
358 3235 429 3285 dibus
453 3232 530 3299 (endo
548 3232 618 3283 dibus
635 3232 736 3301 nuper)
759 3235 838 3285 datm
859 3235 984 3284 Bothius.
1021 3234 1089 3285 Cum
1106 3235 1253 3301 Rutgersio
1276 3235 1414 3286 iacientes

278 3321 308 3370 in
325 3321 411 3386 primo
429 3334 510 3370 versu
537 3317 586 3379 Qor
605 3321 663 3369 iura
682 3321 785 3384 populis
805 3319 997 3384 implorantibus
1016 3318 1071 3384 (vel
1089 3320 1313 3385 esdopererribu)
1336 3320 1415 3371 dabat

278 3406 407 3467 Beierus‚
433 3403 480 3466 Qui
496 3409 554 3455 iura
568 3405 685 3469 popidis,
706 3404 914 3471 reprimentibus
931 3405 1010 3456 dabat
1027 3406 1161 3471 Vngerus.
1202 3405 1269 3456 Tuae
1287 3421 1352 3471 qaae
1369 3422 1414 3456 ao-

278 3497 370 3541 ccmtur
384 3489 502 3554 subulae,
521 3505 571 3540 non
587 3496 645 3540 sant
663 3496 729 3540 triae.
756 3491 845 3541 Nonne
868 3492 927 3549 bue,
951 3493 993 3557 qui
1010 3495 1067 3541 iura
1084 3491 1186 3556 regibus
1204 3497 1234 3540 et·
1243 3491 1346 3555 populis
1370 3492 1414 3541 da·

279 3575 323 3625 bat
340 3574 458 3625 Keilius.
498 3575 566 3625 litae
585 3590 650 3640 quae
668 3581 792 3625 merentur
805 3575 909 3639 fabulae
927 3577 1031 3626 caiaene
1048 3578 1124 3626 auat?
1148 3576 1207 3627 Non
1223 3577 1277 3638 lias,
1297 3577 1415 3641 quitum

279 3661 386 3725 Pepliua
402 3660 480 3710 dabat
490 3660 607 3725 pentibus
624 3660 832 3711 Fleckeisenus.
845 3687 878 3696 -
896 3661 1029 3731 Nimirum
1041 3660 1140 3711 Bothio
1153 3662 1306 3726 Beieroque
1324 3661 1417 3711 fraudi

280 3745 333 3795 fuit
344 3744 562 3796 Lindcnbrucbii
574 3762 600 3811 p.
614 3743 664 3794 622
678 3745 721 3795 cd.
734 3746 796 3796 Par.
808 3745 878 3796 haee
891 3746 1045 3796 adnotatio:
1065 3744 1211 3797 ‘Terentius
1222 3742 1312 3811 dabat]
1325 3745 1370 3795 lta
1382 3762 1416 3795 ex

281 3844 342 3880 uss.
360 3832 517 3881 restitutum
535 3836 584 3892 cst,
599 3845 713 3897 quorum
726 3830 796 3881 alter
807 3831 848 3880 sic
860 3831 945 3881 habet
964 3856 1032 3870 ·····
1039 3833 1096 3884 esd'
1108 3831 1163 3883 thas
1180 3832 1267 3882 dabat.
1285 3830 1360 3896 vulg.
1372 3846 1424 3896 pe·-

281 3914 389 3965 tcntibus
406 3914 502 3966 dabat)
540 3916 618 3978 Quae
636 3917 666 3965 in
684 3915 805 3966 editione
818 3908 1046 3967 Francofurtensi
1062 3919 1103 3967 sic
1115 3922 1221 3968 mutata
1239 3920 1302 3966 sunt
1313 3932 1339 3982 p.
1352 3914 1415 3967 632:

282 4001 396 4066 ‘Populie
412 4000 471 4051 end'
483 4001 539 4051 ibus
556 3997 646 4067 dabat]
671 4002 715 4051 Ita
734 4017 794 4052 ress.
808 4002 944 4053 Danielis.
962 4002 1037 4068 vulg.
1055 4003 1199 4067 petentibus
1216 4002 1303 4053 dabat
1322 3999 1358 4050 al.
1377 4016 1425 4050 re-·

282 4076 459 4137 censentibus!
493 4085 569 4136 Nulli
588 4086 699 4136 fuerunt
716 4084 802 4137 ‘ress’
820 4087 955 4151 Danielis,
976 4087 1024 4138 sed
1041 4102 1112 4138 unus
1129 4102 1174 4137 irs.
1210 4089 1252 4137 Ex
1271 4089 1329 4138 eius
1347 4074 1425 4137 rubr·⁴

283 4171 346 4235 gine
366 4168 434 4237 (non
457 4173 501 4222 ‘ex
518 4170 605 4237 uss’)
630 4172 788 4222 adsciverat
810 4172 838 4221 in
856 4173 1012 4224 Parisinam
1034 4173 1167 4224 Tarentnas
1188 4189 1295 4225 nomen.
1331 4175 1419 4236 Quem

283 4253 407 4307 ‘aeeon‘
420 4256 496 4318 dicit,
514 4271 569 4306 non
587 4257 642 4306 fuit
660 4256 730 4307 alter
741 4258 884 4308 Parisinus
896 4264 990 4309 noster
1002 4257 1077 4319 7921,
1096 4259 1145 4308 sed
1158 4264 1207 4308 aut
1219 4258 1371 4309 Continuus
1388 4263 1420 4308 ut

282 4345 348 4406 puto
367 4345 415 4391 aut
432 4340 609 4392 Ouiscianua.
646 4342 796 4393 Praeterea
815 4344 860 4408 qui
876 4343 1020 4409 petentibus
1038 4343 1157 4394 ediderit
1173 4344 1336 4410 non·rnagis
1354 4344 1426 4394 novi*

284 4440 365 4489 qnam
378 4426 424 4490 qui
436 4426 582 4487 nolentibus,
596 4427 667 4492 quod
678 4428 707 4477 in
719 4443 827 4479 suarum
841 4429 990 4480 editionum
1003 4430 1153 4482 norissima
1165 4434 1284 4481 testatur
1293 4428 1427 4479 Botlrius.¹
