3194 5004
522 431 550 470 r.
566 428 746 471 muscarum
762 425 1006 468 coruuursurvs
1264 403 1326 464 497

193 593 251 643 cat.
295 582 460 641 Terentius
477 600 494 640 e
510 576 679 639 contrarioi
694 598 780 653 quum
796 596 847 637 uos
859 578 997 651 facillime
1011 573 1117 651 uydm',
1138 594 1217 654 quae
1233 574 1328 632 verba

193 692 264 743 sunt
278 682 414 762 Adelph.
427 661 460 740 ἦ.
476 693 544 745 501:
567 690 712 759 recteque
733 680 791 738 hoc
807 699 904 757 genus
926 677 1075 758 loquendi
1095 678 1156 735 iam
1170 676 1327 737 Adrianus

194 784 359 845 Turnebus
377 785 543 863 explicavit
557 782 725 842 Adversar.
741 792 803 853 xx,
820 790 863 843 33.

278 885 410 947 Versu'l
430 887 537 945 mirum
560 894 605 943 est
626 883 835 963 planissimam
854 882 1043 942 sententiam
1061 882 1217 959 negotium
1231 880 1328 944 faces·

195 988 263 1048 sere
285 988 443 1065 Scaligere
464 988 587 1066 Guyeto
602 986 733 1047 Heinsio
756 986 932 1044 Burmeuno
954 984 1107 1064 potuisse,
1128 981 1329 1041 inutilissimis

194 1090 379 1149 coniecturis
404 1090 548 1148 librorum
573 1089 752 1167 scripturam
777 1085 1023 1147 sollicitantibus.
1073 1084 1199 1163 Iosepbi
1230 1092 1330 1142 autem

196 1191 358 1269 Scaligeri‚
383 1191 435 1270 qui
449 1190 551 1251 Porcii
565 1209 672 1249 versus
688 1209 706 1246 a
721 1208 756 1248 ee
770 1196 803 1247 ut
818 1189 861 1248 ait
876 1188 1039 1265 castigatos
1055 1184 1330 1245 animadversioni·

195 1290 251 1351 bus
277 1294 310 1351 in
331 1291 459 1351 Eusebii
482 1290 708 1368 Chronologicu
728 1291 789 1350 suis
816 1289 945 1349 inseruit
966 1309 999 1376 P:
1017 1296 1064 1350 144
1085 1287 1134 1350 ed.
1158 1288 1220 1361 alt,
1248 1287 1332 1366 qnod

197 1393 321 1452 omuino
338 1393 453 1452 nullam
474 1393 580 1451 iubae
600 1400 665 1451 tota
687 1391 895 1471 disputatione
921 1391 1109 1450 mentionem
1130 1389 1206 1448 feci:
1233 1389 1332 1447 feten-

199 1494 271 1553 dum
286 1503 332 1555 eet
347 1504 471 1573 praeter
485 1515 578 1553 uuum
592 1514 715 1553 versum
729 1502 863 1568 sextum,
883 1491 935 1553 ubi
956 1495 1014 1550 olu't
1028 1496 1058 1549 in
1079 1494 1230 1549 Grueciem
1248 1500 1331 1550 recto

197 1594 309 1655 iudicio
327 1596 439 1668 edidit,
461 1597 494 1655 in
510 1596 636 1681 reliquis
652 1614 731 1675 quee
746 1616 802 1655 sua
816 1615 887 1655 usus
903 1594 1079 1653 coniectura
1093 1594 1255 1673 proposuit
1270 1612 1332 1651 om·

198 1697 342 1757 tribusne
358 1718 450 1758 unam
465 1696 590 1777 quidem
606 1718 684 1777 quae
705 1698 829 1778 probari
851 1697 950 1777 possit
969 1696 1103 1755 litteram
1118 1716 1196 1756 esee.
1240 1692 1332 1777 Quod

199 1819 265 1859 cum
279 1798 376 1859 libere
392 1800 552 1880 profiteor,
576 1820 639 1858 non
661 1819 729 1859 csse
747 1798 918 1858 verendum
938 1808 1012 1877 puto
1035 1818 1074 1857 ne
1097 1797 1136 1856 de
1157 1798 1262 1874 magni
1276 1797 1334 1855 viri
1410 1820 1413 1825 ¹

199 1902 293 1980 plane
309 1902 416 1961 divina
430 1902 542 1961 virtute
559 1901 721 1981 quicquum
735 1900 900 1960 detrahere
918 1900 1143 1959 inreverentiae
1158 1898 1277 1958 videar.

282 2004 358 2080 Peg.
374 2003 430 2075 28,
452 2002 471 2063 9
495 2003 570 2082 quin
590 2011 673 2062 recte
690 2004 810 2060 Caecilio
826 2020 938 2060 nomen
960 2000 1049 2076 (item
1063 2008 1097 2058 ut
1117 2020 1148 2078 p.
1164 2008 1246 2073 l9,3
1266 2002 1335 2082 Cae·

200 2101 268 2181 ciiii)
286 2105 396 2163 Petrus
413 2084 547 2179 Crinitus
563 2105 722 2184 Liliueque
736 2102 892 2188 Gyreldus
908 2103 1107 2177 restituerint,
1124 2121 1200 2180 quos
1212 2111 1337 2181 praeter

200 2205 341 2283 Pighium
356 2213 387 2263 et
401 2205 543 2265 Vossium
559 2224 664 2265 omnes
680 2205 776 2264 secuti
790 2213 876 2278 suut,
900 2203 1030 2263 dubitari
1053 2224 1117 2262 non
1132 2203 1247 2281 petitur
1260 2205 1336 2264 Hie·-

199 2307 322 2386 ronymi
337 2307 509 2366 auctoritas.
533 2309 647 2367 Verum
661 2306 745 2366 idern
759 2326 826 2366 cum
838 2304 1004 2366 Caecilium
1021 2307 1177 2363 ‘mortuum
1188 2323 1249 2364 cece
1261 2326 1337 2366 canc

196 2418 265 2484 post
286 2417 404 2468 nrortem
429 2411 518 2467 Ennii
543 2419 571 2468 et
595 2413 681 2467 iuxta
703 2410 867 2467 Ianiculum
897 2404 1054 2481 sepultum'
1081 2406 1198 2481 tradat,
1232 2409 1335 2485 gravis

202 2512 294 2589 longo
312 2532 352 2570 ex
365 2520 503 2589 tempore
520 2510 730 2570 controversie
744 2518 810 2568 orta
826 2517 887 2581 est,
911 2507 1064 2579 Caecilius
1081 2510 1133 2589 qui
1149 2508 1257 2569 audire
1271 2511 1336 2569 An·

203 2612 299 2673 driam
319 2608 551 2692 praelegenteni
572 2613 753 2672 'Ferentium
776 2611 926 2691 potuerit:
954 2611 1079 2691 quaudo
1103 2612 1253 2670 Andriam
1273 2632 1338 2670 non

201 2715 301 2774 miuus
323 2724 435 2773 certum
461 2723 508 2773 est
528 2723 684 2777 anuo588
704 2723 802 2772 actam
824 2733 914 2792 quum
929 2713 1065 2771 Ennium
1085 2722 1234 2772 mortuum
1254 2734 1337 2773 anno

176 2847 182 2859 ·
202 2824 263 2879 585.
300 2816 364 2875 Aut
378 2816 470 2893 igitur
486 2815 602 2895 duplex
616 2816 674 2874 fuit
694 2815 734 2875 de
755 2824 853 2874 morte
870 2813 998 2876 Caecilii
1017 2816 1178 2893 memoria,
1202 2824 1254 2874 eut
1274 2834 1338 2875 cor

203 2918 323 2996 ruptela
338 2918 415 2976 lutet
429 2906 462 2976 in
477 2917 579 2981 verbis
594 2918 788 2997 Hieronymi.
815 2918 882 2977 Nec
898 2918 980 2976 euim
994 2917 1047 2976 vel
1063 2916 1102 2976 de
1117 2919 1221 2997 priore
1236 2918 1340 2998 eliqua

203 3020 326 3079 ectione
340 3018 481 3079 Andriae
496 3029 579 3080 recte
596 3021 760 3098 cogitetur,
779 3039 838 3079 nec
854 3018 895 3078 de
910 3039 1059 3078 annorum
1074 3019 1238 3079 intervallo
1257 3019 1340 3099 quod

202 3123 286 3185 iuter
299 3122 540 3201 praelectionem
555 3123 619 3181 eius
635 3122 758 3182 fabulae
775 3131 805 3181 et
819 3121 971 3181 actionem
985 3122 1209 3180 intercesserit:
1226 3120 1266 3180 de
1280 3141 1339 3201 quo

203 3223 407 3302 praelegendi
422 3224 551 3283 consilio
567 3223 705 3304 pluribus
722 3222 911 3303 disputatum
926 3230 973 3282 est
987 3223 1114 3301 Pererg.
1131 3244 1163 3301 p.
1179 3231 1240 3286 329.
1279 3219 1345 3282 Ite·¹

205 3346 265 3405 que
281 3345 347 3384 cum
363 3326 467 3405 aliqua
487 3326 598 3385 lacuna
618 3324 759 3385 laborare
775 3325 866 3384 etiem
887 3325 1027 3405 proxime
1040 3325 1224 3403 Hieronymi
1247 3322 1343 3382 verba

206 3426 240 3487 C.
255 3428 292 3486 F.
309 3428 504 3486 Hermanuus
526 3427 693 3485 coniecerit
713 3428 971 3485 commentatione
985 3425 1033 3486 -de
1054 3424 1252 3503 scriptoribus
1275 3425 1341 3484 illu·

204 3527 315 3588 stribus
337 3526 421 3608 apud
440 3528 664 3607 Hieronymum
685 3529 858 3587 memoratis
880 3527 1099 3604 Goettingensi
1125 3527 1200 3585 anni
1224 3536 1290 3589 rete
1311 3547 1341 3605 p.

204 3641 293 3710 4sq.,
314 3629 397 3689 haud
420 3629 483 3688 scio
499 3649 541 3687 an
561 3629 720 3719 intendem
734 3630 785 3687 via
806 3629 972 3708 paullo*sit
997 3629 1118 3706 lougius
1141 3626 1343 3707 progredien·
1415 3674 1419 3682 .

207 3729 278 3790 dum
303 3731 555 3810 librariorumque
575 3750 682 3789 manus
703 3730 744 3789 ad
765 3732 827 3790 tale
840 3731 915 3803 ‚lere
938 3720 1110 3810 exemplum
1131 3728 1342 3789 emendenda:

95 3862 100 3877 ⁸
206 3851 350 3894 HORTVVS
372 3850 430 3893 EST
452 3850 534 3892 ANNO
557 3850 634 3892 Posr
656 3851 783 3892 noudum
797 3851 884 3893 suun
905 3849 946 3891 III
957 3824 998 3893 mi
1018 3851 1115 3893 lvxrx
1129 3848 1199 3890 EVM
1212 3847 1248 3890 ΙΝ
1264 3850 1345 3891 IANI'

160 4008 163 4021 .
207 3952 284 3996 cvno
304 3952 476 3999 servimus:
507 3933 631 4014 quande
660 3954 759 3993 annus
781 3942 1000 4013 postmortem
1019 3935 1117 3993 Ennii
1142 3935 1249 3993 tertius
1276 3935 1343 4013 ipse

207 4046 259 4100 588
274 4037 339 4096 fuit.
383 4037 469 4097 Nihil
485 4038 581 4110 euim,
608 4055 666 4116 quo
690 4046 861 4115 temporum
881 4034 1121 4115 discrepantium
1142 4035 1228 4095 illem
1250 4052 1344 4114 expe·

94 4160 97 4165 ·
208 4138 302 4212 diret,
326 4138 513 4217 disputando
529 4140 725 4199 Hermennus
742 4138 889 4216 profecit,
914 4157 981 4197 cum
1002 4137 1041 4197 de
1056 4138 1161 4201 mortis
1183 4157 1266 4197 anno
1280 4137 1345 4195 En-

208 4241 321 4299 niauee
343 4240 452 4300 leviter
473 4251 583 4302 taxans
600 4239 759 4300 Ciceronis
779 4239 987 4299 testimonium
1009 4238 1103 4319 idque
1126 4239 1244 4319 duplex
1257 4239 1345 4297 Bruti

209 4362 233 4400 c.
249 4350 298 4413 20,
314 4350 349 4405 te
371 4351 402 4401 et
418 4343 528 4402 Oeten.
545 4355 576 4415 ὁ,
596 4353 641 4415 Η,
658 4342 709 4401 vel
725 4340 805 4400 odeo
821 4341 936 4419 triplex
952 4340 1032 4405 conl.
1047 4342 1132 4401 Brut.
1149 4350 1197 4413 18,
1213 4347 1263 4413 72,
1280 4348 1346 4398 tum

209 4441 249 4502 ‹le
271 4436 438 4517 aedilibus,
462 4447 514 4523 qui
535 4446 710 4525 praelectae
726 4441 865 4501 Andriae
887 4443 1098 4517 interfuerint,
1120 4441 1213 4501 valde
1236 4442 1346 4519 impro-

260 4575 378 4612 SVETOM
399 4575 462 4611 ura.
1104 4542 1144 4602 32
