3202 4998
709 418 813 459 esnvr
835 420 857 459 11
1292 380 1353 460 4317

215 569 422 645 cognoscimus
437 565 518 646 quod
534 570 737 647 proprietates
752 568 927 626 animalium
952 588 1115 648 eorumque
1132 589 1228 628 mores
1246 569 1355 648 quibus

214 668 417 728 adhominum
433 669 661 729 similitudinem
678 669 862 729 accederent
879 669 1114 730 narratiunculis
1126 667 1274 748 adpositis
1286 690 1354 748 per-

214 768 327 828 scribit.
353 771 551 849 paucahuius
570 770 640 829 libri
652 771 823 850 fragmenta
842 770 880 829 sd
903 791 958 831 nos
970 779 1193 850 pervenerunt,
1213 772 1355 850 quoniam

200 856 331 930 'Isidoro
343 871 374 930 in
386 872 462 930 libro
476 869 636 949 denatura
647 892 747 931 rerum
758 892 869 930 nonum
886 880 1000 932 tantum
1013 882 1164 952 pratorum
1178 872 1287 931 librum
1300 893 1353 932 ex-

117 971 126 1019 ῗ
215 992 341 1052 carpere
352 973 478 1052 placuit,
503 970 646 1035 babuisse
659 993 728 1033 eum
740 982 841 1032 tamen
855 972 1005 1033 decimum
1015 982 1170 1052 pratorum
1184 972 1292 1032 librum
1307 973 1355 1033 his

214 1075 363 1151 originum
374 1073 448 1133 locis
461 1073 591 1133 efficitur
602 1074 667 1133 XII
679 1084 710 1148 2,
726 1084 757 1136 12
767 1080 841 1132 sicut
852 1083 986 1132 asserius
998 1079 1048 1148 qui
1056 1083 1178 1133 naturas
1189 1079 1355 1133 estimatione

213 1180 404 1249 seripserunt,
418 1174 653 1249 iudanoma
665 1179 767 1251 quihus
778 1181 897 1235 tradunt
908 1181 935 1233 ei
943 1181 993 1250 qai
1002 1180 1037 1233 do
1045 1181 1230 1234 animantium
1243 1182 1356 1235 natiuis

213 1282 404 1351 sumpserunt.
434 1287 595 1356 praeterea
611 1277 649 1337 de
666 1278 838 1357 meropibus
860 1277 880 1334 l.
896 1298 922 1335 c.
939 1285 970 1349 7,
993 1287 1028 1340 34
1045 1275 1152 1335 eadem
1170 1279 1235 1337 lere
1250 1276 1354 1348 habet,

213 1397 294 1456 quae
309 1378 404 1441 schol.
425 1379 517 1438 Bern.
537 1379 557 1437 l.
575 1399 601 1437 o.
627 1379 745 1457 (fragm.
762 1376 825 1456 164)
843 1379 1024 1439 Suetonium
1049 1378 1188 1438 docuisse
1209 1380 1354 1438 referunt.

215 1500 276 1558 qna
286 1499 320 1539 re
336 1500 396 1539 non
410 1479 546 1540 dubitavi
561 1482 712 1559 originum
729 1480 837 1540 librum
850 1478 1078 1553 duodecimum,
1097 1480 1201 1560 quide
1217 1481 1355 1540 animali·

214 1580 271 1641 bus
291 1582 369 1660 agit,
398 1582 429 1641 in
454 1602 514 1661 quo
541 1592 702 1662 poetarum
726 1582 900 1641 testimonia
927 1581 1094 1641 lectissima
1120 1583 1355 1662 conspiciuntur,

214 1681 253 1740 ad
277 1681 523 1762 amplificandam
542 1693 665 1744 tenuem
694 1683 778 1743 illam
800 1683 974 1742 memoriam
996 1682 1156 1755 adbibere;
1191 1682 1245 1742 sed
1273 1683 1355 1763 quod
1393 1698 1402 1708 ’

214 1785 245 1842 in
269 1784 417 1862 originum
441 1785 525 1845 libris
551 1785 824 1845 diversissimorum
847 1794 1002 1861 auctorum
1024 1783 1356 1866 diversissimarumque

213 1905 314 1944 rerum
327 1886 462 1945 conlusio
477 1886 582 1946 turbas
593 1888 625 1946 in
641 1886 718 1947 libro
732 1885 770 1945 de
786 1894 896 1945 natura
912 1905 1012 1945 rerum
1027 1889 1151 1965 saepius
1168 1887 1288 1946 anobis
1303 1909 1357 1946 no·

214 1995 295 2046 tatas
311 1989 402 2046 etiam
417 1998 560 2066 superat,
578 2010 639 2049 nun
653 1989 738 2068 potui
759 1988 833 2067 quin
849 1985 1033 2046 notabiliora
1049 1996 1166 2046 tautum
1183 1988 1355 2066 salignam,

215 2108 253 2147 es
274 2098 376 2149 autem
397 2091 499 2149 omnia
520 2088 623 2169 quoad
643 2090 708 2149 eius
730 2089 796 2148 fieri
817 2096 920 2166 posset
938 2108 1110 2148 resecarem
1129 2108 1255 2179 quorum
1278 2090 1356 2150 alios

215 2198 356 2249 auctores
375 2189 585 2250 demonstrare
598 2191 715 2252 liceret.

300 2290 473 2351 Admodum
499 2311 572 2351 vero
601 2290 765 2352 dolendum
791 2299 839 2351 est
856 2291 942 2351 nullo
964 2300 1047 2351 certo
1070 2293 1243 2352 testimonio
1270 2293 1356 2355 nobis

216 2401 356 2452 constare
378 2394 435 2453 etsi
457 2413 603 2453 summum
624 2393 848 2472 probabilitatis
870 2392 999 2471 gradum
1019 2393 1141 2472 attingit
1163 2394 1243 2455 idem
1268 2416 1356 2473 argn-

216 2504 349 2555 mentum
365 2496 543 2556 Suetonium
564 2496 595 2554 in
616 2494 847 2576 insequentibus
868 2506 1021 2572 pratorum
1043 2494 1129 2556 libris
1152 2499 1357 2574 continuasse,

215 2605 249 2655 ut
272 2596 432 2657 undecimo
453 2596 624 2676 plantarum
653 2595 832 2655 duodecimo
854 2596 990 2675 lapidum
1009 2606 1134 2657 naturas
1160 2598 1355 2660 describeret

218 2719 345 2779 quoram
370 2700 499 2759 sortasse
526 2698 615 2779 plura
636 2697 773 2759 Isidorus
794 2699 825 2756 in
847 2700 979 2777 origines
998 2698 1050 2758 ubi
1070 2698 1192 2760 eosdem
1208 2703 1357 2761 naturalis

217 2802 361 2861 historiae
376 2801 461 2861 locos
478 2810 646 2881 pertractat
662 2800 861 2879 transcripsit.

299 2903 409 2963 Libros
424 2912 525 2963 autem
541 2902 712 2985 donateris
727 2922 826 2963 rerum
841 2903 979 2964 studiose
994 2902 1095 2962 medio
1111 2924 1189 2964 aevo
1207 2905 1358 2967 lectitatos

216 3025 284 3065 esse
297 3005 419 3067 Giraldi
434 3004 629 3066 cambrensis
647 3014 679 3066 et
694 3004 841 3066 Guilelmi
857 3006 1006 3086 Capellae
1024 3005 1063 3065 de
1079 3007 1207 3066 Auletta
1222 3009 1357 3068 testimo·

216 3109 276 3167 niis
298 3116 425 3169 constat.
461 3118 492 3168 et
513 3129 587 3169 vero
605 3109 636 3168 in
656 3108 759 3169 studia
776 3107 864 3167 liuius
882 3110 993 3170 aetatis
1009 3108 1172 3168 maximam
1187 3110 1247 3167 virn
1269 3130 1357 3169 exer·

216 3211 317 3269 unisse
331 3220 365 3270 ut
375 3209 559 3277 ¹Suetonium
573 3212 604 3269 in
616 3210 673 3269 hae
689 3209 812 3291 quidem
823 3231 856 3269 re
872 3212 938 3271 iure
955 3231 1020 3270 cum
1033 3211 1134 3269 Plinio
1147 3224 1177 3269 et
1192 3211 1358 3272 Aristotele

216 3311 384 3373 contendas
402 3313 495 3390 longa
509 3314 691 3372 imitatorum
710 3311 805 3371 series
825 3311 1011 3372 domonstrat
1030 3312 1082 3391 qui
1097 3312 1204 3372 eadem
1224 3316 1289 3374 sere
1311 3335 1358 3373 ar-

215 3424 361 3492 gumenta
381 3422 603 3493 pertractantes
623 3414 709 3473 libris
729 3415 791 3473 suis
815 3412 945 3473 cundem
966 3414 1086 3473 titulum
1106 3413 1146 3474 de
1176 3418 1291 3475 naturis
1307 3417 1358 3476 vel

216 3514 454 3597 proprietatibus
471 3535 572 3574 rerum
589 3516 817 3595 inscripserunt
846 3535 975 3596 quorum
991 3515 1126 3574 tabulam
1148 3519 1255 3594 exegit
1273 3518 1359 3577 l'itra

216 3617 441 3699 prolegomenis
456 3615 495 3674 ad
511 3616 662 3694 spicilegii
679 3616 881 3677 Solesmensis
897 3628 966 3678 tom.
982 3618 1032 3676 111
1047 3639 1078 3697 p
1096 3619 1250 3692 XXVIII,
1268 3640 1358 3700 quam

218 3721 267 3778 hio
284 3742 302 3779 a
316 3740 365 3780 nro
386 3716 617 3794 emendataw)
630 3719 789 3798 proposui:

223 3851 433 3865 *Oa—m

190 3981 197 3993 ·
285 3919 310 3985 *)
324 3922 439 3973 Praeter
452 3920 509 3972 alia
523 3934 583 3983 curn
594 3936 672 3986 quom
684 3922 770 3986 primo
780 3920 841 3970 loco
851 3922 942 3987 posuit
957 3922 997 3972 Fl.
1009 3923 1133 3973 Mallium
1144 3923 1314 3975 Theodorum
1324 3923 1358 3975 do

219 4012 318 4057 nstrrra
336 4022 425 4058 rerum
445 4007 531 4056 omisi.
562 4006 595 4056 de
614 4007 691 4056 cuius
709 4005 779 4057 libro
792 4006 943 4057 Salmasius
961 4008 1051 4072 praei.
1070 4009 1104 4058 ad
1117 4008 1270 4075 ampelium
1289 4010 1359 4059 haec-

219 4091 299 4140 dicit:
336 4108 385 4141 nou
403 4093 517 4141 dissimili
537 4094 612 4156 genio
630 4095 680 4140 elsi
696 4093 810 4141 dtrsirulli
827 4100 972 4156 arprunento
990 4095 1101 4156 scriptus
1123 4094 1252 4144 Tdeodoru‘
1268 4094 1361 4145 dioniii

219 4176 283 4225 libor
301 4179 333 4225 de
351 4183 444 4225 nutura
462 4192 546 4248 resson
563 4178 694 4242 caudaque
712 4174 869 4226 nolierulr'bua
887 4178 919 4226 do
936 4180 1015 4226 ostris
1033 4184 1057 4226 et
1081 4182 1138 4227 (eliis
1160 4179 1294 4237 eirmnrodt,
1318 4181 1361 4244 φα·

219 4262 302 4310 ndlruc
319 4264 345 4310 in
363 4261 517 4311 bibliothecis
535 4268 609 4311 estut
626 4277 699 4310 rrrrruu
717 4268 842 4311 ramasses
859 4269 885 4311 et
900 4264 1018 4326 pedestri
1033 4278 1148 4312 samsone
1160 4265 1314 4326 conpositam.
1337 4267 1359 4313 ia

219 4352 257 4395 est
285 4345 432 4395 l'lreodorus
451 4346 574 4405 stiantius,
599 4349 668 4395 errirts
690 4350 842 4395 consrilulum
864 4347 1000 4397 celebrauit
1022 4352 1132 4398 cornetae
1157 4348 1309 4397 Claudianus
1332 4356 1359 4398 al

219 4436 243 4477 el
261 4445 325 4493 opus
338 4431 424 4494 ipsum.
456 4432 492 4483 of:
512 4430 680 4480 Claudianus
699 4432 732 4481 de
753 4447 826 4481 cons.
841 4431 882 4480 ΡΙ.
895 4431 974 4481 Malli
985 4432 1122 4482 Theodori
1140 4444 1239 4498 paneg.
1253 4433 1285 4480 ⁴57
1298 4450 1358 4499 sqq.
