3202 4998
234 299 295 364 408
576 314 801 365 ovansrronas
824 313 1051 354 suerourauas

234 489 332 530 necao
359 469 473 527 iudicio
502 476 579 526 utar.
630 467 715 525 cuins
748 476 853 524 auctor
883 474 917 523 ut
952 475 1086 525 veterem
1115 464 1379 545 Pythagoreorum

236 571 402 631 doctrinam
427 570 610 629 resuscitare
637 566 793 640 studebat,
820 569 864 625 ita
892 586 1007 625 summo
1036 566 1157 626 fervore
1186 567 1257 625 dum
1284 569 1378 627 vitam
1425 624 1431 631 ,
1471 584 1484 593 ·

235 674 389 732 hominum
410 671 457 745 ⁸ad
489 680 618 729 naturae
648 669 735 746 legas
761 668 926 728 reformare
958 671 1042 747 cupit
1074 669 1218 749 physicas
1243 669 1379 749 discipli·

235 794 292 833 nas
321 773 457 839 colebam
505 773 591 831 cuius
620 779 788 829 sectatores
821 771 907 830 fuere
941 769 1073 851 quodam
1106 769 1193 829 modo
1221 771 1379 829 Fabianus

237 874 347 935 Celsus
377 874 497 933 Seneca
517 873 653 945 Plinius,
674 873 706 931 in
728 892 891 952 eorumque
906 892 1065 933 numatam
1085 871 1294 951 recipiendum
1311 888 1379 932 esse

235 976 449 1055 Tranquillum
469 975 549 1033 infra
569 975 697 1053 patebit.
735 995 816 1053 qnae
839 975 909 1033 ideo
938 973 1220 1053 praefandaduxi,
1246 982 1282 1033 ut
1304 975 1381 1033 faci-

237 1079 296 1137 lius
321 1078 469 1136 rationem
503 1076 696 1156 adsequeris,
731 1097 822 1155 quarn
849 1075 1011 1136 Suetonius
1032 1079 1063 1134 iu
1094 1076 1152 1134 hnc
1177 1086 1266 1156 parts
1295 1096 1380 1136 secu·

237 1189 285 1239 tus
309 1181 358 1239 sit.
394 1197 497 1259 nequo
519 1177 640 1250 dubito,
666 1180 739 1256 quin
763 1178 801 1237 de
825 1178 871 1237 his
898 1177 1008 1237 studiis
1030 1179 1218 1255 potissimum
1239 1179 1270 1236 in
1292 1196 1381 1257 prae·

240 1280 479 1357 latione-egerit.
505 1278 681 1338 Sextiorum
697 1280 776 1337 enim
792 1281 886 1356 patris
903 1288 933 1337 et
948 1280 1011 1351 filii,
1030 1300 1096 1338 cum
1106 1279 1227 1339 Graece
1244 1280 1381 1357 scripsiu

239 1390 323 1455 sent,
344 1402 405 1440 nou
428 1382 527 1458 potuit
552 1380 626 1439 alibi
646 1382 760 1440 mentio
779 1381 854 1439 fieri,
886 1379 931 1438 ad
955 1379 1084 1439 eandam
1100 1381 1198 1458 igitur
1218 1379 1383 1440 referenda

241 1484 382 1541 existimo
405 1478 485 1561 qnae
508 1482 546 1540 de
570 1481 672 1540 exiliis
692 1481 840 1540 Anaxilai
864 1481 989 1560 (fragm.
1011 1480 1088 1558 81²²)
1112 1491 1144 1541 et
1165 1482 1287 1541 Musoni
1311 1480 1383 1540 Rufi

241 1582 455 1661 (stagnant)
480 1583 562 1662 apud
585 1583 805 1664 Hieronymum
827 1593 1004 1656 narrantur,
1027 1604 1152 1663 qnorum
1175 1584 1228 1643 ille
1246 1582 1382 1643 Graccus

240 1687 315 1757 fuit,
340 1686 393 1743 hic
416 1686 510 1744 'Fusci
537 1683 660 1765 quidem
680 1687 818 1762 generis,
842 1685 897 1743 sed
921 1685 1041 1745 Graece
1067 1687 1298 1766 philosophatus
1325 1693 1381 1744 est.

240 1787 301 1843 iam
319 1788 401 1863 magi
419 1788 592 1866 epitheton,
618 1785 698 1866 quod
719 1786 876 1845 Anaxilao
893 1787 1097 1867 Hieronymus
1121 1787 1219 1861 dedit,
1245 1805 1308 1845 nou
1329 1785 1382 1845 do·

240 1884 335 1945 habat
351 1886 538 1948 Mommseno
556 1888 577 1948 l.
592 1908 617 1946 c.
635 1909 663 1967 p.
677 1895 728 1951 679
745 1889 852 1947 mirum
867 1888 974 1963 videri,
991 1891 1134 1969 quoniam
1150 1898 1272 1948 veteres
1289 1889 1382 1967 scrip·

239 1995 322 2047 toros
344 1997 378 2047 ut
394 1987 507 2048 Sextus
524 1988 695 2068 Empiricus
712 1990 822 2070 Pyrrh.
840 1990 856 2048 Ι
874 1990 939 2049 init.
955 1991 1077 2049 Plinius
1097 1991 1224 2050 XXXV
1243 1999 1293 2054 176
1312 1991 1384 2049 huie

238 2088 421 2169 philosopho
446 2090 575 2151 eandem
597 2092 671 2150 artie
692 2092 945 2169 significationem
966 2092 1081 2151 addere
1106 2094 1216 2152 solent.
1258 2093 1386 2172 sumpsit

241 2199 343 2249 autem
362 2192 394 2250 ni
417 2192 508 2253 fallor
529 2192 778 2271 chronographus
800 2213 868 2251 earu
890 2212 930 2252 cx
951 2192 1051 2252 edicto
1074 2193 1143 2267 illo,
1165 2213 1226 2274 quo
1247 2194 1386 2271 Agrippa

242 2293 472 2355 mathematicos
494 2305 525 2355 et
547 2314 651 2371 magos
672 2295 724 2355 vel
740 2305 774 2355 ut
791 2295 912 2372 maccio
935 2292 1261 2369 consummatura
1280 2295 1385 2354 vorbis

242 2404 311 2454 utar
332 2383 402 2465 τούς
424 2387 624 2474 ἀστρολόγους
648 2388 719 2466 τούς
739 2415 770 2453 τε
794 2386 902 2473 γόητας
922 2396 998 2455 urba
1025 2397 1153 2475 expulit.
1197 2395 1282 2455 idem
1304 2397 1388 2455 cadit

241 2498 272 2556 in
298 2495 456 2574 Nigidium
479 2494 624 2576 Figuldm
655 2497 784 2576 (fragm.
809 2497 902 2576 85¹¹),
937 2499 1023 2557 cuius
1056 2499 1156 2557 altera
1186 2497 1386 2577 Pythagorici

242 2599 464 2677 cognominatio
489 2607 523 2658 ut
550 2595 610 2679 ipsi
633 2619 702 2659 cnm
727 2600 889 2658 Larissaco
918 2599 1100 2679 philosopho
1135 2600 1300 2659 communis
1329 2608 1386 2671 cst,

242 2700 286 2758 ita
303 2698 477 2759 Sextiorum
495 2721 551 2759 nos
574 2699 722 2760 admonet
759 2701 817 2760 fuit
838 2701 919 2761 idem
940 2719 1071 2760 summus
1087 2720 1187 2759 rerum
1203 2702 1387 2761 naturalium

241 2801 413 2878 indagator.
446 2803 570 2861 Marcus
591 2820 665 2860 vero
685 2802 849 2861 Terentius
867 2804 965 2863 Varro
980 2803 1170 2881 philosophis
1191 2803 1273 2881 quod
1287 2802 1386 2861 adnu-
1493 2830 1502 2843 ·

243 2911 378 2962 meratus
393 2911 440 2962 est
463 2901 585 2981 (fragm.
603 2904 666 2967 83*
681 2901 767 2982 84²⁸),
787 2906 899 2983 optimc
915 2904 1077 2965 adiuvatur
1091 2891 1276 2982 Quintiliani
1292 2906 1307 2963 Ι
1323 2914 1355 2977 4,
1371 2915 1389 2967 4

244 3004 463 3064 testimouium:
488 3008 675 3079 Empedoclea
698 3011 727 3063 in
743 3010 871 3075 Graecis,
895 3010 1051 3067 Varronem
1068 3024 1105 3064 ac
1118 3008 1275 3065 hearnium
1288 3010 1317 3064 io
1331 3010 1408 3065 Le·-

243 3108 322 3177 tim'a,
343 3109 392 3180 qui
406 3116 562 3182 praecepto
585 3112 737 3183 saphatiae
757 3112 884 3166 uersum
906 3097 1088 3167 tradiderunt.
1125 3108 1165 3167 cf.
1191 3106 1296 3183 fragm.
1321 3109 1388 3169 125*

243 3228 274 3285 p·
298 3215 358 3270 197.
399 3207 480 3286 quod
501 3228 623 3268 carmen
652 3228 718 3267 curn
741 3208 779 3268 de
804 3218 915 3267 natura
937 3229 1039 3268 rorum
1059 3209 1207 3289 scriptum
1227 3209 1322 3269 luisse
1343 3209 1388 3266 vi·

244 3308 368 3383 doatnr,
398 3309 528 3370 eandem
556 3310 724 3369 studiorum
752 3311 901 3370 rationein
928 3313 1036 3371 iterum
1060 3307 1268 3389 agnoscimus,
1297 3329 1389 3391 quam

245 3410 347 3470 Sextii
358 3414 512 3488 porsecuti
524 3423 603 3472 sunt
631 3412 763 3472 eundem
777 3413 1018 3491 Pythagoricum
1031 3413 1127 3472 fuisse
1142 3411 1293 3471 mirabilia
1309 3430 1389 3493 qaae

246 3511 284 3571 de
311 3513 445 3572 numeris
473 3516 662 3593 excogitauit
683 3514 774 3574 facile
793 3514 991 3593 persuadent.
1030 3513 1170 3605 deniqne·
1185 3532 1246 3573 non
1268 3522 1390 3593 poterat

245 3615 344 3693 aptior
367 3616 398 3673 in
422 3614 611 3675 Suetouiano
627 3617 803 3676 ‘inlustrium
825 3618 959 3676 virorum
984 3615 1061 3675 libro
1079 3612 1209 3675 locus'ei
1224 3615 1388 3694 adsignari,

245 3717 298 3796 qui
313 3735 435 3795 semper
448 3716 479 3775 id
496 3719 624 3795 egisset,
645 3727 680 3776 ut
692 3719 787 3777 vitam
809 3720 915 3798 populi
932 3718 1062 3778 Romani
1078 3716 1117 3775 ad
1137 3718 1329 3803 antiquitatis
1349 3718 1388 3777 ri·

244 3826 308 3876 tum
331 3836 527 3900 normamque
548 3827 722 3894 revocarat,
749 3820 1065 3899 siquidemRornanis
1087 3819 1281 3898 philosophia
1304 3838 1388 3878 num·

245 3938 338 3999 quam
353 3918 443 3979 *aliud
467 3919 540 3999 quid
561 3921 620 3980 fuit
641 3942 731 4001 quam
752 3924 834 3981 vitae
859 3924 1013 4000 magistra.
1056 3921 1203 4001 physicus
1226 3920 1337 3980 deinde
1354 3928 1390 3978 et

247 4020 422 4081 Sextiornm
438 4021 602 4081 admirator
623 4023 680 4081 fuit
698 4025 804 4083 tertius
825 4024 1040 4103 philosophus,
1063 4023 1101 4083 de
1119 4024 1204 4083 cuius
1226 4025 1291 4081 vita
1313 4022 1389 4080 Hie-

244 4142 389 4205 ronymus
403 4124 577 4183 notationes
596 4124 690 4183 habet
707 4123 829 4203 (fragm.
852 4127 910 4189 86*
923 4126 984 4189 88*
1000 4124 1089 4203 89*),
1110 4126 1146 4186 L.
1163 4124 1310 4184 Annaeus
1332 4122 1387 4183 Se·

245 4242 335 4285 neca.
366 4225 397 4283 in
412 4245 474 4305 qua
488 4225 681 4284 Annacorum
696 4227 829 4286 omnium
844 4227 961 4286 tristem
984 4230 1098 4287 exitum
1112 4236 1267 4289 narratum
1292 4225 1389 4284 fuisso

246 4325 396 4408 reliquiae
418 4324 597 4401 ostendunt,
622 4326 786 4407 inquibus
812 4348 878 4387 cum
895 4327 998 4389 Gallio
1022 4328 1160 4389 Schema
1181 4327 1274 4386 frater
1301 4345 1387 4404 egro·
