3202 4998
705 432 808 473 carru
833 434 857 472 11
1289 417 1350 477 453

212 584 283 641 ficta
299 583 417 641 ridetur
444 618 473 626 -
488 604 558 641 narn
575 583 699 642 Servius
714 583 793 642 Aen.
811 585 873 642 VII
888 594 939 647 612
963 570 1084 662 (l'ragms
1105 587 1165 664 165)
1189 587 1297 647 librum
1317 593 1352 647 dc

210 704 315 759 praere
339 690 458 743 uestium
490 685 625 743 aicit-
650 693 721 762 apte
743 695 896 763 pratorum
927 687 1061 747 indolem
1091 691 1240 767 exprimit.
1282 712 1352 750 nam

210 782 277 863 περὶ
297 775 449 863 ὀνομάτων
465 785 576 861 κυρίων
593 779 652 863 (οἷς
667 786 796 863 χρῶνται
814 783 930 846 ἕκαστοι
949 791 1073 848 Aristot.
1089 801 1169 869 poet.
1186 801 1216 853 Ἡ
1242 793 1351 873 quibus

211 892 368 968 oppositae
389 897 458 947 sunt
477 888 601 964 γλῶτται
617 880 664 962 αἷς
680 887 785 969 ἕτεροι)
805 892 835 951 id
853 903 898 952 est
915 892 953 950 de
969 892 1070 951 verbis
1089 895 1217 972 propriis
1236 897 1266 953 in
1284 917 1350 975 pra·

210 1000 308 1049 torum
321 990 405 1048 libris
421 991 633 1069 'I‘ranquillnm
651 995 817 1072 praecipue
833 996 933 1071 egisse
949 995 1085 1054 vidimus.
1132 1017 1192 1075 qna
1206 1018 1240 1055 re
1259 998 1351 1057 nolim
1392 979 1395 983 ⁵

211 1093 322 1151 Rothio
342 1112 372 1170 p.
389 1092 533 1150 LXXIII
548 1102 609 1152 not.
628 1103 662 1156 54
678 1096 814 1174 ineptum
826 1095 939 1172 κυρίων
957 1097 1055 1155 risum
1074 1119 1141 1157 esse
1156 1098 1353 1177 inprudenter

211 1194 345 1252 divinum
361 1193 539 1273 typothetae
556 1196 709 1270 ingenium
732 1197 893 1256 admiranti
913 1200 964 1279 qni
986 1220 1019 1259 se
1035 1201 1129 1258 invito
1152 1201 1209 1259 lroc
1226 1200 1353 1259 verbum

211 1296 356 1353 omiserit.
397 1304 531 1353 ceternnr
552 1297 719 1357 notandum
735 1309 795 1373 est,
820 1304 929 1360 iterum
945 1303 1020 1360 miro
1040 1321 1111 1359 casu
1133 1301 1258 1361 Snidam
1281 1322 1353 1380 par·

210 1397 249 1454 tis
265 1396 384 1454 titulum
401 1396 561 1467 exhibere,
579 1400 631 1476 qui
647 1420 682 1457 eo
700 1412 857 1481 eonuptns
876 1405 929 1473 sit,
948 1402 1029 1482 qnod
1039 1405 1130 1461 totius
1148 1404 1248 1482 operis
1261 1403 1352 1479 signi·

211 1498 383 1556 ficationem
410 1518 477 1557 cnm
503 1501 701 1579 inscriptione
729 1507 824 1582 partis
853 1506 997 1563 conflarit.
1036 1504 1144 1563 eodem
1164 1505 1243 1563 enlm
1263 1504 1353 1563 modo

210 1598 277 1678 περὶ
298 1588 453 1676 ὀνομάτων
477 1599 590 1689 κυρίων
611 1603 716 1663 addita
738 1615 820 1680 sunt,
844 1627 903 1686 qno
924 1628 1015 1685 supra
1034 1602 1101 1681 περὶ
1121 1596 1231 1683 Ῥώμης
1255 1605 1352 1679 libna,

180 1746 185 1756 .
210 1698 324 1785 quibusx
345 1724 416 1782 pars
440 1712 555 1763 tantum
576 1707 664 1765 liuius
686 1713 855 1785 argumenti
876 1711 961 1789 leges
984 1711 1102 1770 scilieet
1125 1718 1155 1768 et
1177 1728 1274 1766 mores
1299 1728 1352 1785 po·

210 1808 274 1889 puli
289 1808 417 1867 Romani
431 1808 709 1886 pertractabantur,
730 1815 908 1893 inscriptum
923 1832 991 1871 esse
1007 1810 1146 1869 vidimus.
1174 1808 1256 1888 quod
1273 1830 1352 1867 com·

211 1911 299 1970 mode
313 1912 413 1989 possis
425 1911 469 1968 sic
484 1911 646 1989 explicare,
659 1925 762 1991 partes
775 1926 891 1999 tantum
903 1918 1049 1974 maiorum
1059 1911 1352 1971 librornmbabnissc

211 2014 399 2094 Byzantinos
427 2012 582 2085 homines,
610 2014 647 2071 de
673 2017 747 2093 ipsis
772 2026 873 2075 antem
901 2014 1065 2075 maioribus
1094 2013 1179 2072 libris
1204 2011 1278 2071 nihil
1308 2013 1371 2102 eis¹

210 2124 333 2194 praesto
356 2115 452 2173 fuisse
473 2117 531 2174 nisi
552 2115 711 2173 obscuram
739 2120 907 2193 argumenti
932 2118 1094 2176 notionem.
1129 2114 1185 2173 sed
1206 2114 1263 2172 boc
1284 2113 1352 2171 loco

211 2217 288 2275 haec
305 2217 455 2291 attingere
468 2216 565 2273 solnm
576 2216 665 2274 modo
678 2219 795 2277 animus
813 2228 874 2293 est,
891 2220 969 2277 intra
986 2217 1026 2276 ad
1036 2218 1275 2299 Byzantinorum
1291 2235 1351 2273 me·

211 2320 336 2377 moriam
352 2315 499 2375 curiosius
514 2316 734 2377 inlustrandam
749 2320 937 2379 redeundum
953 2320 1019 2377 erit.

296 2420 354 2480 Cui
369 2428 471 2478 antem
484 2430 638 2498 pratorum
649 2423 729 2501 parti
744 2421 852 2481 librum
867 2424 904 2481 de
921 2441 1034 2498 genere
1047 2420 1178 2479 vestium
1192 2419 1353 2477 restituere

212 2524 396 2595 debeamus,
423 2540 482 2580 non
511 2532 612 2601 potest
637 2545 697 2582 non
722 2523 896 2601 ambignum
922 2543 1000 2583 esse.
1030 2502 1069 2582 ail
1102 2521 1261 2580 veritatem
1281 2540 1350 2598 pro·

212 2630 293 2687 aime
322 2624 470 2683 accedere
497 2624 651 2697 ridemur,
681 2626 706 2683 si
727 2624 803 2684 libro
832 2627 934 2685 loenm
965 2646 1050 2684 sunm
1075 2626 1106 2683 in
1136 2642 1173 2681 ea
1197 2629 1353 2699 pratorum

167 2710 174 2722 .
211 2740 299 2809 parte
332 2728 542 2803 adsignamnS,
578 2746 640 2805 qna
674 2727 870 2807 antiquitates
898 2726 1004 2807 populi
1032 2726 1161 2784 Romani
1191 2723 1353 2785 Suetonius

212 2840 432 2890 commentatus
449 2837 512 2900 est,
539 2828 570 2886 id
590 2840 637 2887 est
657 2828 741 2888 libris
757 2831 918 2891 I--VIIL
936 2839 969 2888 ut
991 2828 1155 2889 Suetonius
1179 2826 1217 2885 de
1238 2845 1352 2903 genera

211 2934 341 2993 vestium
372 2952 431 2989 non
458 2932 488 2988 in
521 2930 693 2989 universum
724 2933 779 2992 scd
810 2933 847 2992 de
874 2956 926 3007 en,
961 2932 1043 3014 qnod
1073 2931 1185 3010 populo
1215 2930 1352 2988 Romano

211 3037 354 3120 usitatum
378 3034 451 3105 fuit,
475 3033 644 3112 disputarit.
683 3036 731 3093 cui
754 3037 948 3097 coniecturae
971 3038 1142 3117 fragmenta
1160 3032 1282 3090 minime
1299 3029 1351 3087 ad-

210 3146 380 3197 versantur.
406 3134 624 3193 distinctionem
636 3146 736 3195 autern
753 3142 922 3215 argumenti
933 3139 1095 3216 imaginem
1111 3133 1225 3193 Suidae
1242 3152 1353 3211 operae
1397 3214 1402 3223 ·
1455 3136 1462 3147 '

212 3240 372 3311 debemuS,
400 3241 451 3317 qui
467 3257 527 3294 non
542 3237 768 3316 inscriptionem
785 3242 868 3314 libri,
892 3262 969 3321 quae
990 3241 1046 3298 snit
1063 3244 1097 3297 dc
1114 3237 1354 3309 anacreontium

211 3342 266 3400 sed
284 3340 453 3416 argumenti
464 3338 596 3397 indicem
611 3340 756 3418 praebet,
778 3363 845 3400 cum
866 3343 954 3401 dicit:
980 3335 1046 3413 περὶ
1061 3384 1068 3398 .
1082 3384 1088 3395 .
1102 3332 1197 3404 ,ἰδέας
1221 3323 1350 3408 ἐσθημά-

210 3465 269 3502 των
281 3437 332 3499 καὶ
346 3429 541 3514 ὑποδημάτων
560 3437 610 3497 καὶ
626 3442 683 3499 τῶν
698 3433 796 3501 ἄλλων
811 3436 856 3513 οἷς
877 3465 920 3512 τις
935 3430 1141 3517 ἀμφιέννυται.
1175 3445 1266 3515 atque
1283 3436 1352 3494 Ser-

210 3546 279 3604 vius
296 3542 474 3601 Suetonium
498 3541 647 3620 pileorum
670 3547 728 3602 tria
750 3564 865 3621 genera
886 3545 1008 3621 (fragm.
1030 3540 1116 3619 rom)
1134 3539 1246 3598 dixisse
1264 3537 1353 3613 adtir-

211 3657 281 3706 mat.
318 3643 428 3705 deinde
451 3644 581 3701 vestium
602 3646 777 3704 inventores
802 3648 972 3705 nominatos
997 3665 1064 3703 esse
1088 3645 1195 3718 fragm.
1220 3650 1278 3703 166.
1306 3650 1353 3704 167

212 3749 365 3808 discimus.
395 3748 502 3805 horum
524 3745 608 3823 prins
631 3748 844 3826 aByzantinis
861 3757 1014 3806 servatum
1031 3760 1093 3818 est,
1118 3764 1245 3833 quornm
1263 3742 1354 3803 fidem

211 3871 271 3908 non
286 3850 421 3909 habebat
435 3848 565 3906 Rothins
574 3871 605 3927 p.
619 3848 762 3907 LXXIII
774 3869 826 3907 cnr
842 3850 1042 3929 impugnaret.
1069 3870 1138 3907 nam
1154 3867 1276 3924 prorsus
1293 3844 1352 3904 dis-

212 3951 310 4010 simile
330 3961 376 4010 eat
394 3954 500 4027 fragm.
520 3961 584 4025 165,
603 3953 687 4010 cuins
703 3952 841 4009 notitiam
859 3952 966 4011 Servio
989 3950 1149 4021 debemus,
1176 3958 1283 4006 utnon
1299 3970 1353 4026 po·

211 4054 303 4111 tuerit
319 4074 337 4111 a
351 4054 531 4131 Byzantinis
547 4051 768 4112 fabulatoribus
783 4052 814 4110 in
831 4053 914 4127 illam
930 4054 1103 4111 memoriam
1120 4051 1158 4110 de
1173 4052 1292 4110 Numae
1310 4053 1353 4109 in·

213 4162 306 4212 vento
325 4154 508 4233 detorqueri.
536 4157 639 4235 itaque
658 4154 750 4213 malui
765 4156 796 4212 in
817 4175 920 4213 eorum
935 4154 995 4213 fide
1010 4163 1165 4233 perstare,
1185 4174 1253 4212 cum
1267 4175 1354 4233 luae·

212 4257 315 4316 sertim
339 4255 471 4315 aSnida
492 4278 517 4315 s.
542 4280 570 4317 v.
594 4248 706 4333 χλαμύς
728 4256 788 4315 alia
810 4276 905 4335 eaque
924 4255 1005 4315 lrand
1029 4255 1202 4335 spernenda
1226 4257 1264 4315 de
1293 4254 1353 4315 cal·

213 4358 377 4417 coamentis
396 4359 589 4436 patriciorum
610 4361 654 4419 eis
668 4358 739 4417 addi
755 4358 908 4417 videram:
928 4366 1019 4438 atque
1033 4379 1099 4416 cum
1112 4358 1232 4436 plenior
1247 4357 1355 4417 cariem

211 4459 318 4517 notitia
330 4457 360 4516 in
374 4461 851 4535 excerptisIoanniaAntiocheni
864 4468 983 4518 extaret
997 4458 1051 4537 (cf.
1066 4461 1171 4536 fragm.
1189 4459 1284 4535 169*),
1294 4480 1354 4518 non
