3194 5004
525 453 553 493 r.
569 451 746 493 nmsonsrm
762 447 1001 515 connsnrssrvs
1267 434 1328 495 483

192 600 315 677 rigandi
342 600 505 661 sedulitate
528 593 689 681 plurimum
715 604 857 663 vitiorum
878 604 1038 663 traxerint.
1083 603 1168 681 Quos
1194 625 1257 663 000
1285 610 1351 663 est·

193 701 377 775 mirandum,
394 701 489 761 sicubi
505 703 704 782 apertissimis
719 705 839 764 mendis
853 698 1138 785 quibusdamatque
1150 704 1230 765 adeo
1242 726 1330 767 mon-

193 804 263 861 stris
283 805 452 882 scripturae
477 805 545 883 ipse
569 813 657 863 vetus
678 806 836 865 Parisinus
860 804 907 884 (ut
928 807 993 865 fere
1012 808 1047 866 fit
1067 808 1099 865 in
1122 806 1179 866 hoe
1199 805 1328 885 genere)

192 904 371 983 inquinatus
395 912 442 963 est
456 914 580 984 praeter
600 906 736 977 solitum,
760 907 815 965 tali
837 909 1010 987 corruptela
1030 907 1143 967 liberos
1165 909 1329 967 mansisse:

194 1024 274 1085 quae
288 1027 352 1065 000
367 1006 493 1085 propria
512 1007 608 1065 virtus
625 1015 672 1067 est
686 1007 787 1087 potius
804 1028 894 1087 quam
914 1011 1040 1068 fortuita
1055 1011 1192 1069 vacuitas
1209 1011 1330 1069 erroris.

192 1106 286 1176 Velut
300 1108 333 1167 in
348 1108 401 1166 illo
417 1107 443 1166 si
458 1116 616 1186 peecatum
633 1118 679 1168 est
693 1113 760 1167 dum
777 1113 975 1168 attribuisset
991 1132 1021 1190 p.
1037 1119 1079 1184 27,
1099 1122 1144 1185 10,
1161 1116 1332 1169 siministros

192 1215 241 1281 28,
257 1216 287 1282 4,
303 1212 445 1267 comedim
458 1213 536 1267 dedit
549 1216 599 1284 32,
624 1221 672 1285 10,
696 1219 726 1270 et
747 1212 774 1269 si
798 1231 877 1291 quae
899 1213 960 1271 alis
980 1221 1051 1272 sunt
1071 1221 1138 1272 utut
1161 1233 1218 1291 per
1238 1233 1271 1271 se
1287 1214 1331 1271 vi·

192 1308 286 1383 tiosa,
309 1317 340 1368 at
356 1309 530 1369 levidensis
548 1331 624 1390 prae
645 1312 839 1371 multitudine
861 1315 1086 1391 praeclararum
1107 1315 1272 1373 lectionum
1293 1314 1331 1371 ab

193 1409 303 1468 codem
326 1414 351 1468 A
371 1412 438 1470 solo
460 1421 657 1471 servatarum.
700 1414 771 1473 Non
794 1422 895 1472 autem
916 1415 1015 1493 ipsum
1030 1416 1146 1474 fontem
1163 1425 1332 1474 ceterorum

192 1511 365 1573 Parisiuum
381 1532 450 1571 esse
464 1513 631 1573 certissimo
646 1514 838 1592 intellegitur
857 1515 915 1574 hoe
937 1516 1137 1591 documenta,
1159 1516 1242 1598 quod
1263 1536 1331 1594 gra·

191 1613 239 1671 vis
255 1613 364 1673 100000
378 1614 446 1688 1110,
470 1634 531 1695 qua
550 1614 583 1674 in
599 1619 623 1673 Α
637 1616 746 1675 hausta
768 1625 840 1675 sunt
858 1617 955 1676 verbo
973 1638 1004 1697 p.
1021 1627 1069 1691 28,
1085 1627 1102 1681 9
1117 1639 1185 1698 sqq.
1207 1625 1333 1677 recitare

192 1719 232 1773 ad
241 1723 389 1773 cenantem
408 1734 472 1774 cum
492 1721 616 1775 uenisset
637 1721 742 1776 dieitur
763 1722 873 1776 initiam
897 1723 1009 1793 paridem
1031 1721 1151 1794 fabulae
1171 1725 1248 1795 quod
1268 1730 1333 1778 erat
1426 1765 1430 1773 ,

192 1821 345 1891 contempti
351 1808 414 1892 ,ad
430 1826 549 1878 eeteros
565 1838 671 1878 omnes
687 1839 750 1877 000
771 1820 929 1898 pertinuit.
965 1821 1017 1880 Ad
1038 1830 1209 1900 temporum
1231 1831 1333 1881 autem

191 1918 334 1977 iniuriam
360 1927 391 1977 et
415 1920 562 1978 incuriam
589 1920 744 1979 hominum
771 1920 853 2000 quod
876 1923 1041 1980 accessisse
1064 1923 1155 1981 etiam
1176 1924 1331 1981 hominurn

192 2019 334 2077 iniuriam
348 2020 533 2096 significavi,
557 2020 621 2079 eius
642 2023 687 2080 rei
704 2029 804 2081 certus
818 2023 906 2081 testis
922 2022 1021 2081 codex
1035 2023 1206 2082 Vrbinas
1223 2033 1331 2097 exstat,

193 2120 380 2197 grammatici
396 2121 523 2180 alicuius
538 2121 619 2179 haud
640 2121 757 2181 indocti
779 2132 809 2180 et
824 2142 911 2181 curas
934 2131 966 2182 et
984 2123 1258 2201 interpolationem
1281 2146 1332 2184 ex·

179 2230 308 2300 pertus.
345 2220 438 2281 Vnde
453 2242 517 2281 non
533 2230 580 2281 est
594 2223 701 2281 mirum
727 2223 788 2280 alia
802 2223 835 2282 in
850 2224 910 2283 hoc
929 2224 1006 2283 libro
1022 2244 1096 2284 vere
1113 2236 1249 2286 correcta
1265 2247 1332 2286 esse

192 2331 227 2381 ut
250 2343 281 2401 p.
296 2330 345 2395 28,
365 2331 507 2396 exopera,
531 2331 580 2397 28,
605 2333 638 2384 10
657 2329 782 2391 initium,
805 2330 853 2399 29,
870 2335 886 2389 0
902 2346 1033 2397 numiam,
1049 2347 1080 2405 p.
1095 2337 1145 2400 30,
1162 2337 1193 2388 l2
1208 2332 1291 2386 laelio
1306 2338 1333 2385 et
1404 2357 1407 2363 ι

193 2428 327 2498 sciptum,
342 2429 390 2497 34,
409 2432 441 2485 12
457 2428 621 2498 despectas,
638 2434 686 2499 35,
703 2427 877 2499 tfotulom:
892 2429 1022 2506 turpiter
1037 2428 1163 2487 foedata
1178 2429 1253 2502 alia,
1266 2442 1331 2509 'quo

132 2596 134 2599 Ι
194 2534 317 2604 praeter
332 2535 435 2584 cetera
457 2525 501 2603 (in
517 2527 564 2585 his
580 2526 714 2585 deletum
729 2530 774 2585 die
790 2528 970 2588 vocabulum
986 2550 1016 2608 p.
1032 2538 1079 2601 29,
1095 2527 1125 2604 3)
1147 2531 1272 2607 gravior
1286 2531 1332 2589 in·

194 2627 362 2706 terpolatio.
374 2627 429 2686 illa
449 2628 587 2705 pertinet
607 2648 667 2707 qua
687 2648 718 2706 p.
735 2638 786 2701 30,
810 2639 827 2692 3
848 2629 944 2688 verba
973 2650 1052 2710 quae
1076 2638 1148 2689 sunt
1166 2635 1332 2705 qrribuscum

191 2730 379 2802 familiariter
406 2732 481 2786 nisit
503 2729 652 2787 iterantur
678 2749 695 2788 e
717 2750 748 2808 p.
769 2737 818 2799 27,
842 2741 869 2793 3.
908 2730 1100 2811 Quamquam
1121 2753 1162 2791 ne
1184 2754 1202 2791 a
1223 2735 1332 2792 ceteris

195 2829 320 2909 quidem
334 2828 418 2889 libris
437 2829 611 2908 corrigendi
632 2830 765 2890 studium
785 2833 920 2891 alienum
945 2833 1040 2892 fuisse
1067 2834 1141 2891 talia
1164 2834 1333 2893 ostendunt

195 2932 299 3012 qualia
313 2942 384 2991 sunt
399 2933 431 2991 in
449 2932 630 2993 Vrbinati
644 2934 770 3013 Regin
782 2935 930 3014 ensique
948 2935 1124 2995 eTerentio
1140 2937 1269 3015 petitum
1286 2941 1335 2995 isti

194 3053 225 3112 p.
241 3044 284 3107 30,
301 3046 326 3107 3,
342 3033 395 3092 vel
410 3034 549 3093 indidem
565 3034 711 3093 insertum
727 3044 852 3109 tempore
868 3038 900 3094 10
916 3035 1114 3109 Vrbinati,
1130 3037 1331 3111 Leidensi,

194 3136 411 3213 Reginensi
434 3156 465 3215 p
481 3143 524 3208 30,
544 3146 583 3209 11,
607 3137 661 3195 vel
675 3146 800 3214 praeter
814 3136 995 3196 Vrbinatcm
1011 3144 1062 3193 001
1083 3136 1116 3194 10
1132 3139 1198 3196 0010
1214 3138 1242 3195 R
1253 3138 1333 3214 egi·

194 3239 308 3296 nensi
324 3258 354 3317 p.
370 3245 420 3312 26,
439 3249 485 3299 10:
508 3238 562 3297 illa
575 3247 609 3296 ut
629 3257 752 3317 prorsus
768 3245 887 3297 taceam
907 3238 939 3295 in
956 3237 1065 3317 quibus
1082 3257 1187 3295 omnes
1203 3257 1333 3296 eonsen-
1352 3270 1355 3274 ·

193 3339 274 3399 tiuut
288 3348 395 3398 eontra
409 3343 442 3398 A.
500 3325 504 3333 ⁴

279 3442 302 3497 Z
326 3439 493 3499 editionem
518 3440 690 3518 principem
717 3460 784 3499 eam
806 3439 870 3500 dixi
894 3458 973 3520 quae
994 3439 1137 3497 Romae
1159 3458 1241 3496 anno
1268 3447 1333 3502 1472

194 3542 310 3622 prodiit
325 3540 406 3620 apud
419 3540 597 3600 Conrsdum
611 3541 820 3628 Sweynheym
836 3549 866 3599 ct
877 3539 1050 3599 Arnoldum
1060 3541 1227 3598 Pannartz.
1254 3540 1334 3598 Nam

193 3644 470 3722 hanc-principem
497 3661 565 3701 esse
586 3660 713 3719 reapse,
741 3643 911 3700 insecutam
936 3640 1057 3698 demum
1081 3641 1220 3718 proximo
1250 3661 1332 3699 anno

195 3751 264 3808 1473
279 3764 369 3826 quam
390 3745 457 3803 sine
477 3744 537 3803 loci
561 3743 677 3801 ennive
698 3736 859 3801 notatione
875 3741 1061 3803 Vindelinus
1078 3742 1235 3820 Spirensis
1250 3743 1333 3801 foras

197 3844 298 3919 dedit,
321 3847 409 3905 huius
431 3844 551 3904 demum
572 3842 729 3903 traducem
750 3863 817 3902 eam
839 3844 907 3902 e'sse
930 3858 1009 3923 quae
1030 3844 1103 3901 item
1124 3843 1192 3901 sine
1212 3843 1279 3901 loco
1302 3856 1334 3902 et

126 4004 131 4013 ,
195 3966 278 4007 0000
296 3949 406 4007 emissa
421 3946 460 4005 ad
475 3946 655 4006 Mentclium
669 3945 965 4022 Argentoratensem
979 3945 1124 4016 refertur,
1148 3963 1213 4001 000
1228 3945 1332 4022 paucis

196 4068 263 4107 eam
277 4049 360 4107 vitiis
375 4049 583 4128 inquinatam,
605 4048 696 4106 certis
716 4047 788 4105 mihi
804 4045 1188 4124 armentisssehopenus
1208 4065 1333 4123 persna-

195 4151 244 4209 sit.
281 4150 324 4209 Vt
338 4149 460 4209 fallatur
474 4170 541 4209 cnm
561 4149 628 4207 aliis
644 4148 866 4226 bibliographis
880 4146 1013 4207 Ebertus
1035 4167 1066 4205 n.
1082 4153 1153 4209 6333
1168 4164 1237 4224 sqq.
1275 4147 1334 4205 Illa

194 4252 290 4329 igitur
301 4270 375 4309 vere
390 4252 549 4330 princeps,
573 4269 592 4308 a
614 4269 674 4330 qua
696 4259 798 4308 tamen
820 4269 884 4307 non
907 4249 967 4307 nisi
989 4248 1156 4326 perleviter
1171 4245 1333 4306 Vindelini

196 4354 370 4433 exemplum
390 4352 559 4432 discrepet,
588 4353 661 4432 quin
685 4370 701 4409 o
723 4350 828 4409 codiee
844 4349 1047 4409 Vrbinetis
1069 4348 1220 4406 simillimo
1242 4346 1334 4406 dueta
1365 4386 1367 4390 ι

194 4456 249 4529 sit,
265 4455 405 4532 singulae
421 4455 486 4513 fere
501 4454 636 4533 paginae
651 4460 804 4511 testantur
818 4451 941 4510 sociatis
956 4452 1007 4506 ΕΖ
1022 4449 1101 4507 notis
1118 4448 1240 4541 nostris.

1067 4549 1101 4607 31
1113 4550 1130 4585 *
1170 4538 1178 4556 ’
