3202 4998
253 383 315 445 390
574 400 796 450 ovansrronas
817 400 1042 443 svareurauau

254 552 395 611 effectum
415 542 471 609 esti
500 572 569 609 nam
594 550 675 630 quod
697 551 875 627 Lessingius
899 551 931 608 in
950 550 1090 608 vindiciis
1112 550 1289 609 Horatianis
1310 550 1390 608 hunc

253 653 353 711 locum
371 672 439 708 cum
454 651 562 709 Hostia
579 652 658 730 apud
678 651 828 709 Senecam
855 660 1086 710 commemorato
1108 651 1283 729 conposuit,
1306 652 1390 709 cuius

254 752 435 832 inpudicitia
456 752 487 810 in
502 753 600 811 simile
617 753 727 811 Horati
748 772 858 811 nomen
879 753 1026 812 translata
1040 761 1136 825 esset,
1158 772 1218 810 non
1239 753 1393 830 reputavit

255 874 388 912 summus
411 853 463 911 illa
486 856 547 927 vir,
570 853 650 932 apud
672 853 884 932 philosophum
906 853 944 913 de
965 854 1088 931 pathico
1105 854 1170 929 agi,
1196 853 1306 912 deinde
1323 872 1391 929 spe-

255 955 325 1015 cula
345 954 467 1034 quidem
489 955 528 1013 ah
544 956 603 1013 hoc
628 954 764 1013 adhibita
785 974 852 1013 esse
876 954 931 1014 sed
952 955 1026 1013 talia
1051 953 1160 1034 quibus
1176 974 1224 1011 res
1244 973 1391 1030 augeren-

256 1064 312 1114 tur.
348 1064 454 1114 contra
483 1057 667 1115 simillimam
685 1056 943 1113 narratiunculam
961 1057 1090 1115 Rothius
1111 1076 1127 1115 e
1151 1054 1274 1113 scholiis
1294 1056 1391 1113 Hora·

256 1159 346 1216 tianis
367 1178 413 1236 cp.
434 1158 449 1215 Ι
467 1168 513 1230 19,
532 1168 544 1217 l
566 1156 603 1214 de
620 1156 744 1215 Cratino
765 1157 796 1213 in
821 1158 1067 1236 conparationem
1093 1157 1195 1216 attulit
1220 1157 1332 1215 hance:
1363 1165 1394 1214 ul

255 1261 415 1316 cubiculum
436 1277 518 1316 suum
539 1263 664 1331 speculis
685 1261 858 1328 aduersarer,
878 1269 1021 1333 quatenus
1041 1268 1068 1315 et
1088 1262 1192 1316 coitum
1212 1277 1295 1316 suum
1312 1276 1393 1330 spec·

257 1368 321 1415 tare
341 1368 448 1431 posset.
482 1358 601 1418 accedit
624 1358 705 1437 quod
726 1358 837 1417 similia
858 1360 980 1417 nomina
997 1357 1137 1416 Cratinus
1155 1369 1186 1417 et
1205 1356 1351 1415 Horatius
1377 1377 1395 1416 a

257 1456 388 1516 librariis
414 1460 647 1518 confunduntur.
675 1461 714 1517 cf.
738 1480 769 1537 p.
796 1470 827 1532 9,
856 1472 897 1522 lb.
931 1460 1023 1518 nolim
1048 1467 1150 1517 tamen
1176 1458 1394 1534 interpolatori,

258 1578 325 1616 cum
353 1561 504 1618 sententia
529 1561 704 1639 ceteroquin
731 1580 790 1618 non
815 1561 1005 1637 ineleganter
1031 1561 1219 1619 conformata
1242 1560 1295 1631 sit,
1321 1561 1394 1618 talia

257 1658 391 1718 tribuere
406 1665 553 1733 speculato
570 1664 699 1719 cubiculo
724 1672 754 1718 et
773 1664 906 1719 babuisse
926 1666 1062 1735 dispositu
1084 1670 1115 1719 ut
1135 1680 1312 1735 quocumque
1334 1679 1394 1719 res·

255 1764 385 1833 perisset
406 1765 446 1819 ibi
469 1768 511 1838 ci,
538 1782 638 1841 neque
666 1759 885 1819 absurditatem
910 1762 1010 1835 illam,
1035 1782 1095 1842 qua
1121 1759 1215 1840 plura]
1233 1749 1334 1821 scorta
1351 1765 1395 1821 in·
1471 1753 1479 1766 ’

258 1861 408 1934 ferantur,
430 1872 463 1921 ut
477 1864 580 1922 malim
599 1864 760 1922 lenissimis
778 1862 1040 1922 emendationibus
1058 1864 1200 1939 Lessingi
1220 1873 1251 1923 et
1272 1863 1395 1925 Ouden-

260 1961 345 2040 dorpi
372 1962 516 2023 adhibitis
538 1964 687 2023 emblema
708 1965 752 2022 sie
769 1954 946 2022 reslituere:
976 1984 1043 2022 uum
1068 1969 1185 2038 specula
1211 1971 1241 2024 ia
1267 1971 1397 2027 cubiculo

257 2072 390 2121 scorteae
419 2069 458 2121 itu
486 2070 592 2125 elicitur
617 2069 749 2124 babuisse
768 2069 929 2138 disposito,
958 2075 989 2123 ut
1014 2083 1192 2141 quocumque
1221 2073 1398 2141 respexisset

257 2168 312 2222 sibi
327 2170 420 2240 imopo
434 2172 524 2225 coitus
539 2169 714 2241 referretur.

345 2265 433 2343 Quae
457 2268 706 2346 interpolationes
733 2287 800 2325 cum
826 2267 955 2326 eandem
983 2268 1032 2327 vel
1061 2269 1244 2330 simillimam
1269 2273 1397 2332 Horatio

259 2369 360 2428 aliena
380 2367 555 2445 adfingendi
573 2368 740 2427 lubidinem
754 2390 828 2448 prae
846 2389 879 2427 se
896 2368 1011 2442 ferant,
1028 2371 1106 2429 inter
1127 2392 1159 2430 se
1181 2374 1398 2452 conponendae

259 2481 342 2544 sunt,
371 2481 404 2529 ut
427 2469 571 2529 iudicium
597 2469 636 2528 de
663 2471 761 2530 altera
788 2471 913 2530 alterius
937 2472 1149 2550 proscriptioni
1175 2474 1265 2532 fidem
1287 2475 1402 2534 iaciat..

260 2573 325 2631 eius
357 2573 449 2649 igitur
479 2591 569 2651 quam
604 2571 738 2629 secundo
769 2571 837 2630 loeo
864 2572 953 2649 posui
987 2573 1068 2650 quod
1101 2575 1184 2651 origo
1211 2576 1241 2633 in
1274 2577 1399 2636 scholiis

260 2673 436 2755 quaerenda
457 2681 518 2745 est,
542 2692 599 2730 nec
618 2672 744 2731 alteram
762 2681 831 2731 ante
849 2674 882 2731 in
899 2672 993 2731 vitam
1011 2675 1174 2754 inrepsisse
1195 2685 1284 2754 puto,
1308 2698 1400 2758 quam

261 2796 299 2836 ea
319 2776 443 2835 scholiis
465 2775 639 2851 anteposita
661 2783 751 2834 esset.
789 2794 847 2833 nec
870 2773 1061 2853 inprobabile
1083 2797 1156 2836 sane
1178 2778 1267 2835 etiam
1288 2779 1319 2835 in
1340 2778 1399 2837 hoc

261 2877 410 2937 emblema
426 2875 559 2956 aliquam
583 2876 766 2935 scholiorum
784 2879 958 2937 memoriam
980 2876 1127 2936 detortam
1149 2898 1226 2937 esse.
1263 2879 1399 2937 ciusdem

261 2981 371 3039 aetatis
397 2978 458 3037 alia
484 2977 659 3056 corruptela
688 2986 750 3051 est,
781 2999 861 3058 quae
888 2979 1013 3055 egregia
1039 2976 1162 3039 Ottonis
1191 2980 1280 3038 Iahni
1309 3000 1400 3059 quam

260 3100 378 3140 mecum
393 3079 624 3138 communicavit
640 3079 853 3139 observatione
875 3080 1032 3157 patefacta
1054 3089 1110 3138 est.
1147 3101 1218 3140 nam
1237 3090 1399 3160 postquam

262 3181 300 3241 dc
321 3180 408 3239 domo
423 3182 534 3240 Horati
553 3202 651 3240 sermo
668 3183 740 3253 fuit,
761 3200 834 3239 ecce
854 3180 931 3238 hacc
947 3190 1105 3240 secuntur:
1125 3192 1268 3240 uenerunt
1289 3187 1317 3240 iu
1339 3203 1399 3240 mu·

261 3301 317 3342 uus
332 3301 411 3342 meos
431 3293 459 3341 et
480 3288 553 3359 slepi
570 3287 622 3341 sub
642 3288 722 3352 titulo
737 3286 798 3340 eius
818 3301 844 3342 e.
859 3301 889 3359 q.
905 3302 928 3341 s.
940 3303 972 3360 p.
987 3289 1040 3356 47,
1061 3289 1102 3344 17.
1122 3303 1230 3362 nempe
1247 3284 1402 3343 intercidit

261 3385 460 3464 penninarum
485 3394 658 3464 poematum
683 3385 813 3455 mentio,
841 3381 873 3441 id
901 3382 982 3463 quod
1008 3404 1077 3442 cnm
1098 3405 1154 3463 per
1176 3404 1209 3444 se
1234 3385 1401 3444 verisimile

262 3489 316 3560 sit,
341 3497 404 3546 tum
426 3497 454 3545 et
475 3487 626 3567 particula
649 3495 753 3566 aperte
775 3484 1004 3544 demonstratur.
1033 3485 1112 3544 hanc
1136 3493 1237 3545 autem
1259 3486 1401 3545 omissam
1437 3552 1441 3557 ἱ

263 3609 331 3649 csse
346 3589 474 3668 adparet
492 3589 530 3649 ab
548 3610 584 3648 so
605 3593 657 3670 qui
675 3590 771 3648 vitam
787 3589 817 3644 in
838 3586 960 3646 codices
974 3589 1084 3647 Horati
1105 3588 1272 3671 transtulit3
1293 3607 1399 3667 super-

261 3710 430 3751 vacaneam
448 3692 527 3749 euim
543 3712 611 3751 cam
625 3691 747 3763 habuit,
765 3709 831 3748 cum
850 3699 993 3768 poemata
1010 3691 1078 3769 ipsa
1093 3697 1304 3770 sequerentur.

347 3793 477 3851 Restare
495 3793 586 3852 video
609 3793 692 3852 aliud
714 3792 892 3851 recentioris
913 3811 1019 3850 manus
1039 3791 1195 3850 indicium.
1225 3786 1294 3848 nam
1315 3787 1400 3847 dubi-

263 3895 321 3954 tari
343 3914 417 3953 sane
435 3897 556 3974 nequit,
581 3896 653 3974 quin
673 3896 705 3954 in
729 3895 772 3952 eis
790 3894 917 3973 quaein
935 3893 994 3951 fine
1015 3891 1097 3950 vitae
1113 3891 1255 3967 leguntur
1269 3913 1300 3971 p.
1318 3899 1367 3961 48,
1384 3898 1402 3952 8

263 3998 398 4054 humatus
414 4006 443 4054 et
457 4001 588 4056 conditus
601 4005 644 4054 cst
666 4000 805 4053 extremis
819 3999 957 4070 Esquiliis
979 3993 1131 4051 ‘humatus‘
1155 3990 1331 4069 explicandi
1354 4010 1400 4047 ra-

263 4099 352 4158 riuris
369 4102 529 4158 ‘conditus'
547 4098 646 4175 gratia
662 4096 797 4155 additum
816 4116 894 4155 esse.
932 4112 993 4174 qua
1013 4113 1046 4152 re
1063 4100 1147 4151 recte
1165 4091 1206 4150 H.
1228 4090 1402 4169 Stephanus

264 4203 343 4264 hanc
364 4200 506 4260 voculam
529 4198 682 4258 delevisse
708 4198 838 4257 videtur.
874 4204 1033 4276 praeterea
1057 4194 1258 4271 suspicionem
1278 4200 1403 4253 movent

265 4314 398 4364 extrema
418 4305 525 4361 iudicia
540 4301 718 4357 Maecenatis
738 4320 767 4377 p.
782 4306 832 4373 45,
849 4308 881 4371 6,
901 4317 968 4356 cum
989 4315 1092 4355 omnes
1115 4294 1187 4353 boni
1209 4304 1350 4353 auctores
1370 4294 1402 4352 in

264 4405 312 4464 his
333 4404 495 4465 Suetonius
516 4409 699 4461 testamenta
717 4410 770 4459 aut
791 4398 905 4458 iudicia
925 4408 978 4458 aut
998 4414 1140 4476 suprema
1163 4395 1276 4455 indicia
1298 4395 1401 4454 dicere
