3218 5000
252 385 315 454 λῦδ
511 384 513 388 '
758 401 889 448 εειυνιι

252 552 363 615 funus.
407 559 476 615 tum
498 551 589 615 canis
613 562 817 639 sequestrato
838 551 1005 639 paulisper
1026 560 1143 638 questu
1161 549 1283 616 doloris
1305 570 1396 614 arma

250 652 386 716 ultionis
414 651 599 738 adsumpsit
622 665 720 739 atquc
745 652 984 738 apprehensum
1010 655 1115 716 tenuit
1151 662 1184 717 et
1210 655 1302 717 uelut
1329 653 1395 740 epi·

251 753 327 838 logo
350 753 491 839 quodam
518 753 706 818 miserabile
734 776 867 818 carmen
896 775 1102 819 murmurans
1124 756 1296 818 uniuersos
1319 775 1395 817 cou-

251 855 351 919 ucrtit
372 856 406 918 in
430 854 597 919 lacrimas:
627 854 724 920 fidem
752 854 934 945 probationi
956 854 1090 936 detulit,
1115 855 1201 942 quod
1223 855 1327 919 solum
1349 864 1394 918 tc-

250 958 322 1019 nuit
344 977 386 1019 εκ
405 956 557 1041 plurimis
578 978 638 1019 nec
660 957 794 1021 dimisit.
841 957 981 1042 denique
1001 956 1194 1042 pertubatus
1215 955 1286 1037 illa,
1309 953 1418 1042 quous

250 1067 316 1121 tam
338 1056 546 1120 manifestum
572 1057 620 1120 rei
644 1057 783 1121 indicem
807 1079 912 1144 neque
935 1056 1003 1121 mlii
1026 1078 1130 1143 neque
1150 1056 1395 1121 inimicitiarum

251 1237 450 1322 καταισχύγει·
470 1232 544 1294 όπου
561 1258 592 1308 γε
610 1241 661 1294 καλ
679 1230 849 1309 φούευθείσι
874 1237 1027 1303 δεσπόταις
1048 1233 1116 1294 κατ’
1139 1235 1276 1363 έρτηιίαν,
1295 1239 1396 1293 πολλοὶ

251 1312 308 1362 τῶν
326 1327 421 1361 κυνων
440 1280 680 1369 έπαποθανόντες
697 1305 936 1378 μνημονεύονται.
956 1302 1015 1377 η”δη
1035 1306 1067 1361 δέ
1085 1327 1160 1370 τινες
1195 1308 1227 1362 πὶ
1245 1309 1345 1376 θερμῷ
1358 1309 1396 1376 τρὶ

201 1384 209 1398 ’
252 1372 344 1431 πόθει
368 1375 418 1429 καλ
442 1370 544 1444 ὁδηγοὶ
568 1382 627 1438 τοίς
651 1371 796 1445 έκζητοῦοι
820 1373 886 1439 τοῦς
914 1374 1022 1445 φονέας
1045 1370 1176 1444 έγένοντο
1195 1375 1244 1429 καὶ
1267 1369 1324 1428 riui
1343 1371 1396 1444 την

252 1444 339 1525 δίκην
356 1437 487 1512 α’χθῆναι
505 1440 572 1505 τούς
589 1440 777 1525 κακούργους,
787 1440 935 1512 έποίησαν,
960 1446 991 1497 τί
1001 1444 1119 1497 είπωσιν
1131 1441 1161 1497 οἱ
1172 1439 1222 1496 τόν
1234 1439 1394 1511 ποιήσαντα

251 1508 357 1572 αυτούς
379 1511 430 1564 καὶ
452 1508 595 1578 τρέφοντα
618 1508 719 1579 κύριον
743 1531 776 1565 ου
794 1508 886 1579 μόνον
904 1506 958 1565 ούκ
971 1505 1136 1579 οἶγαπωντες
1149 1505 1222 1565 α’λλοὶ
1235 1510 1285 1563 καλ
1298 1512 1394 1576 φίλοις

249 1575 420 1662 κεχρημένοι
438 1586 499 1640 τοῖς
516 1581 634 1632 λαλοῦσι
651 1576 723 1633 κατὰ
743 1581 794 1632 τοῦ
811 1581 885 1633 θεοῦ
903 1574 1023 1633 α’δικίαν
1041 1579 1091 1633 καλ
1116 1580 1166 1648 τῆς
1190 1572 1279 1648 αὐτῆς
1296 1571 1395 1639 αύτοῑς

251 1651 391 1714 τραπεζης
409 1643 574 1715 μετέχοντες
592 1645 642 1700 καλ
659 1639 732 1715 παρ’
754 1641 847 1716 αύτὴν
871 1645 923 1716 τὴν
945 1642 1058 1716 τροφὴν
1082 1649 1137 1699 τῶν
1160 1642 1233 1699 κατὰ
1258 1647 1310 1699 τοῦ
1333 1642 1395 1713 τρέ·

276 1733 358 1774 οντος
376 1715 565 1783 βλασφημιῶν
583 1708 773 1785 α’νεγόμενοι.
797 1720 835 1769 cf.
854 1718 1019 1769 Plutarchus
1038 1718 1071 1767 dc
1090 1717 1215 1768 sollertia
1234 1718 1394 1766 animalium

252 1734 293 1845 έδ,
314 1786 406 1849 lsqq.
426 1812 459 1819 -
495 1784 629 1835 Aelianus
652 1785 686 1835 du
710 1792 810 1835 nutura
830 1786 990 1837 animalium
1009 1786 1061 1835 I'II
1082 1784 1126 1834 lll:
1149 1783 1254 1834 Κυνιόν
1278 1775 1306 1842 ές
1329 1777 1398 1842 τοός

250 1847 410 1917 τρέφοντας
427 1843 532 1911 αύτοός
550 1842 664 1918 ἄμαχον
682 1842 799 1903 εῦνοιαν
817 1844 954 1919 ὁμολογεῖ
974 1848 1023 1904 καλ
1042 1843 1136 1903 έκεῖνο
1156 1844 1259 1918 δήπου.
1297 1845 1328 1902 έν
1339 1867 1395 1901 τινι

250 1920 307 1971 των
331 1911 465 1986 έμφύλων
488 1915 619 1986 πολέμων
642 1911 673 1970 έν
699 1919 733 1986 τῇ
747 1913 826 1987 Ῥοόμ,
855 1917 972 1997 Κύλβου
994 1918 1046 1970 τοῦ
1064 1914 1204 1986 Ῥωμαίου
1227 1914 1395 1984 σφαγέντος,

251 1977 348 2046 ούδελς
371 1981 469 2054 μέντοι
493 1987 549 2038 τῶν
573 1980 686 2067 έγθριόν
707 1987 760 2038 τοῦ
778 1938 884 2052 οἷνόρὸς
902 1982 1040 2054 ηδυνήδη
1064 1981 1117 2053 την
1139 1983 1271 2054 κεφαλὴν
1294 1977 1396 2037 α’ποτε-

250 2058 327 2122 μεῖν,
346 2055 440 2105 καίτοι
458 2054 569 2122 μυρίων
587 2049 735 2121 αγιόνισμα
753 2050 914 2124 τιθεμένων
933 2055 1013 2121 σφίσι
1032 2051 1081 2105 καλ
1100 2048 1284 2121 καλλύπιομα
1301 2054 1385 2104 τούτο

252 2120 322 2205 πρὶν
339 2112 361 2189 ἢ
376 2116 426 2173 τόν
444 2117 608 2188 παρεστῶτα
633 2118 663 2174 οἱ
685 2117 760 2174 κύνα
782 2115 968 2187 οἷποκτεῑναι,
991 2113 1045 2173 ὑπ’
1063 2113 1153 2172 αότοῦ
1176 2116 1324 2187 τραφέντα
1346 2138 1383 2172 κα

251 2206 350 2258 μεντοι
373 2188 423 2241 καὶ
446 2184 499 2257 την
517 2181 636 2242 εύνοιύν
658 2185 689 2241 οἱ
710 2184 865 2242 πιστότατα
888 2183 1070 2253 οἷποσιόζοντα
1098 2186 1147 2240 καὶ
1173 2183 1395 2255 ὑπερμαχοῦντα

251 2257 304 2309 τοῦ
321 2253 465 2326 κειμένου,
484 2246 577 2321 ὥσπερ
596 2245 649 2308 ούν
668 2252 839 2323 συστρατιιότ
861 2276 878 2309 ν
894 2276 924 2310 τε
942 2256 991 2309 καλ
1011 2250 1152 2323 σύσκηνον
1170 2248 1285 2323 α’γαθόν
1298 2253 1348 2308 καλ
1367 2249 1396 2337 ές

252 2319 287 2376 τό
307 2320 526 2404 έσγαταιφίλον.
564 2319 628 2377 οἷον
652 2316 719 2377 δἀύ
740 2323 790 2377 καλ
808 2277 873 2377 τόδ’
911 2320 1010 2393 ββεξεν
1028 2317 1079 2376 οῦκ
1098 2318 1172 2391 α’νηρ
1190 2318 1230 2391 μοὶ
1250 2324 1317 2388 Δία,
1335 2315 1388 2376 α’λλ

252 2384 272 2444 α’
291 2393 367 2452 αθος
390 2410 467 2443 κυων
489 2389 539 2444 καλ
562 2387 614 2443 τ“ν
632 2385 748 2459 γνώμην
766 2388 915 2459 καρτερός,
934 2394 1045 2460 μαθεῖν
1062 2384 1154 2456 ἄξιον.
1192 2384 1395 2460 όἨπειρύτης

253 2411 370 2579 λέύηρος
388 2453 551 2525 ὦδοιπόρει,
571 2411 634 2511 altu
652 2457 749 2526 μέντοι
769 2454 968 2578 περιτυγχάνει
988 2461 1079 2526 νεκρςῦ
1100 2455 1327 2540 πεφονευμένου,
1346 2456 1395 2511 καὶ

253 2545 307 2580 κυν
337 2527 494 2595 παρεστῶτι
517 2523 567 2578 καλ
590 2528 766 2593 φρουροῦντι
790 2545 840 2580 τον
883 2522 1020 2594 εσπότην,
1045 2527 1094 2579 λ’να
1113 2546 1151 2595 μη
1170 2524 1241 2591 πρὸς
1258 2525 1297 2594 τῷ
1316 2522 1395 2594 φόνῳ

252 2592 302 2665 καλ
320 2595 360 2661 up*
378 2594 468 2660 νεκρῷ
486 2588 651 2661 λυμήνηταί
660 2613 710 2655 τις.
737 2592 816 2663 ἔτυχε
836 2590 868 2647 δέ
887 2586 943 2662 ἄρα
962 2604 1062 2662 τρίτην
1081 2590 1153 2674 ἔχων
1171 2587 1276 2646 όκύων
1294 2586 1394 2647 σῖπόσι-

252 2679 301 2739 τρς
324 2656 377 2729 τὴν
401 2655 510 2728 ἡμέραν
533 2654 581 2713 lut
604 2661 638 2729 τῇ
667 2657 814 2729 φιλοπόνῳ
837 2660 886 2715 καλ
909 2680 995 2727 καρτε
1014 2680 1138 2729 ικωτατη
1162 2662 1283 2739 φρουρᾷ.
1325 2654 1395 2728 ὅπερ

252 2748 306 2782 ουν
325 2727 479 2795 διδαχθεὶς
502 2720 517 2780 ό
537 2723 651 2796 Πύρρος
674 2725 725 2782 τόν
747 2726 801 2798 μέν
823 2723 939 2798 ᾤκτειρε
963 2682 1013 2782 aul
1036 2731 1131 2797 ταφῆς
1154 2729 1270 2797 ηξίωσε,
1290 2723 1340 2781 τόν
1363 2745 1395 2795 γε

251 2793 311 2865 μὴν
328 2790 401 2848 κύνα
420 2792 575 2862 προσέταξε
594 2802 691 2879 ταγεῖν
709 2799 898 2865 κηδεμονίας,
924 2795 973 2850 καὶ
992 2790 1094 2850 έδίδου
1112 2791 1164 2849 ὅσα
1182 2794 1248 2849 κυνὶ
1266 2788 1395 2863 όρέγεται

253 2858 284 2917 έκ
304 2859 406 2931 χειρός,
425 2862 475 2915 καλ
487 2858 564 2930 μύλα
583 2881 614 2943 γε
633 2863 720 2917 ικανά
733 2864 782 2918 καλ
802 2860 910 2932 ἕφολκόι
930 2863 971 2925 είς
989 2860 1042 2932 τὴν
1061 2857 1166 2917 ἑαυτοῦ
1179 2866 1281 2931 φιλίαν
1298 2881 1328 2916 τε
1346 2862 1395 2916 καλ

252 2923 386 2995 εύνοιαν,
409 2925 482 2983 κατὰ
505 2949 593 2998 μικρα
612 2925 732 2999 ύπύγων
749 2928 800 2985 τόν
818 2929 891 2985 κύνα
910 2926 926 2985 ό
945 2926 1067 3010 Πύρρος.
1104 2930 1154 2984 καλ
1177 2933 1267 3009 τριύτα
1288 2927 1344 3015 μέν
1366 2924 1395 2991 ές

252 2999 396 3052 τοσούτου.
429 2994 492 3050 εἶτα
510 2995 607 3066 μέντοι
627 2993 663 3053 ου’
679 2995 750 3068 μετὰ
769 2995 881 3068 μακρόν
899 2995 1023 3064 έξέτασις
1041 2999 1164 3053 οπλιτων
1183 3017 1229 3067 ην,
1247 3016 1296 3051 και
1316 2991 1395 3064 ὁβα-

254 3061 347 3126 σιλεύς
365 3055 400 3117 ὃν
420 3070 560 3132 προεῖπον
578 3060 700 3135 έθεᾶτο,
723 3071 777 3122 καί
791 3064 822 3120 οἱ
837 3070 915 3133 παρ’
952 3061 1061 3128 ἐκεῖνος
1080 3061 1095 3119 ό
1113 3061 1204 3131 κύων,
1223 3064 1272 3118 καλ
1290 3061 1324 3118 τὰ
1342 3061 1396 3133 μἐν

252 3125 325 3187 ἄλλα
344 3129 428 3202 σιγὴν
446 3129 505 3201 εἶχε
524 3131 573 3187 καλ
591 3130 752 3202 πραότατος
769 3125 816 3204 η’ν·
853 3088 914 3189 insi
928 3132 959 3189 δὲ
977 3126 1035 3200 ἄρα
1048 3130 1114 3195 τούς
1126 3135 1178 3186 τοῦ
1190 3128 1329 3187 δεσπότου
1342 3150 1395 3201 φο-

252 3200 320 3262 νέας
344 3195 375 3254 έν
392 3203 426 3270 τῇ
442 3203 498 3254 τιδν
516 3205 693 3283 στρατιωτῶν
712 3200 791 3257 εἶδεν
810 3198 948 3269 ἐξετάσει,
968 3196 983 3256 ὁ
1008 3199 1039 3254 δέ
1063 3194 1115 3255 ούκ
1140 3195 1328 3279 ἐκαρτέρησεν
1351 3194 1394 3254 έν-

250 3271 350 3323 ταῦθα
368 3261 516 3337 οἶτρεμεῖν,
535 3266 607 3323 αλλῦ
626 3269 667 3331 εἰς
686 3265 775 3325 αῦτοῦ
811 3265 905 3339 ἐπήδα
923 3269 972 3322 καλ
990 3263 1106 3322 ύλσὶκτει
1124 3268 1174 3322 καλ
1185 3264 1319 3337 αμύοσων
1331 3272 1395 3328 ταῖς
1483 3279 1492 3297 *

253 3330 335 3402 ὄνυξι
353 3336 402 3389 καὶ
422 3332 450 3397 ές
468 3332 518 3390 τόν
537 3333 654 3405 Πύρρον
673 3334 757 3407 θύμα
776 3290 1016 3413 έπιστρεφόμενος
1033 3331 1070 3398 ιός
1089 3332 1151 3398 οίύς
1173 3354 1203 3390 τε
1220 3326 1257 3405 ἦν
1275 3330 1421 3405 ἐπήγετο.

252 3401 392 3474 μα’ρτυρα,
413 3396 455 3456 ότι
479 3397 536 3470 ἄρα
554 3402 621 3467 τούς
644 3399 846 3474 α’νδροφόνους
870 3403 936 3473 ἔχει.
973 3406 1080 3458 ουκούν
1097 3399 1222 3457 ύπόνοια
1240 3401 1394 3483 εἰσέρχεται

251 3472 302 3526 καλ
319 3469 369 3525 τόν
392 3467 510 3541 βασιλέα
533 3472 582 3526 καὶ
604 3469 671 3534 τοῦς
689 3477 876 3541 περιεστῶτας
893 3466 996 3556 αύτόν,
1015 3471 1065 3545 κοιλ
1083 3472 1235 3525 ποιοῦνται
1254 3466 1395 3554 ένθυμιον

251 3536 305 3610 τὴν
323 3540 376 3593 τοῦ
393 3536 479 3605 κυνός
497 3533 609 3609 ῦλακην
627 3538 681 3610 τὴν
700 3536 728 3602 ές
750 3536 817 3602 τοῦς
840 3559 1072 3610 προειρημενους.
1108 3539 1158 3593 καλ
1181 3540 1395 3607 ουλληφδεντες

252 3608 458 3688 στρεβλοῦντας,
479 3606 529 3660 καὶ
547 3614 686 3663 κατεῖπον
704 3602 756 3662 ὅσα
775 3603 941 3678 έτόλμηοαν.
978 3608 1027 3661 καὶ
1047 3609 1130 3689 δοκεῖ
1144 3603 1198 3676 μέν
1209 3607 1282 3687 ιίσως
1300 3606 1395 3686 μῦθος

253 3677 344 3733 ταῦτα
362 3681 421 3737 τοῖς
440 3692 502 3728 οσοι
521 3672 590 3738 Διὸς
609 3670 752 3742 έταιρείου
769 3676 819 3730 καλ
838 3678 936 3745 φιλίου
954 3677 1006 3729 τοῦ
1024 3677 1114 3728 αυτοῦ
1126 3678 1237 3744 δεσμου
1249 3691 1395 3742 πατησαν-

251 3762 297 3805 τες
316 3740 379 3797 εἶτα
397 3741 494 3812 μέντοι
513 3745 618 3808 ζῶντας
636 3739 803 3812 προύδοσαν
820 3742 886 3805 τούς
905 3745 1008 3812 φίλους
1027 3742 1076 3795 καλ
1088 3736 1304 3802 α’ποθανόντας.
1342 3734 1395 3808 lyci

253 3806 285 3864 ul
304 3804 339 3864 υό
357 3812 500 3879 πείθομαι
518 3818 578 3872 τοῖς
596 3813 696 3865 νοοῦσι
713 3814 806 3872 κακῶς
824 3808 858 3865 τὰ
877 3813 927 3881 τῆς
950 3807 1062 3879 φύσεως
1085 3805 1172 3876 καλοί,
1198 3802 1269 3878 ἥπερ
1293 3798 1346 3862 ούν
1369 3805 1396 3860 εί

251 3884 312 3939 τοῖς
330 3871 445 3946 α’λόγοις
463 3876 622 3947 μετέδωκεν
641 3873 757 3940 εῦνοίας
776 3898 804 3933 τε
823 3879 872 3933 καλ
892 3881 1019 3951 στοργῆς,
1038 3873 1152 3940 πάντως
1169 3896 1226 3930 που
1249 3877 1298 3955 γαί
1321 3876 1395 3943 τςόδε

251 3948 290 3999 τοῦ
307 3941 366 4014 ζόα
383 3948 423 4014 τῷ
440 3948 544 4014 λογικῷ
561 3943 702 4014 μετέδωκε
725 3949 842 4015 μᾶλλον
878 3941 949 4001 α’λλα
969 3941 1004 3999 ου’
1022 3950 1144 4015 χρῶνται
1162 3947 1201 4013 τῷ
1219 3947 1309 4013 δωρῳ.
1345 3941 1395 3997 καλ

251 4018 283 4067 τί
298 4015 347 4068 δεῖ
366 4011 401 4067 τῦ
424 4008 509 4067 λοιπὰ
534 4008 675 4081 έπιλέγειν
692 4008 783 4068 ὁπόσα
801 4008 952 4082 ἄνθρωποι
969 4009 1042 4082 ύπέρ
1060 4014 1112 4067 τού
1128 4015 1258 4083 πονηροῦ
1275 4008 1396 4077 κέρδους

252 4078 327 4135 κακοὶ
346 4078 413 4142 τοὺς
432 4074 541 4135 έαυτιόν
560 4085 663 4147 φίλους
682 4078 861 4150 είργοὶσαντο,
881 4078 1035 4152 ἐπιβουλὰς
1054 4078 1210 4149 δάπτοντες
1228 4079 1278 4133 καλ
1296 4080 1395 4144 προδι-

253 4140 366 4210 δόντες·
386 4143 423 4210 ιός
442 4143 491 4217 έμέ
509 4166 540 4216 γε
558 4143 658 4216 α’λγείν
677 4151 757 4218 είπερ
776 4141 829 4203 οὖν
847 4143 1012 4217 σῖνθρούπων
1029 4144 1192 4216 πιστότερος
1210 4147 1259 4201 καλ
1278 4138 1394 4200 εύνούσ-

251 4235 332 4285 τερος
351 4188 516 4286 έλήλεγκται
534 4216 584 4270 καλ
602 4212 688 4270 κύων.
725 4221 761 4270 ολ.
780 4219 946 4273 Plutarchus
970 4222 1004 4272 dc
1028 4220 1153 4271 sollertis
1172 4217 1334 4269 animalium
1354 4215 1393 4279 13,

250 4287 268 4338 8
285 4305 325 4354 sq.
345 4315 377 4324 -
414 4287 521 4339 Plinius
537 4288 571 4338 N.
590 4289 626 4338 II.
645 4288 713 4339 VIII
732 4286 793 4338 142:
817 4289 868 4338 ‘Ex
886 4289 929 4338 his
948 4304 1053 4354 qnoque
1073 4286 1239 4337 animalibus
1258 4300 1327 4350 quse
1346 4300 1394 4335 no·

251 4357 358 4408 hiscum
381 4354 486 4420 degunt
508 4355 595 4406 mults
617 4362 681 4407 snut
702 4356 816 4422 cognitu
833 4356 931 4422 digna,
956 4355 1199 4420 fichIssimumquc
1218 4359 1283 4404 anta
1302 4351 1395 4403 omnia

250 4423 356 4478 homiui
374 4424 452 4473 canis
471 4428 554 4490 atquc
578 4439 672 4491 equos.
708 4438 847 4490 pugnam
871 4424 1003 4475 aduersus
1021 4423 1145 4474 latrans·
1164 4437 1262 4472 canam
1279 4437 1329 4487 pru
1347 4420 1394 4473 ‹lo-
