3202 4998
715 439 818 481 carvr
842 442 853 480 1
1291 426 1349 488 421

213 589 282 647 bist.
299 589 383 647 XIII
398 587 521 668 68sqq.)
538 611 574 649 ea
589 591 627 650 de
648 612 681 649 re
704 593 933 670 expositionem.
965 612 1045 672 quae
1067 613 1092 654 c.
1111 605 1138 656 lt
1162 597 1354 674 excipiuntur

215 690 418 770 disputatione
442 691 481 749 de
502 692 701 765 membranis,
726 695 757 751 in
779 714 840 773 qua
864 702 987 772 praeter
1004 693 1065 752 alia
1082 695 1198 753 erudite
1214 705 1354 756 veterum

169 824 172 835 ·
214 793 362 851 artificum
386 793 572 851 consuetudo
595 796 764 875 explicatur
786 794 1084 872 (ef.iragm.103*).
1117 805 1268 875 postremo
1285 798 1353 857 loco

212 896 313 973 posita
330 902 400 952 sunt
422 895 523 972 capita
545 894 602 973 (Ιῖ.
626 906 667 958 13.
689 894 735 973 lt)
764 895 803 955 de
822 895 908 955 libris
931 885 1127 955 conficiendis
1150 876 1354 979 librorumque

213 992 371 1054 vocabulis
389 995 489 1075 deque
504 995 636 1054 librariis
659 1006 689 1055 et
711 1016 814 1056 eorum
835 1000 1041 1059 instrumentis
1058 997 1176 1076 (fragm.
1196 994 1293 1077 lost).
1320 1002 1354 1058 in

214 1096 322 1175 quibus
337 1106 458 1175 praeter
475 1095 591 1154 Cinnae
614 1096 652 1154 de
672 1099 839 1158 malvarum
858 1099 970 1159 libellis
992 1100 1195 1158 testimoninm
1214 1100 1281 1179 ipsa
1300 1101 1356 1160 illa

174 1186 181 1202 ’
214 1196 342 1258 Suetoni
363 1196 458 1257 verba
484 1217 502 1254 a
522 1197 694 1257 scholiastis
719 1201 827 1259 Horati
854 1203 987 1261 excitata
1010 1201 1054 1281 (p.
1081 1210 1144 1272 134,
1170 1199 1217 1274 18)
1239 1211 1353 1260 extant.

213 1297 322 1379 quibus
339 1299 460 1378 quidem
476 1298 571 1357 multa
587 1299 723 1359 Isidorus
738 1310 771 1360 ut
787 1303 866 1362 solet
880 1303 969 1363 modo
986 1303 1024 1361 de
1040 1322 1094 1360 suo
1115 1302 1203 1360 modo
1228 1301 1265 1360 ab
1287 1303 1354 1361 aliis

214 1399 388 1460 auctoribus
406 1402 502 1479 petita
518 1400 684 1474 inmiscuit,
703 1423 782 1481 quae
794 1403 915 1484 quidem
933 1404 1025 1463 facile
1046 1425 1064 1462 a
1075 1403 1206 1480 genuina
1225 1404 1354 1463 Suetoni

213 1504 358 1561 memoria
372 1510 496 1581 possunt
509 1503 682 1562 internosci.
714 1504 778 1563 fere
795 1526 897 1564 omnes
912 1507 992 1564 enim
1007 1522 1098 1583 super
1117 1511 1187 1562 sunt
1203 1512 1354 1576 auctores,

214 1623 290 1683 quos
302 1604 341 1662 ad
353 1603 436 1661 illam
451 1603 694 1682 interpolantium
710 1605 863 1679 adhibuit,
879 1608 975 1685 ipsius
990 1624 1063 1664 vero
1078 1604 1287 1664 additamenta
1303 1614 1356 1663 aut

214 1704 337 1783 ineptiis
357 1704 524 1783 produntur
547 1713 599 1763 aut
619 1707 739 1783 vulgari
762 1707 899 1767 doctriua
914 1718 966 1767 aut
982 1706 1115 1786 denique
1131 1726 1183 1777 eo,
1208 1705 1290 1785 quod
1305 1725 1354 1763 res

215 1806 403 1866 Christianae
416 1807 552 1885 respicit.
572 1806 627 1866 s'ed
642 1828 703 1868 non
716 1811 748 1868 id
759 1820 876 1869 tantum
892 1808 1010 1868 Isidoro
1020 1809 1094 1867 vitio
1107 1806 1285 1865 vertendum
1298 1816 1354 1877 est,

213 1915 307 1967 testes
326 1916 357 1967 et
372 1926 422 1965 res
438 1909 626 1983 confudisse,
647 1911 728 1989 quod
750 1913 823 1970 ferri
845 1920 960 1989 potest,
984 1929 1052 1968 enm
1073 1910 1137 1966 eius
1159 1910 1204 1966 rei
1219 1908 1355 1967 remedia

214 2029 274 2066 non
282 2007 392 2081 desint,
403 2028 510 2068 verum
523 2010 614 2068 etiam
625 1999 683 2069 boc
695 2033 815 2092 quoque
823 2013 890 2070 loco
900 2010 1117 2069 molestissima
1129 2008 1239 2067 menda
1247 2007 1354 2067 Sueto-

213 2112 336 2169 nianam
353 2110 588 2190 disputationem
608 2130 644 2168 eo
666 2103 858 2184 insederunt,
883 2111 964 2191 quod
982 2111 1091 2168 misere
1115 2128 1181 2168 eam
1201 2110 1356 2169 breviator

214 2211 376 2270 mutilavit.
391 2210 475 2269 errius
484 2211 527 2267 rei
539 2211 693 2289 singulare
702 2212 914 2273 documentum
927 2220 1020 2283 extat,
1032 2209 1085 2268 ubi
1097 2208 1134 2268 de
1143 2213 1355 2290 scripturaan·

214 2314 299 2391 tiqua
312 2332 390 2391 quae
403 2303 628 2390 βουστροφηδὸν
640 2313 733 2377 fiebat
745 2334 844 2373 sermo
858 2323 918 2373 est:
932 2329 1036 2373 uersus
1047 2320 1142 2369 nutem
1153 2316 1251 2369 uocati
1259 2316 1354 2385 unlpo,

214 2418 283 2489 quio
296 2417 338 2471 sic
352 2416 514 2471 scribebant
528 2418 640 2489 antiqui
653 2421 727 2475 sicut
742 2426 847 2475 aratur
862 2426 953 2474 terra.
980 2434 998 2470 u
1012 2417 1130 2471 sinr'stra
1143 2418 1215 2470 enim
1230 2417 1271 2470 ad
1282 2416 1355 2471 des-

214 2525 306 2573 ternm
321 2518 445 2587 primum
462 2518 640 2573 deducebant
656 2522 766 2585 stilum,
790 2523 891 2577 deinde
906 2518 1150 2575 connectebantur
1164 2518 1199 2573 ab
1216 2515 1356 2588 inferiore

214 2626 242 2674 et
257 2633 363 2674 rursus
377 2620 416 2674 ud
430 2620 581 2675 dexteram
597 2634 717 2675 uersus:
730 2636 802 2692 quos
813 2622 952 2692 hodieque
964 2621 1067 2674 rustici
1079 2633 1184 2674 uersus
1198 2620 1355 2689 appellunt.

301 2716 352 2776 Sic
371 2726 514 2777 accurate
535 2718 740 2778 Suetonianae
756 2720 944 2778 auctoritatis
959 2718 1079 2778 indiciis
1102 2716 1248 2775 conlectis
1270 2735 1355 2793 egre-

214 2819 280 2897 gias
307 2818 452 2897 reliquias
479 2819 672 2879 doctissimae
699 2822 959 2880 commentationis
983 2821 1245 2899 recuperavimus,
1278 2837 1356 2897 quae

215 2940 305 2999 quam
320 2929 392 2998 apte
414 2921 445 2978 in
462 2920 522 2979 fine
543 2920 612 2980 libri
632 2920 670 2980 de
684 2921 862 2981 inlustribus
884 2924 957 2982 viris
974 2922 1073 3002 posita
1093 2922 1185 2981 iuuerit
1204 2939 1357 3000 exponere

214 3022 306 3080 facile
321 3021 517 3099 supersedeo.

298 3125 431 3183 Tantum
452 3123 491 3183 de
511 3125 586 3202 ipsis
599 3123 668 3183 libri
689 3123 878 3201 fragmentis.
907 3144 1006 3203 pauca
1027 3122 1138 3182 addam
1158 3124 1195 3183 de
1214 3124 1358 3182 universa

214 3227 305 3286 totius
327 3228 426 3305 operis
442 3226 569 3285 ratione.
602 3226 711 3305 quodsi
729 3235 875 3297 aetatem,
896 3245 957 3304 qua
973 3224 1115 3283 inlustres
1133 3226 1190 3284 viri
1206 3226 1356 3295 vixerunt,

215 3338 352 3406 spectaS,
367 3325 506 3386 ultimum
524 3346 643 3398 eorum,
670 3337 814 3405 quantum
831 3324 954 3403 quidem
979 3344 1035 3402 per
1054 3323 1200 3404 reliquias
1223 3324 1357 3382 iudicare

215 3429 303 3503 licet,
325 3427 545 3505 Quintilianum
560 3427 729 3498 rhetorem,
751 3429 803 3506 qui
817 3426 899 3485 idem
916 3424 1085 3483 inlustrium
1099 3426 1232 3483 virorum
1249 3444 1357 3500 agmen

216 3531 340 3599 clausit,
356 3527 555 3608 Tranquillus
571 3526 724 3605 produxit.
748 3548 809 3606 qna
825 3547 858 3585 re
874 3525 1005 3585 efficitur
1020 3525 1189 3584 litterarum
1204 3526 1355 3584 Romana*

215 3650 281 3708 rum
300 3630 458 3688 historiam
480 3647 548 3686 eum
570 3628 661 3685 finem
681 3648 741 3687 non
762 3628 928 3701 excedere,
958 3646 1048 3706 quem
1068 3628 1101 3684 in
1120 3625 1205 3684 libris
1229 3625 1267 3683 de
1293 3626 1358 3683 vita

216 3733 383 3792 Caesarum
405 3729 567 3790 Suetonius
587 3728 692 3787 tenuit.
725 3738 819 3809 atque
839 3730 919 3787 inter
937 3729 1015 3787 baec
1035 3747 1127 3807 opera
1143 3725 1295 3806 quandum
1314 3728 1357 3784 in-

216 3833 373 3893 tercedere
393 3830 652 3889 necessitudinem
669 3851 730 3889 uon
750 3829 911 3889 obscurum
926 3836 987 3901 est,
1013 3828 1163 3907 siquidem
1182 3827 1357 3900 studiorum,

216 3953 295 4015 quae
313 3931 462 3991 Caesares
477 3932 508 3991 in
531 3931 641 3991 litteris
657 3940 823 4011 posuerunt
845 3951 985 4012 quaeque
1004 3930 1179 4008 plenissime
1201 3928 1232 3986 in
1255 3948 1358 3987 eorum

215 4038 280 4095 vita
297 4043 442 4094 executus
467 4040 518 4091 aut
541 4040 723 4092 executurus
746 4042 825 4097 erat,
847 4035 1021 4092 memoriam
1041 4034 1071 4091 in
1090 4032 1262 4090 inlustrium
1278 4032 1357 4089 viro·

215 4158 280 4197 rum
295 4135 372 4196 libro
394 4135 514 4193 omnino
529 4154 589 4192 non
604 4111 711 4210 atti'gir.
743 4154 925 4214 quamquam
945 4155 1006 4193 non
1028 4134 1202 4213 praefracte
1224 4152 1357 4208 negave-
1399 4164 1405 4175 ·

131 4279 134 4285 2
216 4241 280 4311 rim,
294 4239 325 4296 in
335 4237 528 4317 praefatione
541 4234 744 4294 odoratorum
757 4235 866 4294 librum
878 4256 1047 4295 sermonem
1058 4236 1151 4295 foisse
1165 4233 1203 4293 de
1213 4234 1287 4292 Divi
1297 4230 1358 4292 Iuli

218 4339 400 4419 eloquentia.
430 4338 537 4399 eodem
553 4337 672 4396 scilicet
686 4337 775 4396 modo
788 4339 818 4396 in
833 4326 1024 4416 praefatione
1039 4337 1108 4395 libri
1130 4335 1168 4394 dc
1187 4334 1357 4394 rhetoribus

217 4437 350 4517 Augusti
367 4449 398 4499 et
407 4440 539 4499 Neronis
553 4438 790 4498 declamationes
806 4438 878 4498 data
892 4440 1116 4518 opportunitate
1133 4444 1356 4496 commemorat.
