3220 5022
254 389 316 451 336
532 402 726 443 esrnnonvu
749 402 915 443 ursaonvn
938 403 1114 451 nsuroviss

252 556 359 628 mant,
383 545 426 609 ab
449 567 488 609 ea
510 554 542 609 et
564 546 644 609 circi
665 544 916 632 appellationem
938 554 1218 631 argumentantur.
1249 569 1329 640 ,Q
1341 547 1396 612 he·

191 718 196 731 ,
252 648 324 712 nori
347 646 519 710 Castorum
546 646 736 710 adscribunt
762 647 817 730 qui
845 645 918 710 illos
948 667 1010 711 ouo
1039 646 1144 711 editos
1169 647 1331 712 credendo
1354 647 1396 711 de

253 768 360 833 cygno
392 746 471 811 Ioue
502 768 569 811 uon
598 747 806 813 erubescunt.
850 745 1026 833 delphines
1062 747 1214 834 Neptuno
1248 756 1393 811 uomunt.

250 849 421 913 columnae
450 847 577 911 Sessias
608 868 629 909 a
664 847 971 929 sementationibus,
1006 848 1145 911 Messias
1173 870 1193 910 a
1222 848 1394 929 messibus,

251 947 428 1012 Tutulinas
455 970 475 1011 a
494 947 597 1011 tutela
624 947 789 1013 fruetuum
814 951 986 1012 sustinent.
1028 958 1105 1011 ante
1132 948 1191 1011 has
1222 958 1288 1012 tros
1318 964 1415 1026 araet

247 1050 345 1114 trinis
374 1049 445 1113 deis
467 1058 599 1135 parents
643 1048 775 1135 Magnis
796 1048 990 1113 Potentibus
1013 1048 1238 1133 Valentibns„
1263 1049 1394 1137 eosdem

250 1202 301 1237 uus
319 1188 456 1253 Augustus
478 1188 508 1235 in
530 1187 604 1236 circo
626 1200 727 1251 magno
750 1187 848 1236 statuit
871 1187 978 1236 excisus
1002 1191 1045 1236 est
1068 1203 1084 1236 s
1107 1203 1174 1252 rege
1192 1187 1393 1248 Ssmucserteo,

252 1271 305 1320 quo
323 1260 457 1320 regnante
475 1255 650 1319 Pythagoras
668 1256 696 1302 in
707 1255 832 1319 Aegypto
846 1255 911 1317 fuit,
931 1260 1040 1304 centum
1052 1255 1151 1320 uiginti
1164 1257 1282 1320 quinque
1294 1254 1394 1319 pedum

230 1323 458 1386 .et·dodrantis,
483 1328 595 1387 praeter
617 1322 697 1372 basIn
720 1322 841 1371 eiusdem
864 1321 977 1386 lapidis:
1002 1323 1026 1371 is
1048 1338 1114 1372 uero
1139 1338 1219 1387 quem
1241 1323 1270 1370 iu
1297 1336 1393 1384 campo

250 1392 352 1441 Martio
370 1406 469 1440 nouem
485 1390 601 1454 pedibus
619 1391 707 1439 minor
725 1405 743 1438 a
760 1390 923 1439 Sesostride.
962 1390 1089 1454 inseripti
1108 1392 1188 1441 ambo
1206 1403 1296 1440 rerum
1313 1393 1393 1438 natu·

251 1474 299 1509 rae
323 1458 579 1523 interpretationem
601 1456 798 1521 Aegyptiorum
825 1457 999 1522 philosophia
1022 1454 1183 1507 eontinent.’
1224 1455 1340 1506 XXXVI
1362 1454 1392 1503 8:

251 1525 369 1575 ‘Trabes
388 1541 420 1574 en
439 1525 551 1588 Syenite
574 1539 709 1573 marmore
731 1524 859 1573 fecerunt
881 1539 961 1588 reges
988 1526 1106 1589 quodam
1123 1526 1275 1574 eonomine
1293 1522 1393 1573 obelis-

252 1609 300 1643 cos
317 1598 451 1642 uocantes
473 1593 539 1642 solis
562 1592 667 1641 numini
689 1589 833 1641 sacratos)
853 1619 885 1626 —
921 1593 1007 1641 Varro
1025 1594 1057 1643 L.
1077 1594 1110 1643 L.
1129 1594 1153 1641 V
1173 1593 1233 1642 154:
1263 1594 1392 1643 ‘Intumus

252 1662 342 1710 circus
361 1661 396 1709 ad
408 1660 542 1710 Murciam
559 1664 675 1711 uocatur
691 1665 722 1707 nt
739 1659 874 1708 Procilius
893 1660 988 1709 aiebat
1006 1660 1041 1709 ab
1060 1660 1163 1722 urceis,
1185 1659 1256 1724 quod
1274 1661 1298 1709 is
1317 1658 1393 1708 loeus

252 1734 327 1778 esset
349 1729 422 1777 inter
438 1726 551 1792 figulos:
575 1726 624 1776 alii
646 1726 741 1774 dicunt
759 1742 775 1775 a
793 1732 911 1777 murteto
928 1727 1110 1789 declinatum,
1136 1729 1207 1792 quod
1229 1728 1269 1777 ibi
1287 1727 1314 1776 id
1333 1727 1392 1774 lue·

251 1797 298 1845 rit:
319 1797 414 1859 quoius
430 1794 577 1860 uestigium
595 1800 698 1857 manet,
723 1794 850 1857 quodibi
867 1794 999 1844 sacellum
1018 1796 1101 1844 etiam
1117 1811 1189 1849 nrinc
1201 1797 1325 1844 Murteae
1339 1794 1392 1842 Ve-

251 1862 345 1914 neris’
382 1864 418 1913 ef.
438 1863 540 1912 Paulus
558 1862 637 1912 Festi
654 1877 680 1926 p.
702 1860 758 1909 148.
796 1860 908 1910 Servius
925 1863 995 1911 Aen.
1014 1862 1078 1912 VIII
1095 1862 1159 1913 636:
1184 1863 1281 1912 *Vallis
1300 1866 1391 1910 autam

250 1934 313 1997 ipsa
333 1931 380 1981 ubi
403 1932 542 1980 circenses
566 1930 634 1979 editi
655 1934 718 1978 sunt
740 1928 802 1977 ideo
821 1930 928 1979 Murcia
945 1930 1020 1979 dicta
1039 1935 1094 1992 est,
1115 1932 1180 1995 qnia
1198 1929 1307 1994 quidam
1325 1929 1391 1978 uici·

251 2015 314 2048 num
333 2004 451 2048 montem
468 1999 592 2047 Murcum
610 1997 779 2062 appellatum
796 1996 904 2045 uolunt:
924 1997 972 2045 alii
990 1999 1059 2062 quod
1078 1999 1172 2047 Ianum
1191 1998 1307 2046 Veneris
1324 1997 1391 2051 Ver·

250 2066 385 2116 ticordiae
408 2067 447 2115 ibi
470 2066 566 2127 luerit,
590 2065 666 2113 circs
690 2064 760 2128 quod
778 2078 907 2113 uemuse
930 2067 1055 2127 myrtetis
1074 2066 1186 2127 fuisset3
1203 2065 1268 2114 inde
1285 2070 1392 2114 mutata

250 2134 344 2183 littera
361 2134 494 2183 Murciam
513 2133 693 2197 appellatam:
718 2131 767 2180 alii
784 2132 933 2181 murcidam
952 2148 969 2181 a
987 2148 1078 2183 murco
1095 2134 1164 2197 quod
1183 2138 1226 2182 est
1242 2131 1390 2181 murcidum

251 2203 353 2250 dictum
370 2201 473 2251 uolunt.
510 2215 575 2265 pars
591 2216 607 2249 a
625 2199 678 2248 dea
695 2200 802 2248 Murcia
820 2200 895 2261 dicit,
915 2215 985 2264 quae
1005 2216 1065 2250 enm
1084 2202 1122 2250 ihi
1140 2200 1331 2251 BseehauaIIa
1348 2214 1391 2249 es-

251 2275 321 2332 seut,
340 2270 460 2318 furorem
478 2269 550 2317 sacri
567 2268 654 2333 ipsius
671 2267 822 2315 murcidum
841 2266 966 2316 faceret)
984 2294 1018 2303 -
1052 2269 1172 2318 Isidorus
1195 2269 1282 2332 origg.
1300 2267 1391 2316 XVIII

161 2336 163 2347 ⁴
250 2335 374 2386 29-31:
404 2336 590 2385 ‘Ornamentis
613 2334 680 2383 circi
706 2349 760 2383 oua
782 2338 857 2383 meta
880 2335 1018 2384 obeliscus
1041 2351 1177 2386 carceres.
1219 2351 1273 2385 oua
1294 2334 1391 2384 honori

250 2403 375 2453 Castoris
398 2407 427 2453 et
444 2403 565 2453 Pollucis
590 2402 746 2464 ascribunt,
771 2406 817 2465 qui
834 2401 897 2451 illos
915 2418 968 2452 sua
986 2403 1075 2453 editos
1093 2403 1230 2453 credendo
1248 2402 1282 2451 dc
1301 2418 1390 2467 cygno

250 2473 316 2522 Ioue
334 2486 389 2520 non
406 2472 562 2520 erubeseunt,
594 2470 701 2534 lingunt
723 2472 815 2518 autem
839 2470 975 2521 circensia
992 2471 1109 2520 Romani
1128 2472 1163 2521 ad
1181 2485 1280 2520 causas
1298 2471 1391 2519 mundi

250 2539 361 2588 referri:
390 2543 421 2587 ut
443 2538 493 2588 sub
515 2538 568 2587 hac
592 2539 685 2601 specie
709 2537 919 2600 superstItieuss
946 2539 1101 2588 uanitatem
1127 2554 1237 2588 suarum
1260 2542 1391 2587 excusent

250 2605 297 2669 (ef.
312 2608 408 2671 fragm.
427 2602 531 2670 18W).
566 2611 700 2654 metarum
724 2604 823 2668 quippe
849 2606 1034 2669 appellatione
1058 2608 1166 2671 proprie
1189 2606 1332 2655 terminum
1357 2621 1390 2656 ac

250 2675 331 2723 tinem
349 2674 441 2723 mundi
459 2672 600 2737 designari
617 2672 725 2729 uolunt,
751 2670 785 2719 ab
806 2687 838 2719 eo
857 2674 927 2736 quod
945 2672 1028 2723 alicui
1047 2690 1172 2724 emensus
1191 2674 1253 2723 finis
1272 2674 1390 2723 estsine

251 2742 286 2791 ad
310 2742 493 2798 testimonium
522 2740 635 2789 orientis
661 2738 866 2803 occidentisque
895 2741 968 2790 solis.
1005 2742 1154 2792 obeliscum
1177 2742 1320 2807 Mesphres
1342 2757 1390 2790 rex

248 2809 369 2873 Aegypti
386 2808 488 2873 primus
511 2808 612 2857 iecisse
631 2806 719 2854 fertur
736 2805 786 2855 tali
805 2822 839 2855 ex
857 2823 949 2858 causa.
991 2825 1051 2859 cum
1069 2811 1185 2874 quodam
1204 2816 1325 2874 tempore
1343 2810 1389 2858 Ni·

248 2876 292 2925 lus
315 2877 438 2925 uiolenta
463 2875 644 2924 inundatione
667 2874 794 2938 Aegypto
816 2876 968 2937 nocuisset,
992 2877 1152 2941 Indignatus
1175 2893 1223 2927 rex
1250 2882 1389 2941 tamquam

248 2958 355 3009 poenas
379 2958 396 2992 a
419 2943 529 2991 flumine
553 2941 677 3005 exigeret
704 2942 837 3005 sagittam
860 2945 889 2992 in
910 2944 999 2994 nudas
1022 2945 1102 2994 misit.
1143 2960 1198 2995 nou
1222 2944 1305 2994 multo
1328 2950 1391 3010 post

249 3012 329 3077 graui
345 3011 506 3060 ualetudine
525 3014 666 3073 correptus
688 3008 780 3058 lumen
805 3012 909 3072 amisit3
934 3011 979 3076 qni
1001 3018 1064 3076 post
1086 3015 1252 3062 caecitatem
1270 3013 1330 3063 uisu
1347 3029 1390 3063 re·

249 3084 329 3142 cepto
352 3077 420 3127 dnos
443 3078 579 3128 obeliscos
597 3076 650 3127 soli
676 3078 807 3127 sacrauit.
844 3079 982 3128 obeliscus
1000 3081 1073 3129 enim
1091 3081 1195 3145 sagitta
1212 3081 1325 3130 dieitur:
1344 3081 1390 3145 qui

248 3147 311 3195 ideo
329 3147 357 3195 in
375 3145 464 3195 medio
483 3147 557 3195 circo
574 3146 685 3209 ponitur
707 3145 770 3210 quia
793 3160 843 3211 par
860 3147 976 3195 medium
1000 3148 1126 3197 mnndum
1144 3148 1186 3197 sol
1205 3149 1297 3198 currit.
1333 3164 1388 3198 me·

248 3213 293 3263 dio
312 3218 403 3263 autem
421 3214 511 3279 spatio
530 3213 565 3262 ab
584 3219 700 3277 utraque
722 3219 796 3263 meta
814 3215 977 3264 constitutus
1001 3215 1139 3265 obeIIseus
1157 3216 1300 3281 fastiqum
1318 3230 1389 3265 sum·
1427 3256 1430 3260 Α

248 3281 426 3345 mitatemque
446 3281 518 3331 caeli
537 3281 690 3347 significat,
714 3296 774 3330 cum
798 3282 839 3330 sol
859 3282 894 3331 ab
911 3286 1027 3347 utroque
1045 3282 1136 3348 spatio
1153 3283 1242 3333 medio
1260 3284 1388 3333 horarum

247 3348 406 3398 dIserirnine
424 3349 604 3399 transcendit.
635 3364 738 3397 summo
756 3349 878 3398 obelisco
896 3351 1096 3415 superpositum
1109 3355 1152 3399 est
1161 3350 1295 3415 quoddam
1309 3366 1388 3401 aura·

246 3423 304 3465 tum
322 3417 351 3464 iu
368 3416 476 3466 modum
495 3417 620 3466 flammae
644 3416 804 3478 tenuatum,
824 3417 952 3480 qnoniam
971 3417 1012 3467 sol
1029 3418 1174 3483 plurimum
1191 3419 1221 3467 in
1238 3433 1268 3468 se
1287 3419 1388 3468 ealoris

248 3488 330 3547 atque
347 3483 421 3549 ignis
437 3483 542 3534 habet!
561 3511 591 3519 —
612 3483 803 3533 Cassiodorius
821 3498 878 3534 sar.
892 3484 991 3535 11151:
1016 3485 1136 3535 ‘Primus
1155 3486 1228 3535 enim
1245 3485 1297 3535 hoc
1317 3487 1388 3550 apud

246 3552 354 3601 Elidem
371 3552 456 3601 Asiae
478 3553 620 3602 ciuitatem
639 3551 794 3601 Oenomaus
817 3552 905 3600 fertur
927 3553 1062 3615 edidisse,
1085 3554 1155 3618 qnod
1174 3560 1270 3618 postea
1288 3554 1387 3603 Romu-

246 3618 289 3668 Ins
312 3620 341 3667 in
363 3620 627 3684 raptu'Sabinarum
650 3619 767 3668 necdum
790 3619 913 3669 fundatis
935 3621 1068 3670 aediliciis
1091 3620 1220 3670 ruraliter
1237 3622 1389 3671 ostentauit

245 3686 354 3736 Italiae.
391 3687 440 3737 sed
463 3688 556 3736 mundi
578 3687 702 3735 dominns
725 3686 760 3735 ad
783 3689 934 3751 potentiam
952 3703 1029 3738 suam
1048 3703 1115 3753 opus
1133 3688 1269 3739 extollens
1286 3690 1387 3738 miran-

247 3754 310 3804 dam
328 3755 411 3803 etiam
429 3755 563 3804 Romanis
578 3753 713 3803 fabricam
731 3755 760 3801 In
778 3754 879 3803 uallem
896 3757 1029 3806 Murciam
1048 3757 1166 3805 tetendit
1182 3752 1333 3820 Augustus,
1356 3762 1391 3805 ut

246 3822 381 3871 immensa
399 3822 484 3871 moles
506 3821 620 3871 firmiter
641 3821 803 3886 praecincta
825 3823 962 3873 montibus
980 3824 1143 3887 contineret,
1160 3824 1209 3873 ubi
1227 3838 1387 3889 magnarum

246 3902 336 3937 reruni
359 3889 463 3938 indicia
486 3888 687 3938 clauderentur.
728 3889 840 3939 bissena
864 3891 965 3956 quippe
988 3892 1062 3940 ostia
1085 3892 1119 3941 ad
1143 3891 1286 3941 duodecim
1305 3894 1387 3957 signa

246 3960 404 4020 posuerunt.
439 3956 509 4006 haec
527 3957 562 4007 ab
585 3955 715 4005 hermulis
738 3957 847 4007 funibus
870 3959 996 4008 demissis
1015 3959 1107 4009 subita
1130 3958 1301 4022 aequalitate
1318 3975 1386 4025 pan·

246 4023 355 4085 duntur,
373 4023 504 4074 docentes
523 4029 608 4073 totum
626 4024 685 4072 Illic
701 4028 732 4072 nt
748 4026 898 4089 putabatur
915 4026 1030 4076 consilio
1048 4027 1118 4091 geri,
1135 4026 1182 4074 ubi
1200 4026 1292 4092 imago
1310 4028 1386 4092 oapi·

245 4091 282 4140 tis
300 4093 476 4156 cognoscitur
497 4090 616 4156 operari.
649 4090 758 4141 colores
782 4098 873 4143 autem
890 4094 919 4143 in
935 4095 1025 4143 uicem
1043 4100 1195 4159 temporum
1214 4094 1386 4158 quadrifaria

332 4240 344 4289 1
375 4235 554 4304 argutantur
577 4230 631 4290 Fr,
660 4229 763 4286 lunius
788 4223 801 4308 ΙΙ
827 4227 958 4288 ddecus
981 4249 1082 4308 cygno
1103 4234 1128 4289 Α
1148 4224 1162 4311 ΙΙ
1184 4240 1201 4294 3
1225 4230 1384 4309 delphines

247 4315 429 4387 Gaapner'as:
451 4311 612 4392 delphinos
626 4314 651 4369 A
665 4307 680 4394 u
693 4321 827 4370 uomunt.
842 4313 1003 4373 columnae
1016 4317 1173 4374 oehlerus.-
1192 4326 1318 4374 uomunt
1335 4336 1384 4374 co·

244 4395 376 4456 lumnae.
392 4401 474 4472 aalys
489 4392 503 4478 ll
517 4407 534 4458 5
546 4395 689 4456 tutelinas
700 4401 743 4455 Ab
758 4391 772 4479 {l
786 4400 855 4457 asA
869 4392 914 4480 {16
929 4399 1000 4461 tinia
1011 4393 1055 4480 All
1065 4399 1246 4460 Veientibus
1264 4421 1317 4460 om.
1330 4404 1356 4457 A
