3218 5000
223 394 303 466 '226
746 411 877 457 rnarvu

134 553 236 627 146*
289 542 292 547 .
330 579 527 627 Nvunsrsr.
555 560 729 647 Virgilius:

368 672 571 746 consurgunt
593 664 683 725 nenti
703 663 810 749 adque
829 663 863 727 in
886 662 990 727 nubes
1013 661 1142 746 cogitur
1159 682 1226 724 aer.

240 749 345 831 nubes
365 774 473 829 autern
497 764 605 828 dictae
627 763 714 851 quod
736 763 869 827 aethera
889 763 1060 848 obtegant,
1093 762 1181 826 unde
1209 771 1241 825 et
1263 770 1386 847 nuptae

241 867 394 931 dicuntur
418 866 504 952 quod
531 864 642 928 uultus
664 887 741 930 suos
770 865 897 946 ualent,
932 864 1019 928 undc
1048 873 1080 927 ct
1100 863 1271 951 Neptunus
1298 863 1384 949 quod

241 967 328 1033 nubc
351 976 384 1031 et
405 966 488 1030 mari
510 974 632 1031 terram
654 974 753 1049 tegat.
1398 982 1411 1020 a

126 1109 225 1197 ¹47ss
325 1138 442 1223 Aquae
477 1136 700 1200 amarissimae
734 1134 833 1198 maris
867 1156 988 1220 uapore
1024 1132 1135 1197 subtili
1166 1131 1274 1197 calore
1300 1132 1386 1195 aeris
1437 1138 1443 1149 '

242 1236 487 1326 suspenduntur
508 1236 550 1299 ad
580 1237 684 1299 instar
706 1233 911 1299 medicinalis
934 1233 1140 1314 cucurbitae,
1168 1254 1252 1320 quac
1278 1231 1386 1297 calore
1428 1228 1436 1241 '

243 1338 420 1425 superioris
433 1336 545 1401 circuli
563 1338 728 1402 humorem
746 1346 781 1400 ut
793 1336 985 1420 sanguinem
1002 1357 1131 1398 sursum
1150 1333 1260 1398 trabit.
1289 1333 1386 1397 liuius

241 1439 329 1503 modi
351 1439 461 1524 itaque
483 1441 609 1503 ratione
632 1459 736 1525 aquae
758 1436 859 1500 maris
881 1459 939 1523 per
962 1437 1170 1500 tenuissimos
1193 1456 1330 1521 uapores
1352 1436 1386 1498 in

240 1561 316 1604 aere
346 1560 524 1625 suspensae
555 1539 714 1625 paulatim
740 1545 956 1602 concrescunt
982 1538 1092 1624 ibique
1122 1538 1198 1622 igne
1226 1535 1303 1601 solis
1332 1535 1423 1598 dero

241 1650 352 1704 coctae
375 1639 409 1703 in
433 1638 560 1704 dulcem
585 1656 789 1703 ravvrasru
811 1659 960 1724 saporem
984 1645 1171 1721 uertuntur,
1200 1637 1318 1702 dehinc
1340 1636 1386 1699 in·

241 1748 456 1825 grauesoente
486 1741 573 1804 nube
595 1740 691 1804 modo
717 1741 752 1803 ui
779 1761 955 1829 expressae
983 1749 1154 1802 uentorum
1184 1739 1280 1803 modo
1308 1736 1386 1802 solis

242 1840 351 1906 calore
378 1840 554 1904 dissolutae
589 1841 623 1904 in
652 1849 759 1905 terrae
791 1842 909 1905 faciem
937 1849 1146 1926 sparguntur.
1196 1862 1216 1904 a
1243 1839 1386 1905 nubibus

242 1963 321 2027 ergo
341 1942 514 2028 rapiuntur
533 1962 638 2028 aquas
655 1942 755 2005 maris
778 1943 943 2006 etiterum
965 1941 1007 2005 ab
1030 1943 1110 2030 ipsis
1126 1940 1308 2006 redduntur
1325 1950 1388 2004 ter·

239 2044 298 2107 ris.
348 2042 408 2107 sed
433 2045 518 2107 sicut
547 2042 708 2126 diximus,
741 2052 777 2106 ut
807 2043 918 2109 dulces
946 2044 1072 2130 possint
1097 2064 1169 2108 esse
1199 2043 1234 2107 in
1255 2042 1387 2128 pluuiis,
1398 2067 1422 2106 rr

243 2155 400 2209 cocuntur
428 2146 506 2226 igne
539 2145 629 2210 solis.
684 2144 741 2209 alii
776 2156 884 2209 autem
913 2145 1026 2209 dicunt
1064 2166 1129 2208 non
1162 2144 1386 2209 tantummodo

243 2283 359 2334 soluitur
376 2290 404 2332 at
421 2284 566 2345 exolescit3
595 2284 713 2349 deniquo
731 2299 878 2348 unusquam
896 2285 955 2333 sina
972 2285 1030 2333 solo
1055 2288 1082 2332 et
1104 2283 1222 2334 nubibus
1240 2298 1320 2334 arcus
1339 2298 1386 2347 ap·

241 2355 339 2417 paret,
361 2350 434 2400 sieut
445 2366 496 2401 nee
514 2352 574 2401 sino
588 2358 652 2417 typo
666 2360 694 2401 et
712 2368 778 2402 cera
795 2357 823 2400 et
836 2350 893 2401 alia
905 2353 986 2402 huius
998 2352 1071 2401 modi
1089 2356 1207 2402 mater'm
1226 2351 1387 2417 exprimitur

243 2415 354 2484 imago)
381 2419 418 2468 cf.
431 2419 530 2469 Ideler.
544 2419 562 2468 1.
576 2435 601 2469 e.
615 2436 640 2484 p.
658 2419 705 2468 187
718 2436 777 2484 sqq.

330 2482 396 2538 illi*
406 2486 527 2536 Isidorus
537 2487 570 2537 de
581 2494 680 2537 natura
690 2503 778 2536 rerum
786 2487 903 2536 XXXII:
915 2489 966 2537 ‘De
976 2487 1103 2536 nubibus.
1115 2487 1270 2539 Notandum
1278 2503 1310 2537 ex
1317 2486 1386 2535 libro

241 2556 301 2617 Iob,
315 2555 386 2620 quod
397 2554 503 2617 cogitur
512 2555 623 2604 seriata
632 2553 750 2604 risibilia
760 2562 789 2604 ut
798 2554 985 2619 conglobetur,
997 2553 1178 2619 conglobatus
1186 2571 1252 2604 uero
1262 2555 1290 2603 in
1299 2555 1388 2603 nubes

241 2624 366 2672 uertitur.
392 2623 433 2672 sie
446 2623 519 2671 enirn
531 2622 590 2687 ipse
607 2622 687 2671 dicit:
701 2622 797 2672 Subito
810 2638 859 2671 aer
871 2628 985 2688 cogetur
996 2622 1026 2671 iu
1038 2622 1133 2682 nubes,
1149 2629 1177 2673 et
1185 2628 1284 2672 uentus
1298 2629 1387 2670 trann-

241 2692 302 2740 iens
317 2689 428 2754 iugabit
442 2704 500 2738 eas.
519 2695 547 2738 st
558 2689 843 2754 Virgilius...ner‚
861 2691 1051 2740 nubesautem
1059 2693 1266 2754 praedicatores
1278 2687 1387 2738 intelle-

243 2764 351 2824 guntur,
366 2756 411 2821 qui
424 2756 502 2806 uerbi
514 2756 601 2806 diuini
612 2756 1049 2822 pluuiumcredentibusiundunt.
1065 2772 1113 2806 aer
1127 2763 1217 2809 autem
1230 2758 1282 2806 iste
1296 2756 1388 2806 inanis

243 2831 271 2874 et
284 2825 374 2873 tenuis
391 2838 496 2873 uacuas
513 2825 650 2874 hominurn
668 2832 775 2875 ruentes
790 2840 933 2891 uagosque
952 2824 1105 2890 signifieat,
1126 2826 1171 2891 qui
1183 2831 1276 2876 tamen
1289 2824 1386 2873 densa·

242 2902 287 2942 tus
303 2892 333 2940 in
350 2891 436 2941 nubes
453 2893 584 2952 uertitur,
604 2893 668 2957 quia
686 2893 829 2943 conlectae
844 2895 878 2944 ab
892 2894 969 2943 inani
984 2893 1108 2942 uanitate
1121 2893 1270 2943 infidelium
1282 2897 1388 2941 mentes

244 2959 296 3011 lide
314 2958 475 3020 solidantur,
488 2966 517 3010 et
528 2960 601 3009 sieut
613 2961 732 3011 exinani
746 2977 810 3010 aere
823 2960 890 3010 fiunt
902 2961 989 3012 nubes
998 2959 1143 3025 pluuiales,
1159 2962 1199 3010 sie
1213 2961 1248 3011 ad
1260 2959 1341 3009 fidem
1354 2959 1387 3007 de

243 3027 337 3081 mundi
354 3028 480 3076 uanitate
500 3027 672 3093 colloquatur
683 3030 775 3078 sancti
787 3031 1003 3093 praedicatores.
1022 3029 1128 3079 nubes
1146 3033 1257 3078 autem
1270 3028 1387 3077 dietae

243 3132 281 3149 .,.
294 3092 410 3159 tegat!
440 3096 527 3145 Varro
543 3096 577 3144 L.
590 3096 623 3145 L.
637 3097 660 3146 V
673 3096 719 3145 72:
744 3098 909 3161 ‘Neptunus,
927 3097 997 3160 quod
1013 3112 1088 3146 mara
1106 3103 1195 3146 terras
1212 3095 1337 3157 obnubit,
1358 3100 1389 3143 ut

243 3162 331 3215 nubes
344 3162 460 3224 eaelum,
481 3164 515 3213 ab
529 3168 615 3229 nuptu
627 3164 654 3213 id
668 3170 711 3214 est
728 3166 869 3229 opertione
882 3170 912 3214 ut
925 3164 1040 3228 antiqui,
1060 3180 1077 3215 a
1090 3181 1142 3229 qno
1155 3165 1269 3228 nuptiae
1288 3166 1388 3228 nuptus

243 3227 355 3282 uictae!
391 3231 511 3281 Isidorus
529 3232 617 3297 origg.
636 3233 706 3283 XIII
724 3233 748 3281 7.

331 3295 400 3350 tlt*
411 3299 533 3350 Isidorus
545 3300 579 3349 de
592 3304 693 3351 natura
705 3315 794 3350 rerum
807 3301 938 3350 XXXIII:
954 3303 1005 3351 ‘De
1018 3300 1128 3366 pluuiis.
1137 3301 1256 3365 Legitur
1266 3299 1295 3348 in
1305 3298 1388 3348 Amos

243 3368 393 3433 propheta:
420 3368 473 3428 Qui
495 3374 579 3418 uocat
602 3383 688 3432 aquas
711 3368 794 3418 maris
816 3374 844 3417 et
863 3370 977 3420 effrrmlit
1000 3385 1048 3419 eas
1066 3384 1148 3434 saper
1166 3368 1268 3417 faeiem
1285 3372 1387 3416 terrae.

244 3450 354 3501 aquae
368 3436 440 3485 enim
455 3436 693 3487 amarissimae
757 3436 948 3487 effundere.
968 3437 1054 3486 nubea
1068 3442 1158 3494 auten
1170 3433 1286 3500 apostoli
1303 3433 1386 3497 sigui·

243 3505 362 3555 ficantur
380 3505 467 3567 adque
486 3504 626 3564 doctores,
648 3505 759 3569 plurriao
773 3519 837 3568 crgo
855 3506 966 3555 nubium
985 3505 1093 3568 eloquia
1115 3508 1178 3553 sunt
1196 3501 1387 3567 apostolorum,

328 3644 491 3708 inubibus
508 3646 536 3699 Β
554 3641 664 3700 nubcm
695 3645 803 3716 Vcrpili
822 3645 889 3700 libri
902 3638 915 3723 {l
931 3640 1098 3718 sgitatnrA
1113 3637 1126 3723 ΙΙ
1141 3651 1159 3704 3
1174 3640 1246 3720 quia
1266 3620 1319 3719 ΒἸΙ
1334 3657 1386 3716 op-

244 3742 351 3812 tsgant
366 3729 404 3791 B¹
421 3728 435 3814 ΙΙ
450 3727 543 3789 nubta
556 3733 580 3784 Α
594 3722 607 3808 {l
623 3738 639 3790 4
653 3728 751 3786 nultos
769 3725 831 3784 ΑΒ1
850 3723 863 3810 ll
878 3727 1028 3786 ucbtumrs
1041 3730 1066 3785 A
1077 3731 1128 3785 secl
1142 3746 1217 3784 corr.
1231 3728 1296 3783 cad.
1308 3742 1386 3779 man.

243 3829 398 3899 nuptuuus
424 3813 458 3874 Β1
476 3811 491 3897 ll
506 3812 616 3872 dicitur
638 3817 704 3871 add.
728 3816 751 3869 B
767 3808 779 3891 ll
795 3814 846 3891 qui
877 3808 912 3869 Β1
929 3807 975 3931 με’)
1000 3832 1084 3872 more
1107 3814 1132 3869 Β
1147 3804 1160 3891 ΙΙ
1175 3818 1191 3871 6
1214 3828 1308 3887 uapor
1332 3801 1387 3886 All

243 3900 387 3963 caloseB
402 3898 416 3983 ΙΙ
431 3902 511 3962 aeris
522 3899 686 3955 Beckerus:
703 3898 766 3955 aeri
779 3902 803 3954 A
815 3897 883 3985 bere
901 3901 926 3954 B
952 3897 1013 3978 heri
1033 3892 1069 3954 B²
1085 3913 1176 3953 aereo
1195 3897 1276 3967 aalpo
1292 3888 1305 3973 ΙΙ
1319 3900 1335 3955 7
1348 3890 1389 3949 ad

244 4010 300 4049 om.
319 3985 361 4047 3²
377 3985 390 4072 ll
406 3984 580 4047 cacurbitae
597 3978 634 4038 Βι
656 3981 669 4064 ll
690 3992 708 4045 8
723 3983 894 4061 superiores
916 3978 952 4039 B¹
969 3984 983 4063 lt
996 3991 1030 4039 ut
1044 3983 1165 4053 scripsi:
1182 3986 1213 4035 et
1227 3980 1281 4034 ΑΒ
1295 3973 1308 4058 ll
1323 3995 1387 4046 rur·
1443 4022 1446 4027 .

243 4097 295 4137 sus
310 4080 334 4134 Α
349 4069 363 4155 ΙΙ
378 4076 450 4133 trait
465 4066 529 4127 ΑΒΙ
546 4063 561 4150 ΙΙ
575 4067 742 4131 irratione*
763 4072 785 4125 B
799 4060 814 4148 ll
828 4062 938 4147 aquae]
952 4066 1022 4146 adq:
1035 4061 1072 4123 A¹
1089 4060 1103 4144 ll
1119 4061 1273 4141 10ubique
1286 4066 1310 4118 Α
1325 4056 1339 4141 ΙΙ
1356 4071 1383 4120 ll

242 4134 402 4219 uertuntur
414 4179 467 4218 om.
487 4160 573 4216 Brcd
590 4156 656 4213 add.
679 4157 744 4211 cad.
761 4170 835 4209 mon.
852 4148 866 4233 ll
881 4151 1106 4226 ingranisoente
1118 4143 1181 4206 ΑΒ1
1199 4141 1212 4228 ΙΙ
1232 4155 1263 4208 12
1277 4143 1387 4205 nubem

245 4242 281 4303 Β1
307 4240 320 4325 ΙΙ
340 4244 401 4303 nim
417 4239 481 4301 ΑΒ1
505 4238 518 4322 ΙΙ
541 4239 664 4305 13abB
686 4233 699 4319 ΙΙ
725 4246 756 4299 ll
778 4235 954 4295 redduntur
970 4238 996 4292 Β
1017 4230 1030 4315 ll
1051 4234 1139 4293 terris
1162 4233 1329 4290 Beckerus:
1356 4229 1388 4287 in

242 4331 331 4389 terris
351 4333 409 4387 Aa
425 4328 514 4386 terris
531 4330 556 4383 B
571 4321 584 4407 Η
602 4332 632 4383 15
647 4322 702 4381 aad
719 4343 772 4383 om.
790 4316 840 4400 All
856 4318 954 4380 duleis
975 4315 1012 4378 Β1
1031 4314 1044 4401 ΙΙ
1059 4325 1185 4398 possent
1199 4319 1223 4375 A
1238 4312 1251 4398 ΙΙ
1269 4324 1300 4377 16
1320 4324 1386 4372 tan·

243 4413 365 4475 tumodo
386 4415 413 4470 Β
428 4416 586 4473 tantuma
680 4440 694 4457 κ
