3194 5004
254 377 316 442 518
671 398 704 438 m
718 397 816 441 vorsu
832 396 979 439 tunsurus

254 557 303 611 est
318 549 370 611 vol
389 558 480 609 autem
499 548 551 610 vel
571 548 636 608 ulla
655 548 822 629 particula,
848 548 938 608 etism
959 548 1185 627 transponendo
1204 541 1307 609 sanari
1326 569 1394 609 ver·

255 648 321 714 sum
340 672 431 733 posse
453 650 661 711 Buechelerus
682 653 814 730 monuit:
839 654 917 728 fecit.
945 661 975 710 ut
994 668 1095 710 nonno
1116 656 1199 710 semel
1219 650 1270 711 vel
1290 651 1395 732 paullo

254 754 375 833 longius
390 776 410 814 a
422 752 508 814 libris
520 756 597 830 serit.
627 757 673 813 ubi
687 773 788 814 nouom
801 757 893 814 semel.

338 855 416 935 Peg.
430 856 486 930 82,
503 855 542 916 13
562 865 746 916 memoratus
763 859 911 916 Cosconius
931 875 993 915 non
1008 853 1130 915 videtur
1146 854 1226 915 alius
1247 874 1316 915 asse
1336 856 1396 916 nisi

255 959 303 1020 bis
318 980 337 1019 a
351 960 488 1018 Varrone
505 957 544 1018 de
566 956 588 1019 l.
614 956 668 1020 lat'.
693 959 848 1039 prolatus,
873 960 905 1018 in
928 958 1107 1037 quaestione
1132 959 1330 1035 grammatiou
1354 957 1397 1018 ad

255 1061 430 1138 analogiam
448 1068 610 1140 spectante
634 1060 687 1120 lib.
706 1072 757 1133 v1,
776 1069 825 1135 36,
850 1059 889 1120 de
909 1077 1045 1118 occentus
1065 1058 1153 1119 verbi
1173 1061 1397 1138 significatione

255 1174 301 1239 vl,
317 1171 361 1227 89.
392 1161 434 1221 Et
447 1164 617 1242 posteriore
633 1162 757 1243 quidem
768 1164 836 1221 loeo
853 1183 921 1222 oum
936 1165 1094 1221 ‘Cosconius
1115 1167 1145 1221 iu
1165 1160 1328 1222 actionibus’
1350 1162 1395 1222 oli·

257 1274 353 1338 eatur,
370 1264 494 1324 fuerunt
509 1266 561 1346 qui
578 1265 616 1325 do
635 1266 701 1324 Ioto
714 1266 815 1345 potius
830 1265 880 1325 vel
896 1265 934 1324 de
950 1272 1069 1324 oratore
1084 1265 1269 1342 cogitarent:
1294 1266 1397 1325 imme-

256 1368 324 1427 rito.
362 1367 442 1427 Nem
464 1365 520 1427 ‘de
534 1367 719 1427 actionibus’
736 1365 872 1427 seribere
887 1367 1101 1445 grammaticus
1118 1366 1285 1427 Cosconius
1299 1368 1398 1447 potuit

259 1467 366 1529 eodem
384 1477 478 1550 atque
495 1470 562 1549 ipse
578 1451 677 1530 Varro
694 1470 847 1541 instituto,
874 1470 958 1528 onius
973 1467 1029 1528 ‘de
1043 1467 1213 1529 actionibus
1230 1470 1395 1530 scaenicis’

256 1569 352 1630 libros
364 1570 458 1631 fuisse
475 1590 541 1629 oum
557 1573 631 1631 satis
647 1579 767 1632 constat
781 1580 843 1631 tum
861 1572 998 1651 pluribus
1014 1591 1032 1630 a
1046 1569 1134 1631 nobis
1150 1569 1336 1650 disputatum
1352 1580 1399 1632 est

257 1672 359 1733 Musei
377 1672 476 1732 Rhen.
493 1681 514 1730 t.
532 1684 567 1730 vl
582 1694 613 1754 p.
630 1683 682 1737 516
698 1694 783 1755 sqq.:
807 1673 845 1733 de
866 1674 988 1733 actione
1006 1683 1109 1744 autern
1122 1674 1287 1746 Boeotiae,
1311 1674 1399 1733 ouius

257 1775 382 1835 fabulae
398 1782 596 1836 controversa
615 1776 699 1853 origo
721 1785 817 1850 esset,
845 1777 889 1835 lta
911 1775 993 1834 idem
1011 1777 1208 1836 commentari
1229 1778 1343 1856 potuit,
1365 1782 1400 1835 ut

258 1897 314 1957 per
332 1877 465 1957 aliquam
484 1877 677 1937 occasionem
694 1897 761 1937 enm
776 1898 915 1951 versum,
937 1898 1027 1958 quem
1044 1898 1082 1938 ex
1100 1878 1155 1938 illu
1171 1879 1269 1939 Varro
1283 1878 1400 1957 profert
1439 1856 1444 1867 ⁵

259 1979 321 2039 ‘ubi
335 1980 464 2059 prinmm
478 1998 615 2039 aecensus
630 1979 777 2041 clamarat
792 1980 969 2053 meridiom’,
986 1981 1236 2059 interpretaretur
1255 1981 1308 2059 (of.
1323 1979 1399 2040 Par-

259 2101 322 2161 erg.
342 2103 373 2162 p.
388 2080 463 2159 208).
493 2080 544 2142 Ad
561 2080 683 2141 eosdem
698 2084 791 2162 igitur
808 2084 980 2142 ‘actionum’
995 2083 1090 2143 libros
1108 2081 1190 2142 haud
1204 2083 1268 2143 seio
1283 2103 1323 2142 an
1338 2102 1400 2143 non

258 2184 448 2245 incommode
465 2185 558 2244 etiam
572 2182 711 2244 Suetonii
726 2187 903 2246 memoriam
916 2185 1050 2258 roseros,
1074 2204 1153 2271 quoe
1169 2186 1218 2245 ‘est
1234 2184 1273 2245 de
1287 2185 1400 2245 fabulis

259 2287 399 2346 Terentii
419 2307 481 2345 non
501 2288 578 2347 aotis
601 2287 701 2369 deque
723 2297 819 2347 morte
839 2297 951 2368 poetae
977 2287 1063 2351 ouius
1088 2296 1176 2349 uotae
1204 2287 1327 2347 fabulae
1352 2296 1401 2347 sat

259 2388 375 2467 largam
392 2388 567 2469 disputandi
587 2391 744 2449 materiam
765 2387 987 2469 praebuerunt3
1012 2408 1064 2448 our
1082 2390 1162 2448 enim
1184 2408 1203 2447 a
1217 2391 1402 2450 necessariis

260 2490 301 2551 ad
325 2499 455 2569 cognata
474 2490 599 2550 liberius
629 2493 832 2570 exspatiatum
857 2490 1024 2568 negemus?
1052 2520 1091 2535 --
1120 2491 1263 2552 Ceterum
1287 2490 1400 2551 Ooseo-

173 2627 175 2636 =
260 2595 356 2667 nium,
375 2594 533 2666 Porcium,
557 2591 742 2670 Sedigitum,
759 2593 934 2653 Memmium
957 2602 1057 2652 utrum
1080 2593 1247 2654 Suetonius
1273 2594 1346 2653 item
1370 2588 1410 2654 ut

259 2694 428 2775 Nepotem,
445 2695 653 2755 Fenestellam
675 2696 757 2775 ipsos
775 2695 914 2755 manibus
933 2696 1071 2755 tractarit
1090 2715 1129 2755 an
1148 2716 1252 2755 eorum
1266 2697 1402 2756 testimo·

261 2797 314 2857 nia
327 2797 398 2857 aliis
413 2805 542 2875 accepta
555 2797 683 2870 reierut,
704 2796 797 2858 valde
811 2816 902 2876 posse
918 2796 1051 2857 dubitari
1066 2797 1166 2858 video.
1200 2798 1331 2859 Varroni
1346 2817 1403 2878 po·

262 2900 408 2959 tissimum
430 2897 529 2977 (ouius
544 2898 634 2958 modo
648 2901 833 2959 mentionem
848 2898 1001 2959 faciebam
1016 2900 1057 2959 ad
1072 2920 1103 2979 p.
1122 2910 1166 2973 32,
1182 2899 1212 2978 5)
1227 2920 1288 2961 non
1302 2920 1404 2979 pauno

264 3022 332 3061 eum
348 3000 462 3061 debere
480 3002 540 3060 iam
558 3000 628 3060 olim
641 3004 813 3089 suspicatus
833 3023 900 3062 sum
916 3002 1043 3080 Parerg.
1058 3022 1087 3081 p.
1102 3011 1230 3068 moti
1246 3020 1329 3083 sqq.:
1350 3020 1402 3062 eu-

262 3104 310 3163 ius
329 3102 384 3163 ‘de
399 3103 513 3184 poetis'
536 3102 629 3163 libros
642 3106 807 3183 permirum
820 3104 860 3167 sit
874 3106 899 3165 si
915 3102 1053 3164 eiusdem
1068 3105 1238 3183 argumenti
1252 3124 1403 3165 commen-

263 3206 348 3266 toriIs
365 3206 426 3264 suis
442 3226 504 3265 non
519 3204 701 3266 adbibuerit.
742 3208 933 3288 Quamquam
953 3214 1117 3286 potuerunt
1133 3206 1162 3266 ei
1183 3208 1276 3266 etiam
1290 3206 1403 3284 Imagi-

262 3327 333 3368 num
354 3306 426 3367 libri
443 3307 535 3367 alioui
550 3310 618 3367 usui
635 3328 713 3371 esse.
751 3309 820 3389 Quo
843 3319 947 3369 temen
968 3328 1028 3368 nno
1047 3308 1115 3368 loeo
1131 3309 1278 3369 Varronis
1293 3326 1404 3369 nomeu

263 3412 330 3491 ipse
345 3412 447 3490 posuit
460 3430 490 3489 p·
507 3420 551 3485 30,
570 3421 600 3484 l,
617 3411 658 3470 ibi
676 3414 819 3492 quoniam
832 3413 929 3471 virtus
945 3413 1067 3490 poetica
1084 3411 1223 3470 Terentii
1239 3411 1402 3484 iudioatnr,

264 3512 394 3574 fortasse
409 3532 467 3574 neo
478 3512 589 3574 abillis
605 3532 662 3573 neo
675 3513 713 3574 ab
727 3514 775 3574 his
790 3522 837 3573 est
847 3515 1012 3592 profectus,
1026 3513 1081 3574 sed
1093 3512 1206 3573 talibus
1218 3513 1318 3592 potius
1330 3532 1403 3573 usus

262 3615 371 3698 quales
400 3616 525 3676 fuerunt
551 3617 606 3678 ‘de
627 3617 792 3695 poematis’
813 3617 884 3676 libri
908 3615 960 3675 vel
983 3616 1037 3676 ‘de
1059 3614 1313 3696 descriptionibus
1321 3604 1336 3643 ’‘
1357 3604 1404 3674 in·

265 3719 386 3799 soripti:
402 3718 441 3779 do
452 3718 649 3800 quibusMus.
665 3719 723 3780 Rh.
739 3719 759 3779 l.
775 3740 800 3779 s.
813 3739 836 3779 s.
850 3718 962 3778 dietum
979 3728 1034 3778 est.
1059 3719 1140 3778 Nam
1153 3717 1234 3777 ultra
1249 3719 1403 3777 coniectu·

264 3840 315 3881 rus
339 3840 454 3903 sasque
475 3823 551 3882 satis
570 3823 720 3901 ancipites
739 3820 890 3881 nonlicet
908 3840 983 3881 sane
999 3822 1031 3880 in
1047 3821 1104 3879 hoo
1122 3838 1236 3897 genere
1250 3818 1403 3899 progredi.

349 3921 469 3985 Ibidem
490 3925 600 3985 omisso
624 3944 692 3984 oum
715 3930 740 3983 A
766 3921 860 3984 verbo
884 3922 969 3982 finito
995 3924 1162 3982 orationem
1184 3929 1288 3980 nostro
1312 3938 1404 3983 sensu

264 4025 395 4086 Rothius
410 4004 551 4106 'asperam
572 4033 603 4085 et
622 4027 756 4087 hiulcam
771 4026 845 4087 feeit
866 4046 902 4085 ao
918 4025 971 4084 vix
987 4023 1108 4102 dignam
1124 4021 1282 4084 Suetonio.
1321 4022 1405 4083 Fleri

264 4136 367 4206 potest
387 4135 528 4204 sanent,
551 4148 618 4188 oum
639 4128 754 4189 abhoc
774 4127 858 4187 aliud
877 4125 1004 4187 verbum
1019 4126 1150 4205 positum
1169 4126 1295 4199 fnisset,
1318 4126 1405 4187 velut

161 4222 166 4231 ’
264 4231 370 4301 scribit,
400 4224 490 4289 simili
517 4230 745 4311 interpolatori!
770 4238 961 4291 correcturae
984 4231 1053 4309 ,onio
1082 4226 1230 4288 debeatur
1257 4236 1350 4307 atque
1374 4249 1405 4308 p.

250 4336 314 4405 ‘³0,
337 4343 370 4396 15
391 4337 444 4392 ait:
468 4340 501 4392 at
520 4333 615 4393 nihilo
635 4341 737 4394 tamen
754 4333 813 4392 hoo
834 4333 944 4392 certius
967 4349 1057 4410 quam
1077 4348 1151 4389 oasu
1172 4331 1242 4388 inst
1263 4330 1405 4389 omissam

265 4454 371 4498 voeem
392 4443 510 4497 eeteros
525 4435 622 4498 libros
640 4455 780 4497 servasse
802 4442 836 4494 ut
848 4453 879 4513 p.
894 4440 937 4505 28,
955 4439 972 4494 9
987 4451 1032 4513 sq.
1072 4432 1141 4493 Nee
1161 4431 1201 4491 ab
1221 4451 1279 4491 usu
1294 4431 1403 4502 Sueto·
1462 4446 1465 4453 “
