3186 4996
273 421 310 482 ro
641 437 683 479 na
708 436 796 479 vrsis
817 436 1032 479 runvsrnmvs

270 586 434 652 Caecilius
455 584 640 648 comoedias
665 586 886 670 scripserunt]
924 584 1044 648 Latina
1064 582 1217 648 Atellaua
1240 604 1266 649 a
1282 582 1412 649 Graeca

270 689 413 774 satyrica
436 686 559 769 differt,
580 684 687 771 ‚quod
717 686 751 749 in
778 688 922 772 satyrica
946 687 1015 750 fere
1041 694 1223 771 satyrorum
1253 708 1412 772 personae

268 782 482 865 inducuntur,
513 790 706 872 aut‘siquae
728 796 804 850 sunt
825 785 982 851 ridiculae
1005 786 1129 852 similes
1150 788 1288 872 satyris,
1310 788 1411 851 Auto-

268 891 361 976 lycus
382 889 524 967 Busiris,
547 888 581 951 in
601 882 754 983 Atlana
774 887 879 952 Oscae
891 910 1075 973 personae,
1098 898 1133 952 ut
1154 888 1297 952 Maccus.

354 990 554 1073 (Poematos)
583 990 744 1075 exegetici
779 988 831 1052 uel
856 991 1043 1053 -enarratini
1071 991 1197 1076 species
1228 999 1302 1053 sunt
1333 984 1433 1069 treas

268 1093 430 1176 angelticc
451 1091 605 1155 historice
627 1089 835 1154 didascalice.
878 1090 1046 1176 Qgssfllffl
1065 1100 1114 1154 est
1140 1113 1204 1177 qua
1231 1092 1411 1154 sentcntiae

269 1193 471 1273 scribuntur,
506 1200 542 1254 ut
565 1200 614 1255 θεῖ
636 1190 839 1288 Theognidis
862 1190 960 1272 liber,
989 1194 1067 1255 item
1090 1193 1208 1293 chri-ae.
1257 1192 1412 1255 historice

270 1304 320 1359 est
341 1315 405 1380 qua
427 1294 631 1358 narrationes
649 1304 682 1357 et
702 1292 916 1377 genealogiae
938 1303 1180 1379 conponuntur,
1201 1304 1237 1358 ut
1252 1304 1302 1356 est
1319 1283 1412 1355 ‘Hot-

186 1452 191 1459 .
263 1391 558 1478 ridouyvvucxciv
590 1387 775 1474 κατάλογος
803 1403 834 1455 θῖ
868 1393 998 1459 similia.
1047 1394 1245 1459 didascalice
1271 1404 1320 1459 θεῖ
1346 1416 1412 1480 qua

270 1496 544 1582 conprehenditur
564 1493 771 1581 philosophia
792 1502 828 1557 ut
852 1494 1062 1582 Empedoclis
1091 1506 1125 1560 ct
1153 1495 1304 1578 Lucreti,
1334 1498 1410 1561 item
1423 1520 1447 1557 ro

270 1596 464 1682 astrologia,
487 1607 524 1661 ut
545 1597 770 1685 phaenomena
787 1587 928 1678 Ἀράτου
949 1605 982 1665 et
998 1597 1181 1679 Ciceronis,
1205 1607 1237 1661 et
1257 1599 1413 1684 georgica

273 1698 409 1783 Vergilii
433 1708 465 1761 θῖ
485 1700 534 1762 his
557 1697 687 1761 similia.

356 1799 485 1865 Κοινοῦ
500 1799 553 1864 uel
571 1801 753 1864 communis
767 1808 934 1886 poematos
951 1801 1076 1886 speeies
1094 1801 1265 1887 primacst
1281 1801 1419 1869 heroica

271 1915 306 1965 ut
330 1912 380 1966 est
409 1902 532 1966 Iliados
561 1911 593 1965 θῖ
620 1901 801 1979 Aeneidos,
835 1901 979 1964 secunda
1008 1906 1073 1983 (θεῖ
1099 1902 1202 1987 lyrica
1222 1912 1263 1966 ut
1284 1913 1333 1965 est
1355 1930 1413 1984 ss,

194 1992 197 2003 ¹
270 2006 367 2067 tertia
389 2008 459 2088 θεῖ)
489 2002 636 2087 elegiaca
661 2001 712 2086 (ut
743 2013 792 2065 θεῖ
817 2030 871 2085 u,
901 2012 1017 2087 quarta
1043 2012 1094 2066 est
1119 2004 1273 2091 iambica)
1298 2014 1335 2067 ut
1362 2014 1447 2067 θεῖιε

271 2104 460 2170 Archilochi
487 2106 531 2189 [et
553 2103 735 2188 Horatius].

266 2337 436 2411 Ῥινθωνική
456 2338 473 2411 ri
493 2337 609 2411 ἔξωτική
623 2342 838 2408 πῖανιπεὸαρία
856 2335 874 2410 ἡ
893 2342 1117 2409 καταστοῖαρία,
1136 2337 1237 2410 papam}
1255 2335 1273 2411 ἡ
1289 2343 1343 2394 νῦν
1354 2342 1412 2422 riri-

271 2414 327 2464 θεν
366 2407 418 2478 ὁνη
437 2408 594 2479 σωζομένη,
618 2405 750 2478 τεχνικὸν
767 2405 820 2476 μὲν
839 2406 942 2476 ἔχουσα
960 2402 1063 2476 οὐδέν,
1086 2406 1159 2478 λόγῳ
1179 2405 1270 2478 μόνον
1293 2406 1324 2462 τὸ
1342 2412 1412 2477 πλη-

271 2482 326 2541 θος
339 2431 484 2546 hedyovca
502 2475 609 2545 γέλωτι.
624 2482 775 2531 Comment.
791 2480 872 2544 Cruq.
887 2481 915 2528 iu
933 2480 1000 2530 Hor.
1015 2488 1066 2529 art.
1079 2486 1153 2545 poet.
1164 2480 1228 2547 288:
1243 2478 1411 2546 praetextas]

271 2552 427 2614 ‘praetexta
444 2549 590 2614 tragoedia
609 2549 662 2597 suit
681 2566 697 2597 a
710 2554 855 2613 praetexta
868 2554 955 2610 ueste,
976 2563 1029 2613 qua
1047 2549 1196 2597 utebantur
1214 2549 1322 2597 nobiles
1335 2550 1413 2613 pueri

271 2618 321 2667 sul)
340 2617 488 2681 disciplina
506 2616 540 2665 ad
555 2631 654 2665 annum
667 2631 752 2679 nsque
766 2615 900 2664 decimum
920 2617 1051 2679 quintum.
1077 2622 1173 2680 togata
1192 2632 1257 2664 uero
1270 2617 1412 2665 comoedia

271 2686 324 2734 fuit
343 2702 359 2734 a
383 2691 449 2747 toga
466 2690 545 2733 ueste
565 2684 702 2743 Romana,
733 2698 787 2746 qua
805 2684 893 2731 omnis
911 2699 992 2731 sexus
1011 2684 1151 2747 omnisque
1171 2684 1297 2733 condicio
1315 2683 1412 2732 uteba-

272 2760 316 2802 tur
334 2753 405 2817 apud
424 2753 575 2811 Romanos,
594 2751 666 2800 urulc
691 2757 733 2799 est
752 2751 827 2798 dicta
846 2764 913 2813 gens
931 2757 1037 2813 togata.
1074 2757 1171 2815 togata
1194 2758 1286 2801 autem
1305 2767 1412 2799 comoe-

271 2820 318 2869 dia
336 2819 427 2869 differt
441 2836 457 2868 a
476 2819 606 2883 palliata,
626 2818 697 2882 qrrod
715 2817 832 2882 palliata
849 2818 925 2867 dicta
937 2819 975 2867 sit
993 2834 1010 2867 a
1022 2818 1108 2883 pallio
1122 2819 1229 2867 Graeco
1243 2820 1411 2867 indumento.

271 2893 431 2952 praetextas
450 2892 478 2935 ct
496 2890 607 2949 togatas
631 2886 801 2950 scripserunt
823 2886 919 2934 Aelius
941 2887 1054 2949 Lamia,
1077 2887 1213 2935 Antonius
1236 2887 1337 2947 Rufus,
1361 2886 1411 2936 Cn.
1435 2922 1444 2929 .
1539 2924 1547 2947 ,

271 2954 356 3019 (immo
369 2952 415 3019 Ο.)
429 2954 570 3014 Melissus,
585 2954 725 3015 Afranius,
745 2951 929 3018 [Africanus,]
946 2955 1123 3018 Pomponius.
1148 2954 1302 3003 fabularum
1321 2960 1412 3003 autem
1432 2963 1437 2973 “

270 3024 456 3072 Romanarum
478 3037 581 3085 genera
604 3021 739 3085 quinque:
775 3022 895 3070 stataria·
916 3023 1033 3071 motoria
1053 3028 1229 3086 praetextata
1251 3023 1412 3072 tabernaria

271 3088 393 3156 togata.'

357 3157 388 3206 14
401 3173 439 3221 sq.
465 3157 653 3218 Quintilianus
666 3156 690 3204 X
704 3155 727 3219 1,
741 3154 787 3204 illi:
812 3156 856 3204 ‘At
868 3155 1015 3220 lyricorum
1028 3157 1100 3206 idom
1113 3158 1245 3207 Horatius
1260 3159 1317 3206 fere
1339 3156 1413 3207 solus

271 3209 332 3289 legi
352 3225 461 3289 dignus.
497 3240 560 3273 nam
585 3231 612 3273 et
635 3224 753 3287 insurgit
776 3225 925 3288 aliquando
949 3231 977 3272 et
1000 3224 1097 3289 plenus
1122 3232 1164 3273 θεῖ
1187 3225 1366 3274 iucunditatis
1385 3231 1414 3273 et

271 3294 379 3357 gratiae
403 3297 431 3342 et
454 3293 548 3341 uarius
573 3292 667 3355 liguris
688 3296 716 3340 et
740 3291 833 3341 uerbis
858 3292 1018 3340 felicissime
1044 3293 1143 3341 aridas.
1172 3294 1277 3357 siquem
1301 3293 1412 3341 adicere.

270 3362 354 3423 uelis,
384 3363 407 3409 is
432 3361 485 3409 erit
508 3359 624 3409 Caesius
648 3361 765 3421 Bassus,
789 3375 869 3423 quom
897 3374 984 3424 nuper
1007 3360 1137 3421 uidimus3
1174 3361 1222 3409 sed
1246 3376 1307 3410 eum
1331 3360 1412 3423 longe

271 3429 442 3494 praecedunt
458 3429 574 3493 ingenia
591 3425 769 3477 uiuentium'

355 3695 372 3745 2
393 3685 424 3743 in
443 3686 578 3764 satyrica
598 3706 627 3753 ςι
651 3684 821 3766 ineatyrica
843 3683 931 3738 ΑΒΜ
947 3677 960 3764 ΙΙ
983 3682 1163 3745 3antolicus
1181 3685 1269 3741 ΑΒΜ
1286 3678 1299 3765 ΙΙ
1320 3683 1412 3745 eBu-

271 3770 339 3829 siris
367 3773 552 3828 Carantonus
582 3774 616 3827 dc
640 3778 696 3827 aot.
723 3774 805 3842 poesi
827 3787 858 3842 p.
882 3772 918 3823 95
945 3772 988 3828 cd.
1011 3771 1128 3825 Rama:
1161 3768 1305 3827 busiridis
1329 3771 1415 3826 ΑΒΜ

271 3855 369 3913 burris
392 3876 410 3923 ς
430 3849 443 3936 ll
458 3854 640 3913 obscoenae
661 3873 811 3932 personae
835 3874 853 3923 ς
872 3848 886 3934 Η
905 3866 921 3913 ὁ
947 3854 1110 3912 Poematos
1133 3851 1232 3913 addidi
1250 3849 1294 3934 [17
1312 3838 1414 3913 chriae

271 3944 295 3997 Α
325 3939 420 3998 diriae
447 3941 508 3996 ΒΜ
531 3960 584 3996 om.
614 3960 632 4008 ς
661 3936 674 4019 ll
705 3951 723 4002 8
749 3938 949 4016 hesioduginc
984 3937 1199 4014 concatalogos
1229 3942 1284 3996 AB
1313 3939 1413 3998 hesio-

271 4026 383 4101 duginc
416 4026 631 4102 contagalogos
660 4027 691 4081 M
720 4022 849 4083 Hesiodi
881 4024 1086 4098 theogonias
1115 4021 1128 4101 ,Ἰ
1164 4034 1195 4083 10
1222 4023 1415 4102 philosophia

162 4164 167 4172 .
250 4109 393 4168 ⁴ut'libri
413 4110 558 4169 Varronis
579 4109 775 4189 Empedoclis
798 4108 933 4168 Lucretii
957 4130 974 4177 ς
994 4117 1028 4166 nt
1049 4128 1103 4165 om.
1128 4110 1216 4166 ΑΒΜ
1233 4104 1246 4188 11
1271 4120 1299 4169 11
1327 4116 1414 4166 aratu

270 4197 359 4254 ΑΒΜ
371 4190 384 4276 ΙΙ
401 4204 434 4258 13
450 4194 539 4273 Cyan
556 4198 608 4251 AB
631 4194 740 4272 Oynnu
755 4195 788 4249 M
807 4188 820 4273 ll
845 4206 875 4255 14
890 4192 991 4250 iliadis
1010 4194 1097 4249 ΑΒΜ
1115 4188 1128 4274 ll
1144 4202 1232 4252 est-
1244 4202 1291 4251 θεῖ
1308 4197 1414 4251 lacuna
1480 4196 1501 4213 ²

270 4285 397 4339 indicata
427 4283 540 4337 addidi:
573 4278 727 4336 secundae
747 4278 828 4336 liaca
851 4284 876 4336 A
902 4277 1037 4335 secunda
1064 4276 1163 4336 eliaca
1193 4280 1253 4334 BM
1278 4276 1422 4353 secunda,

196 4370 199 4380 '
270 4365 369 4444 lyrica
395 4387 424 4436 ς,
456 4364 590 4422 secunda
618 4372 665 4421 θεῖ
689 4363 788 4441 lyrica
814 4366 925 4436 liseih'us
950 4359 965 4439 ll
994 4373 1024 4423 15
1044 4361 1279 4420 ut-iambica
1307 4366 1414 4419 lacerna
1492 4396 1496 4403 .

270 4455 398 4508 indicato
417 4455 481 4507 item
497 4452 597 4507 addidi
615 4443 629 4530 ll
651 4457 684 4511 16
704 4446 849 4506 archiloci
871 4446 958 4505 ΑΒΜ
976 4442 991 4527 Η
1014 4456 1043 4504 et
1067 4446 1214 4505 Horatius
1233 4450 1353 4504 seclrcsi:
1384 4455 1416 4505 et
