3202 4998
701 442 805 483 caeru
829 441 853 482 11
1279 418 1341 480 443

203 616 269 655 mus
284 594 477 654 Ambrosium
493 594 636 653 illaurule
652 598 781 652 uidemus
804 612 868 652 enm
888 597 1003 666 suemus
1022 597 1165 651 madidum
1188 601 1273 666 utque
1295 610 1342 649 ro·

204 705 315 754 rualem
332 716 370 754 ex
384 696 529 755 Suetonio
543 697 706 776 recepisse.
736 695 941 755 hexaemeron
959 697 1039 754 enirn
1054 696 1147 778 libros
1164 694 1342 753 Ambrosius

204 819 243 859 ex
259 799 356 857 Basili
374 797 543 876 cognomini
557 816 650 878 opere
668 798 820 877 expressit
835 817 893 857 nec
913 799 972 857 nisi
992 801 1098 877 paucis
1116 798 1192 856 locis
1211 798 1343 855 auctoris

204 901 251 960 sui
267 920 358 980 quarn
373 901 439 958 lere
453 900 669 979 interpretatur
687 901 852 959 orationem
869 910 970 977 auget.
1009 902 1068 958 iam
1083 919 1156 959 vero
1171 899 1225 959 illa
1239 918 1342 958 narra·

205 1001 340 1062 tinnenla
357 1001 395 1062 de
412 1021 488 1062 cane
503 1003 555 1081 qui
572 1000 683 1060 domini
698 1019 807 1059 necem
819 1000 906 1059 ultus
923 1008 984 1075 est,
1007 1020 1096 1081 quam
1114 1001 1232 1062 Giraldi
1252 999 1342 1062 Cam·
1424 1014 1429 1023 ‘

203 1105 322 1165 brensis
337 1105 510 1164 testimonio
526 1124 545 1161 a
560 1101 704 1195 Suetonio
718 1102 748 1160 in
766 1100 845 1160 libro
861 1100 899 1161 de
915 1088 1111 1162 animantium
1125 1105 1242 1165 naturis
1264 1125 1344 1165 eom·

204 1215 400 1267 memoratam
427 1206 521 1264 fuisse
547 1224 641 1285 supra
666 1202 935 1282 conprobavimns,
967 1206 1006 1265 ab
1030 1206 1190 1266 Ambrosio
1219 1226 1256 1265 ox
1283 1208 1343 1266 alio

205 1318 329 1367 auctore
342 1307 507 1367 Basilianis
517 1306 631 1365 inserta
643 1313 706 1379 eat3
732 1306 990 1366 narratiunculam
1008 1317 1109 1367 antem
1120 1307 1261 1366 Ambrosi
1273 1328 1344 1368 ean·

206 1409 275 1469 dem
297 1409 392 1479 fnisse
412 1416 503 1487 atque
526 1406 743 1467 Suetoniauam
765 1405 901 1466 eiusdem
920 1408 1038 1469 Giraldi
1061 1409 1164 1469 verbis
1179 1409 1343 1470 discimus:

205 1514 280 1570 ande
296 1520 323 1569 et
337 1512 499 1584 exemplum
514 1528 604 1567 unum
618 1511 695 1583 quod
708 1510 862 1567 Suetonius
876 1516 967 1586 {cupit
986 1516 1016 1570 tn
1031 1528 1064 1570 eo
1079 1515 1150 1571 libro
1167 1518 1218 1587 qui
1230 1517 1265 1572 de
1282 1519 1344 1572 uni-

205 1617 343 1671 muntium
357 1616 471 1670 nataris
483 1613 649 1669 inrembitar
663 1619 691 1667 et
706 1614 873 1671 Ambrosius
887 1632 999 1688 quoque
1013 1619 1043 1672 in
1065 1616 1346 1678 lexuenreronmar·

205 1725 253 1773 rat
268 1717 315 1773 die
329 1720 503 1773 interserere
517 1731 575 1771 non
593 1715 773 1786 superfluum
788 1721 933 1788 reputant.
954 1716 1049 1775 refert
1064 1715 1174 1776 deinde
1190 1718 1346 1777 historiam

206 1816 349 1877 Ambrosi
369 1813 471 1875 verbis
495 1814 560 1872 fere
582 1832 643 1870 uon
664 1813 843 1887 immutatis,
866 1816 967 1877 differt
988 1827 1089 1877 autem
1110 1838 1147 1877 ea
1165 1819 1346 1879 asimilibus

206 1918 438 1979 narratiunculis
456 1935 532 1995 quas
547 1922 669 1973 veteres
685 1916 724 1975 ad
743 1920 827 1976 canis
839 1920 1006 1978 sollertiam
1020 1918 1239 1980 inlustrandam
1252 1922 1345 2001 adpo·

206 2040 279 2079 nere
298 2019 406 2078 solent.
438 2018 541 2096 itaque
555 2015 655 2073 omnia
669 2021 845 2078 necessario
858 2038 914 2079 nos
928 2039 963 2077 eo
981 2018 1095 2078 ducunt
1106 2030 1139 2080 ut
1155 2024 1347 2084 Ambrosium

207 2124 286 2181 hanc
299 2142 337 2181 ex
348 2118 521 2196 Tranquilli
535 2125 689 2195 pratorum
702 2116 818 2177 decimo
832 2119 1055 2200 deprompsisse
1069 2123 1289 2201 intellegamus.
1303 2135 1346 2185 at·

118 2222 122 2230 ’
207 2225 259 2305 qui
276 2223 330 2283 illa
349 2219 446 2279 verba
464 2222 540 2278 uncle
561 2222 691 2276 uidemur
708 2236 771 2275 eum
793 2227 911 2293 saepius
928 2228 1072 2282 madidam
1092 2236 1178 2300 atque
1200 2237 1347 2286 rorantem

207 2344 355 2407 nusquam
375 2324 406 2381 in
425 2321 521 2380 Basili
541 2319 672 2378 homiliis
694 2319 844 2397 leguntur.
879 2323 952 2404 quid
968 2325 1059 2401 igitur
1074 2326 1176 2388 obstat
1188 2331 1348 2410 quominus

209 2419 299 2489 etiam
309 2427 388 2485 haec
404 2422 549 2483 Suetonio
564 2419 769 2495 vindicemus,
794 2422 832 2482 de
849 2444 908 2504 quo
925 2426 984 2484 iam
996 2445 1057 2486 uno
1074 2428 1141 2488 loco
1155 2430 1347 2491 Ambrosium

155 2522 162 2533 ¹
200 2528 365 2591 Basiliana
382 2533 545 2604 augentem
561 2521 697 2602 pendere
720 2523 874 2584 vidimus?
895 2536 987 2608 atquo
1005 2529 1107 2590 elucet
1121 2531 1272 2592 Isidorum
1293 2554 1349 2592 suo

208 2637 273 2693 iure
286 2632 344 2691 sibi
354 2631 452 2689 visum
463 2645 531 2683 csse
543 2622 745 2683 Ambrosiana
756 2625 951 2688 Suetoniauis
964 2632 1149 2710 interpolare
1166 2635 1248 2714 quod
1256 2635 1348 2694 *viros

208 2734 353 2814 gentilem
365 2739 395 2791 et
411 2727 594 2788 catholicum
606 2724 660 2802 (cf.
674 2729 771 2808 praef.
783 2729 813 2807 ’1)
827 2730 907 2791 idem
920 2741 1128 2809 argumentum
1141 2735 1257 2794 eisdem
1271 2736 1349 2795 adeo
1415 2810 1419 2819 Ι

209 2835 312 2898 verbis
325 2848 467 2893 enarrare
481 2825 640 2887 sentiebat.
659 2849 738 2909 quae
751 2850 817 2890 cum
829 2832 872 2892 ita
885 2844 997 2907 essent,
1011 2855 1070 2893 non
1085 2834 1248 2897 dubitaris
1261 2839 1348 2897 scho-

208 2939 318 2998 liastae
336 2932 438 2994 vorbis
457 2931 563 3008 fragm.
582 2923 655 2992 128*
674 2928 749 2993 1³0*
768 2935 843 3021 131*
860 2933 933 2999 134*
953 2935 1027 2999 135*
1042 2958 1121 3017 quae
1135 2938 1281 2998 Suetonio
1297 2939 1349 2999 ad·

210 3040 361 3117 signarem
376 3028 554 3105 secernere}
576 3039 680 3090 cetera
696 3040 797 3092 autem
812 3055 891 3116 quae
912 3036 949 3096 ad
966 3038 1047 3100 idem
1068 3060 1165 3118 genus
1191 3052 1349 3122 excerpto·

208 3162 274 3202 rum
296 3140 465 3220 pertinent,
481 3134 644 3216 praesagia
664 3132 738 3194 solis
759 3146 789 3194 et
809 3136 900 3199 lunae
922 3149 953 3199 ct
978 3141 1108 3201 siderum
1125 3144 1351 3221 potentissimo-

209 3265 274 3304 rum
299 3245 422 3304 nomina
446 3249 477 3303 et
500 3244 643 3307 effectus,
677 3241 768 3303 malui
790 3240 821 3300 in
845 3245 993 3323 superiori
1019 3243 1216 3305 adnotatione
1247 3246 1350 3304 conlo-

211 3367 291 3409 care.
325 3366 451 3426 qnorum
472 3346 526 3404 illa
549 3347 720 3423 fragmento
743 3344 816 3409 152*
838 3345 968 3419 subieci,
991 3346 1192 3423 haecfragrn.
1212 3345 1352 3419 142*‚ut

211 3470 313 3508 eorum
346 3449 561 3527 conparatione
586 3449 758 3508 isidoriana
778 3450 922 3507 memoria
945 3448 1146 3526 corrigeretur
1173 3457 1205 3507 et
1228 3448 1350 3529 supple·

210 3561 302 3610 retur.

297 3653 360 3711 Iam
375 3670 448 3710 vero
470 3650 677 3711 demonstrare
694 3651 767 3710 licet
782 3651 971 3712 Suetoniana
987 3652 1068 3731 apud
1086 3653 1282 3712 scholiastarn
1298 3673 1350 3713 ex·

212 3764 318 3834 carpta
353 3762 486 3813 aetatem
510 3752 621 3811 Isidori
646 3773 800 3832 superare.
841 3773 1023 3834 quamquain
1046 3756 1126 3813 enirn
1152 3755 1351 3815 certissimum

212 3865 258 3916 est
269 3855 418 3915 Isidorum
430 3855 462 3913 in
476 3852 554 3911 libro
565 3852 602 3912 de
617 3862 725 3913 natura
739 3875 839 3914 rerum
856 3875 924 3914 erim
935 3876 994 3914 non
1007 3854 1120 3916 adiisse
1135 3890 1175 3901 -
1190 3877 1260 3916 num
1270 3857 1351 3937 quod

212 3978 272 4016 uno
286 3958 353 4016 loco
369 3978 395 4017 c.
415 3963 445 4018 l'l
461 3956 589 4015 Aratum
606 3964 636 4014 et
647 3956 805 4036 Hyginum
823 3957 1009 4019 contendere
1032 3958 1106 4017 dicit
1127 3959 1221 4019 solem
1245 3980 1300 4039 per
1318 3979 1352 4019 se

212 4061 311 4140 ipsum
330 4061 448 4119 moveri
472 4080 532 4118 nou
554 4078 622 4117 eum
641 4059 751 4118 mundo
770 4061 849 4119 verti
869 4081 928 4119 uno
951 4061 1019 4120 loco
1035 4071 1207 4122 manentem
1224 4081 1250 4121 c.
1267 4083 1297 4142 q.
1316 4082 1351 4134 a,

212 4184 273 4221 non
294 4161 381 4222 Arati
399 4161 455 4220 sub
473 4161 595 4220 nomine
613 4160 801 4220 scholiasten
819 4161 984 4239 intellegit,
1000 4173 1034 4221 nt
1047 4172 1135 4241 putat
1151 4163 1309 4222 Beckerus
1320 4185 1351 4243 p.

211 4264 276 4335 Xl,
293 4263 348 4343 aad
360 4265 457 4343 ipsum
469 4265 597 4323 Aratum
607 4262 749 4322 Latinum
758 4261 807 4320 cui
817 4263 934 4341 Hygini
946 4265 1130 4323 astronomia
1140 4265 1286 4325 fabularis
1299 4265 1352 4324 ad·

213 4365 327 4445 scripta
343 4365 485 4425 fuerit-
495 4375 597 4425 tamen
611 4367 643 4424 in
655 4365 820 4442 originibus
835 4363 984 4436 Isidorus,
1003 4384 1092 4444 quern
1108 4364 1215 4424 librum
1234 4374 1268 4424 ut
1282 4386 1351 4423 con·

213 4466 398 4527 scribillaret
411 4467 540 4527 maxime
554 4476 712 4548 poetarum
730 4466 847 4527 scholia
864 4466 1030 4539 consuluit,
1049 4465 1115 4526 eins
1128 4476 1274 4549 excerpta
1287 4467 1353 4527 fere
