3202 4998
266 400 327 461 474
600 418 822 468 orruerrorrss
850 419 1074 463 errrosrsusn

263 570 475 631 obscuraretur
488 571 662 633 auctoritas.
679 581 770 652 atque
782 580 889 632 extant
895 572 1059 633 Frontonis
1069 572 1166 633 verbo
1176 572 1208 633 in
1220 573 1351 653 epistula
1357 571 1398 634 ad

261 674 302 734 M.
318 672 475 733 Aurelium
486 672 716 734 adulescentem
729 674 800 735 dats
816 694 846 753 p.
862 682 930 749 174,
948 674 1028 734 unde
1045 675 1105 734 iem
1116 674 1245 735 Rothius
1255 697 1286 755 p.
1301 677 1397 738 VIIII

258 784 343 838 recte
358 776 491 854 conlegit
502 774 583 836 haud
594 777 638 836 ita
649 775 799 836 benevole
812 775 850 836 de
861 776 1042 857 Tranquillo
1051 778 1236 838 Frontonem
1246 780 1395 841 sensisse:

260 900 294 938 rr
311 880 465 954 Tronqarllr‘
478 881 629 937 sumemus
641 883 689 953 qso'
700 883 756 937 nisi
769 883 854 938 sehet
863 888 965 955 questo
977 897 1062 955 opere
1075 896 1119 939 mo
1131 882 1258 954 dib'pcrcr
1271 885 1395 941 sobesla-

258 985 330 1040 rium
346 983 398 1040 boc
413 985 547 1055 negotium
559 983 612 1039 ribi
623 998 765 1056 nunquam
787 984 944 1056 sumerset.
970 978 1159 1060 praecedunt
1179 988 1280 1041 antem
1301 981 1395 1043 baeer

257 1087 361 1141 inserit
374 1091 463 1141 osum
478 1100 521 1140 me
533 1084 710 1158 Trospurtlus
720 1100 782 1141 error
793 1085 911 1158 friperer
920 1087 1000 1143 etism
1011 1101 1086 1141 norro
1097 1092 1241 1142 urionem.
1262 1093 1293 1144 et
1303 1084 1395 1164 paulo

259 1196 345 1245 ante:
380 1202 441 1243 meo
460 1204 565 1261 purum
587 1187 692 1261 refert,
718 1188 780 1260 quis
798 1201 842 1242 mc
864 1185 899 1242 de
926 1189 1002 1243 currit
1022 1186 1069 1243 tibi
1090 1189 1186 1244 umicr's
1211 1188 1317 1260 diligat,
1343 1192 1398 1245 uiri

259 1291 332 1363 quod
353 1291 437 1362 prior
461 1292 532 1346 ratio
562 1297 601 1345 est
617 1286 696 1359 'eiam
723 1291 772 1361 qui
790 1290 880 1344 miurus
905 1295 946 1345 ert
965 1291 1054 1347 nostri
1074 1289 1247 1362 smtidiorus.
1289 1289 1397 1368 quanti

260 1397 361 1448 eutem
390 1389 450 1448 iem
473 1386 604 1448 Traiani
630 1396 764 1469 tempore
796 1387 924 1449 eruditio
950 1387 1079 1449 Suetoni
1110 1388 1271 1448 aestimata
1296 1390 1336 1449 sit
1356 1410 1395 1451 ex

258 1491 341 1550 Plini
353 1490 492 1571 epistulis
499 1490 586 1550 clare
597 1491 798 1567 cognoscitur.
816 1498 1003 1570 neopoterat
1014 1489 1106 1549 facile
1116 1489 1328 1568 gloriadeesse
1341 1492 1395 1552 tali

258 1594 324 1652 siro
341 1593 394 1674 qni
411 1612 514 1653 omnes
532 1591 710 1651 eruditionis
727 1601 831 1672 partes
846 1592 1014 1671 conplexus
1027 1592 1106 1651 alter
1121 1592 1219 1652 Verso
1230 1591 1393 1654 videretur.

259 1695 340 1776 quod
350 1704 455 1754 conus
465 1693 547 1774 apud
561 1692 695 1754 Gellium
707 1693 754 1753 bis
765 1704 881 1754 tautum
895 1695 960 1755 eius
971 1694 1005 1754 fit
1015 1694 1144 1768 mentio,
1157 1714 1224 1755 curn
1240 1695 1308 1755 aliis
1319 1695 1396 1756 loeis

258 1817 369 1858 nomen
384 1798 449 1857 eius
461 1797 582 1857 silentio
599 1804 765 1878 prematur:
792 1804 884 1876 atque
899 1796 950 1856 hic
963 1797 1007 1856 ita
1022 1795 1144 1876 quidem
1155 1797 1283 1858 Suetoui
1294 1807 1395 1858 sucto-

257 1902 346 1961 ritute
368 1901 462 1959 utitur
481 1908 516 1958 ut
532 1899 634 1979 priore
656 1899 725 1958 loeo
750 1898 907 1978 physicum
929 1898 1174 1959 observationem
1196 1916 1235 1959 ex
1258 1897 1395 1963 ludicrae

258 2003 403 2062 historiae
415 2000 492 2061 libro
504 2002 599 2080 primo
611 2009 712 2080 petet,
727 2001 824 2060 altero
835 2000 975 2060 historias
990 2001 1059 2060 illas
1074 2020 1150 2081 quas
1161 2010 1313 2080 postremo
1324 2001 1393 2062 loeo

256 2105 345 2185 posui
360 2101 514 2163 adhibeat.
545 2112 576 2162 at
592 2102 643 2163 ubi
659 2112 728 2183 apte
742 2104 905 2181 poteratni
926 2102 1017 2161 fallor
1032 2102 1161 2164 Suetoni
1181 2103 1331 2164 thesauris
1350 2105 1395 2164 uti

257 2206 296 2266 ad
308 2208 489 2266 Frontonem
499 2204 669 2284 prinoipem
681 2205 919 2284 antiquariorum
929 2204 1074 2282 confugit,
1089 2204 1184 2265 veluti
1192 2205 1257 2279 Ito,
1269 2205 1321 2265 ubi
1331 2225 1394 2265 ser-

257 2328 361 2369 mones
378 2309 420 2367 M.
437 2307 599 2366 Frontonis
622 2318 653 2365 et
668 2307 813 2383 Favorini
826 2306 999 2387 philosophi
1021 2303 1059 2365 de
1080 2306 1243 2384 gonoribus
1261 2306 1395 2366 colorum

256 2409 475 2492 vocabulisque
500 2428 604 2469 eorum
621 2407 749 2469 Graecis
771 2418 803 2469 et
821 2408 945 2469 Latinis·
962 2417 1098 2468 enarrat:
1132 2407 1292 2487 probabile
1314 2410 1396 2469 enini

257 2523 304 2573 est
314 2514 373 2573 hnc
386 2511 424 2572 de
438 2531 473 2572 re
483 2511 575 2571 etiam
585 2511 764 2572 Suetonium
774 2510 806 2570 in
816 2511 911 2589 prstis
923 2510 1032 2587 egisse.
1050 2510 1087 2569 cl.
1098 2510 1401 2597 prseteresXVlIII·

256 2624 282 2678 S
301 2626 343 2679 10.
361 2626 401 2679 13.
418 2633 476 2673 neo
490 2615 522 2673 iu
536 2621 695 2673 ventorum
712 2613 884 2673 nominibus
899 2611 933 2672 Π
949 2620 984 2674 ‘tt
998 2631 1065 2671 eum
1081 2631 1149 2672 eum
1163 2611 1309 2673 Suetonio
1324 2633 1394 2685 eon·

257 2719 369 2777 sentire
385 2719 445 2776 iarn
459 2735 551 2794 supra
565 2714 710 2775 vidimus:
747 2715 894 2774 Favorini
916 2714 1035 2775 seilicet
1055 2733 1210 2775 sermones
1232 2713 1270 2775 de
1288 2724 1394 2775 vento·

256 2839 321 2879 rum
335 2817 495 2879 vocubulis
509 2817 747 2898 regionibusque
760 2816 864 2877 refert.
896 2834 991 2897 quare
1006 2817 1099 2877 etiam
1112 2816 1231 2877 Nonius
1244 2817 1298 2896 qui
1311 2817 1343 2876 in
1358 2816 1394 2877 li·

256 2919 310 2980 bro
327 2919 365 2981 de
382 2918 591 3000 compendiosa
609 2917 747 2978 doctrina
757 2918 943 2998 antiquarios
958 2918 1028 2978 illos
1041 2918 1072 2978 in
1088 2918 1134 2978 his
1148 2917 1281 2979 Gellium
1293 2918 1394 2998 sequi·

257 3031 304 3083 tur
327 3041 489 3103 numquam
511 3040 579 3080 cunr
600 3019 747 3081 Suetonio
763 3021 932 3099 conspirat3
963 3041 1023 3100 quo
1049 3029 1133 3081 certe
1148 3019 1299 3081 indicatur
1317 3021 1393 3080 anti·

257 3125 378 3206 quarios
399 3122 438 3184 de
460 3122 610 3183 industris
632 3121 810 3183 Suetonium
827 3143 889 3183 nou
909 3121 1032 3184 adiisse.
1067 3143 1126 3183 nec
1145 3122 1316 3183 Macrobius
1341 3124 1394 3203 qui

257 3234 288 3286 et
305 3227 372 3304 ipse
387 3224 426 3285 de
445 3225 547 3287 Gellio
562 3226 693 3285 maxime
708 3216 824 3304 pendet
839 3244 967 3305 usquam
989 3225 1118 3287 Suetoni
1139 3244 1249 3285 nomen
1268 3225 1393 3303 profert,

257 3330 315 3390 etsi
330 3349 398 3388 oum
414 3328 510 3407 copiis
525 3329 589 3388 eius
605 3347 692 3387 usum
713 3347 781 3387 osse
795 3347 888 3407 supro
903 3327 1105 3407 probavimus.
1139 3326 1194 3387 ssd
1211 3347 1271 3386 non
1286 3325 1392 3386 viden·

255 3440 305 3491 tur
314 3430 476 3511 antiquarii
484 3430 702 3491 Suetonianam
714 3429 913 3489 eruditionem
922 3427 973 3488 diu
983 3429 1178 3505 obscurasse3
1190 3448 1260 3489 nam
1271 3429 1395 3489 ineunte

256 3534 379 3594 saeculo
407 3534 496 3592 tertio
525 3532 690 3592 Africanus
714 3531 952 3594 Christianorum
975 3532 1089 3610 primus
1110 3531 1356 3610 chronographus
1377 3550 1395 3590 e

256 3628 383 3696 Suetoni
398 3635 519 3715 scriptis
537 3654 574 3694 ea
589 3637 756 3715 praecipue
771 3654 850 3715 quae
871 3634 911 3695 de
933 3633 1054 3711 regibus
1076 3635 1280 3694 Romanorum
1300 3631 1394 3693 tradi·

257 3736 345 3798 derat
355 3739 386 3796 in
402 3737 545 3797 chronica
558 3737 727 3809 transtulit,
742 3736 774 3795 id
786 3735 868 3817 quod
880 3735 981 3796 multis
997 3735 1073 3795 locis
1089 3755 1191 3796 eorum
1207 3737 1259 3815 qui
1272 3737 1338 3816 ipso
1348 3735 1395 3796 usi

256 3848 326 3902 suut
337 3838 454 3899 Eusebi
467 3838 591 3899 Ioannis
606 3838 791 3899 Antiooheui
808 3837 922 3917 Georgi
934 3837 1075 3918 Syncelli
1085 3820 1213 3898 aliorum
1229 3839 1288 3897 ium
1302 3838 1393 3899 erici·

256 3962 335 4002 mus:
349 3939 461 4001 ibidem
471 3950 539 4021 post
550 3942 770 4001 Mommsenum
779 3940 981 4017 iudicavimus
991 3960 1051 3999 non
1063 3940 1129 4000 sine
1139 3937 1238 3999 studio
1250 3938 1394 4000 Christia-

255 4065 311 4105 nos
322 4043 496 4104 memoriam
511 4064 615 4122 regum
626 4044 830 4103 Romanorum
849 4063 888 4103 ex
906 4062 943 4103 eo
958 4041 1109 4102 hausisse.
1137 4039 1244 4102 eodem
1259 4051 1395 4122 ternpore

148 4190 152 4197 -
257 4148 347 4208 etiam
360 4147 512 4226 apertiora
522 4144 636 4205 indicia
646 4145 853 4207 Suetonionse
864 4145 1054 4207 auctoritatis
1068 4145 1100 4202 in
1111 4143 1199 4203 libris
1210 4143 1396 4204 Tertulliani

258 4258 289 4310 et
301 4247 473 4319 Censorini,
487 4268 553 4308 cum
568 4245 606 4307 de
617 4244 744 4308 Suetoni
753 4247 839 4307 libris
852 4246 890 4306 de
902 4245 1086 4328 spectaculis
1100 4243 1179 4306 etde
1191 4264 1270 4303 anno
1283 4246 1394 4305 Romu·

256 4373 362 4413 norum
375 4348 568 4429 disputarem,
584 4348 822 4430 deprehendisse
838 4347 956 4408 videor.
971 4348 1043 4408 hinc
1054 4368 1128 4407 vero
1138 4347 1321 4426 perspicitur
1336 4347 1396 4405 ium

258 4474 295 4516 eo
311 4463 447 4535 tempore
462 4452 606 4516 Vsrronis
624 4452 836 4515 auctoritatem
851 4459 990 4533 coeptum
1006 4469 1108 4511 ossea
1130 4448 1277 4511 Suetonio
1299 4448 1395 4523 obrui,
