3200 4992
240 384 299 453 142
322 472 327 479 χ
716 405 907 456 mmm

318 551 502 639 Ἀστερίσκος
516 553 589 639 μετά
602 537 708 641 ὀβολοῦ
805 578 882 635 >14-

319 652 488 740 Ἀντίσιγμα
811 673 837 732 ξ)

317 753 490 843 Ἀντίσιγμα
504 762 743 843 περιεστιγμένον
809 772 850 832 0·

153 848 158 855 ¹
322 850 508 943 Κεραύνιον
812 862 852 930 Τ
970 847 974 853 ’

287 1007 313 1035 ›·
337 972 426 1058 ἦμέν
443 964 497 1042 οῦν
515 980 607 1059 διπλῆ
626 972 829 1062 ἀπερίστικτος
845 984 1042 1062 παρατίθεται
1062 979 1136 1063 πρὸς
1158 975 1227 1055 τοῦς
1249 987 1377 1063 γλωσσο-

335 1078 470 1162 γρόῳους
483 1076 507 1159 ἢ
519 1077 701 1164 έτεροδόξους
718 1081 925 1163 ἐκδεξαμένους
939 1075 975 1145 τά
990 1085 1044 1145 τοῦ
1059 1086 1186 1162 ποιητοῦ
1200 1084 1250 1145 καί
1265 1075 1306 1165 μὴ
1323 1108 1375 1143 κα-

336 1185 407 1257 λῶς·
424 1177 453 1261 ’ἢ
469 1176 544 1263 πρός
558 1175 609 1255 τάς
624 1176 702 1259 ἀπαξ
717 1185 871 1264 εἰρημένας
890 1185 993 1262 λέξεις,
1011 1177 1032 1262 η’
1047 1178 1120 1266 πρός
1136 1183 1170 1246 τά
1190 1184 1310 1246 έναντία
1325 1185 1376 1245 καί

335 1280 503 1363 μαχόμενα,
519 1284 570 1346 καί
587 1283 670 1365 έτερα
684 1281 817 1366 σχήματα
831 1282 990 1367 πάμπολλα
1001 1286 1051 1349 καὶ
1067 1281 1227 1366 ζητήματα.

286 1400 313 1456 ※
336 1386 363 1468 ¹)
377 1376 397 1461 ἡ
415 1383 447 1447 δέ
461 1386 683 1467 περιεστιγμένη
705 1388 795 1468 διπλῆ
808 1382 884 1469 πρός
899 1382 950 1463 τάς
964 1381 1082 1471 γραφάς
1096 1382 1148 1461 τοὶς
1164 1389 1377 1466 Ζηνοδοτείους

336 1485 387 1548 καὶ
402 1482 556 1565 Κράτητος
568 1488 621 1549 καί
637 1481 730 1550 αὐτοῦ
740 1483 931 1572 Ἀριστάρχου
949 1489 1000 1551 καί
1014 1482 1067 1565 τάς
1086 1486 1258 1569 διορθώσεις
1274 1482 1376 1550 αὐτοῦ.

272 1624 315 1637 -
336 1581 352 1649 ὁ
371 1586 402 1649 δέ
421 1579 523 1667 όβελός
540 1585 614 1667 πρὸς
625 1583 660 1650 τῦι
674 1582 861 1669 ἀθετοῦμενα
883 1591 930 1654 έπί
948 1594 1002 1654 τοῦ
1016 1593 1158 1671 ποιητοῦ,
1179 1584 1274 1672 ἤγουν
1294 1612 1376 1652 νενο-

336 1679 503 1769 θευμέναῆ
522 1680 758 1770 ὑποβεβλημένα.

287 1807 315 1863 γρ
337 1782 353 1852 ό
367 1789 399 1852 δέ
411 1783 579 1870 ἀστερίσκος
590 1788 666 1852 καθ’
681 1787 795 1870 έαυτόν,
808 1782 991 1879 ὦςκαλοῦςῖ)
1004 1793 1167 1877 εἰρημένων
1179 1795 1239 1855 τῶν
1250 1791 1330 1854 έποῦν
1345 1791 1377 1854 έν

337 1886 420 1978 αὐτῷ
437 1895 480 1978 τῷ
491 1889 592 1978 τόπῳ,
608 1892 686 1954 ἔνθα
699 1891 779 1955 έστίν
796 1889 965 1974 ἀστερίσκος
980 1890 1080 1976 μόνος.

248 2007 323 2063 Ι)’,<·-
338 1989 355 2056 ό
371 1993 403 2056 δέ
418 1987 588 2074 ἀστερίσκος
604 1986 675 2072 μετά
692 1988 816 2075 ὁβελοῦ,
834 1989 874 2070 ὡς
889 1989 962 2057 ῦντα
976 1996 1030 2075 μέν
1044 1989 1080 2058 τά
1096 1996 1153 2074 έπη
1170 1998 1224 2058 τοῦ
1240 1997 1377 2074 ποιητοῦ,

292 2168 295 2176 ¹
338 2090 379 2176 μὴ
396 2098 494 2169 καλῶς
507 2095 538 2158 δέ
555 2097 676 2175 κείμενα
694 2094 725 2171 έν
740 2090 823 2181 αὐτῷ
838 2101 881 2183 τῳ
896 2094 992 2183 τόπῳ,
1007 2089 1071 2159 ἀλλ’
1092 2098 1124 2159 έν
1138 2092 1227 2183 ἀλλῳ.
1269 2129 1274 2137 ·

290 2207 316 2269 ξ)
338 2191 370 2259 τό
391 2197 423 2259 δέ·
439 2188 597 2279 ἀντίσιγμα
617 2192 692 2259 καθ’
710 2193 813 2276 έαυτό,
833 2192 908 2279 πρός
930 2193 1000 2274 τοῦς
1020 2198 1250 2280 ένηλλαγμένους
1270 2195 1378 2272 τόπους

337 2300 387 2362 καλ
404 2293 582 2386 ἀπᾴδοντας.
626 2366 631 2375 ‚
1215 2300 1219 2305 ⁴

254 2412 295 2472 D·
337 2397 369 2464 τό
385 2400 416 2463 δὲ
430 2393 586 2480 ἀντίσιγμα
606 2399 843 2481 περιεστιγμένον
858 2406 1070 2481 παρατίθεται,
1091 2395 1163 2464 όταν
1180 2401 1377 2486 ταυτολογῇῧ)

339 2503 389 2564 καί
404 2497 460 2579 τὴν
474 2494 569 2579 αὐτὴν
584 2497 721 2562 διάνοιαν
736 2498 874 2582 δεύτερον
889 2502 967 2588 λέγη.

274 2602 314 2670 Τ
330 2596 369 2666 ,τό
388 2601 419 2664 δὲ
435 2598 610 2684 κεραύνιον·
640 2600 698 2663 έστί
716 2601 771 2681 μέν
785 2605 845 2665 τιῦν
860 2607 991 2677 σπανίας
1007 2603 1269 2695 παρατιθεμένων,
1295 2604 1382 2684 δηλοῖ

338 2703 370 2766 δέ
384 2701 435 2764 καί
450 2696 522 2764 αῦτὸ
536 2695 646 2776 πολλάς
660 2697 793 2782 ζητήσεις
807 2697 883 2783 πρός
893 2712 958 2779 ταῖς
970 2704 1205 2786 προειρημέναις.

325 2800 447 2870 Τοῦτον
468 2795 500 2864 δ’
518 2796 658 2866 ἀπόντων
671 2807 732 2866 τοῦν
749 2808 877 2885 σημείων
895 2801 1088 2889 ἀκριβέστερα
1104 2809 1213 2888 γνῶσις
1230 2804 1378 2890 31110594)

236 2910 365 2992 βιβλίοις
380 2908 440 2969 τοῦν
453 2905 713 2990 συγγραψαμένων
725 2907 792 2987 περλ
801 2903 921 2971 τοῦτον·
938 2907 989 2970 καί
1005 2910 1046 2982 εἰς
1061 2902 1241 2993 ὠφέλειανῧ)
1254 2902 1380 2987 έπτζήτει

216 3018 220 3025 “
237 3003 319 3093 παρά
331 3011 389 3071 τῶν
403 3010 551 3090 τεχνιτῶν.
755 3006 760 3011 ’

786 3157 831 3216 ΙΙ.

159 3256 164 3263 ’
284 3297 311 3334 >
337 3274 374 3356 τῇ
388 3261 478 3357 διπλῇ
497 3272 604 3352 χρῆται
622 3262 811 3352 Ἀρίσταρχος
831 3268 906 3353 πρὸς
932 3274 1064 3354 ἱστορίαν
1088 3264 1306 3352 σχηματισμοῦς
1328 3271 1378 3333 καί

337 3374 435 3456 έτέρας
452 3374 587 3447 ποικίλας
601 3374 715 3453 χρείας·

287 3481 315 3537 ’ν-
338 3479 376 3560 τῇ
389 3475 421 3538 δὲ
436 3472 661 3559 περιεστιγμένη
674 3467 748 3553 πρός
763 3470 932 3553 Ζηνόδοτον
949 3468 1002 3537 τόν
1019 3470 1205 3555 διορθωτήν·

271 3560 314 3631 -'-
335 3582 379 3666 τρῦ
394 3577 426 3640 δέ
442 3569 537 3661 ὀβελῷ
552 3568 626 3656 πρός
637 3569 796 3656 ἀθέτησιν·

242 3702 315 3757 γ’,σ-
328 3677 493 3762 ἀστερίσκῳ
508 3677 540 3740 δέ
555 3670 611 3739 σῦν
623 3673 719 3762 ὀβελῷ
733 3670 807 3760 πρὸς
823 3670 855 3739 τό
870 3673 947 3740 εἶναι
960 3677 1015 3757 μέν
1029 3672 1099 3752 τοῦς
1113 3683 1229 3757 στίχους
1240 3670 1379 3760 Ὁμήρου,

336 3789 455 3846 κεῖσθαι
471 3779 503 3842 δέ
522 3777 555 3840 έν
570 3773 650 3864 ἀλλῳ
665 3775 747 3864 τόπῳ
756 3779 869 3853 καλῶς·
897 3775 944 3854 οἷς
959 3779 1009 3841 καὶ
1026 3775 1197 3862 ἀστερίσκος
1216 3775 1314 3858 μόνος·
1322 3803 1378 3840 πα-

337 3880 489 3967 ράκειται·

286 3997 323 4058 ὓ.
346 3991 389 4072 τῷ
405 3984 435 4047 δέ
450 3979 606 4064 ἀντίσιγμα
622 3982 673 4045 καί
688 3988 725 4067 τῇ
738 3987 860 4067 στιγμῇ,
877 3976 950 4044 όταν
969 3978 1022 4043 δῦο
1039 3969 1092 4044 ὦσι
1111 3977 1241 4043 διάνοιαι
1256 3975 1288 4042 τό
1308 3974 1380 4043 αῦτό

304 4104 306 4109 ’
336 4081 548 4167 σημαινοόσαι,
579 4088 633 4147 τοῦ
661 4089 787 4164 ποιητοῦ
807 4080 990 4168 γεγραφότος
1010 4078 1194 4166 ἀμφοτέρας,
1222 4077 1302 4156 ὅπως
1326 4079 1381 4160 τὴν

337 4190 437 4268 έτέραν
460 4185 574 4265 ἕληται·
602 4177 645 4272 τρῦ
666 4186 697 4249 δέ
719 4184 814 4271 χρόνῳ
837 4185 887 4249 καὶ
910 4188 945 4248 αί
960 4182 1015 4249 δῦο
1029 4177 1197 4268 εὑρέθησαν
1211 4177 1267 4245 οὐκ
1279 4178 1381 4260 ὀρθῶς

338 4292 465 4371 έχουσαι.

287 4403 315 4459 ·>‘(
337 4394 379 4478 τῷ
394 4391 426 4452 δὲ
437 4384 600 4477 ἀστερίσκῳ
615 4388 698 4477 μόνῳ
709 4395 813 4472 χρῆται
830 4384 902 4475 πρός
914 4383 982 4464 τοῦς
997 4381 1105 4463 αῦτοῦς
1117 4392 1249 4470 στίχους,
1261 4390 1292 4450 οἳ
1302 4392 1380 4449 κεῖν-
