3202 4998
265 428 326 487 lot
604 444 828 492 Qvarrsrronns
852 443 1080 484 svrrourauaa*

353 596 408 654 Vis
421 595 509 653 huius
523 584 688 653 consensus
706 615 742 652 eo
760 615 820 652 non
837 593 985 667 elevatur,
1003 592 1084 672 qnod
1100 613 1160 651 uno
1176 592 1244 650 loco
1258 594 1406 652 narratio·

268 716 338 756 nem
352 698 468 756 Donati
478 698 577 755 Focas
592 678 704 772 augere
722 696 853 754 ridetur.
883 716 951 753 nam
963 704 1087 772 praeter
1100 697 1160 755 tria
1173 694 1227 752 illa
1238 695 1409 772 praesagia,

268 798 378 879 quibus
393 799 513 875 Vergili
533 797 655 856 natales
674 798 846 856 celebratae
866 817 933 856 esse
958 797 1115 855 aDonato
1135 804 1289 868 narratur,
1309 797 1409 854 Focas

267 922 348 959 nova
361 900 507 958 miracula
522 899 624 978 prodit
639 920 668 976 p.
687 907 729 971 69,
743 908 777 959 Ἠ
792 919 873 979 sqq.:
895 908 1006 957 terram
1023 898 1211 956 ministrasse
1236 898 1342 970 flores,
1364 906 1409 955 at-

268 1022 327 1082 que
343 1002 421 1061 adeo
438 1020 526 1079 apum
544 1020 673 1059 examen
690 1002 720 1058 in
732 999 828 1058 labiis
842 1000 1018 1058 dormientis
1040 999 1126 1077 pueri
1148 999 1294 1059 haesisse.
1330 1016 1410 1077 quae

268 1103 375 1162 fabula
400 1105 431 1161 in
454 1122 551 1179 genus
580 1122 682 1160 aarum
709 1101 872 1160 referenda
895 1109 958 1172 est,
987 1120 1063 1179 quas
1085 1100 1198 1160 Graeci
1222 1099 1411 1177 grammatici

268 1206 306 1263 ab
330 1205 390 1263 alio
416 1205 448 1262 in
473 1204 566 1262 aliurn
593 1204 759 1262 transferre
783 1212 900 1275 amant3
948 1201 1028 1281 qnod
1051 1201 1183 1260 studium
1206 1202 1315 1259 imitati
1342 1209 1412 1258 sunt

268 1307 388 1365 Latini:
418 1306 590 1363 memineris
611 1305 706 1363 velim
730 1303 810 1362 idem
833 1302 1029 1361 scholiastam
1052 1303 1170 1362 Lucani
1192 1301 1231 1360 de
1246 1311 1340 1379 pocta
1355 1322 1410 1360 suo

268 1407 411 1466 fabulari.
456 1405 537 1482 quod
572 1405 611 1464 de
637 1408 765 1465 ercano
799 1379 996 1463 commentum
1027 1424 1093 1462 cnm
1123 1423 1216 1485 supra
1246 1403 1410 1482 antiquiori

270 1498 362 1565 aetati
383 1507 618 1600 pestituerimus,
639 1526 699 1565 non
723 1516 771 1565 est
789 1506 926 1584 profecto
949 1525 1002 1563 cur
1022 1505 1126 1563 Pocae
1150 1525 1179 1582 p.
1197 1513 1246 1575 69,
1263 1514 1297 1566 ῦὸ
1320 1503 1410 1562 fidem

270 1608 455 1683 denegemus
465 1652 471 1679 ‚
488 1610 585 1684 ipsum
600 1607 678 1664 haec
693 1606 731 1664 de
747 1607 886 1683 Vergilio
902 1627 961 1665 non
977 1606 1115 1665 finxisse.

355 1709 496 1767 Ceterum
519 1709 583 1766 vita
604 1709 706 1766 Pocae
726 1728 787 1766 non
809 1709 929 1785 integra
947 1707 986 1765 ed
1007 1728 1062 1765 nos
1084 1708 1239 1787 pervenit,
1261 1705 1410 1786 siquidem

269 1832 299 1889 p.
319 1816 354 1870 70
367 1830 395 1865 v.
415 1818 446 1870 13
461 1829 506 1887 sq.
523 1817 595 1867 etv.
614 1816 646 1871 27
663 1830 725 1889 sq„
749 1810 877 1888 quinon
894 1810 1003 1868 conexi
1020 1810 1081 1869 sint
1096 1829 1163 1867 oum
1179 1810 1299 1881 ceteris,
1319 1810 1411 1866 inter·

269 1911 367 1991 palati
389 1919 468 1969 sunt.
507 1930 634 1989 quarum
657 1912 739 1988 prior
760 1910 1030 1988 interpolationum
1048 1930 1152 1969 rursus
1174 1909 1287 1989 duplex
1315 1930 1411 1986 genus

270 2012 483 2071 emblematum
501 2014 676 2088 procreavit
695 2033 725 2069 v.
743 2020 862 2074 15-17,
889 2021 1061 2081 v.18-25;
1084 2020 1181 2070 ortum
1202 2032 1277 2071 varo
1298 2012 1409 2071 utrum·

271 2132 329 2191 que
358 2112 460 2171 studio
493 2113 737 2190 Vergilianorum
763 2134 905 2174 versuum
930 2113 1153 2173 imitandorum.
1202 2110 1316 2172 deinde
1346 2114 1412 2172 vita

270 2215 373 2272 Focae
397 2215 621 2283 finetruncata
643 2224 698 2273 est.
738 2215 820 2294 quod
845 2215 986 2273 damnum
1010 2235 1069 2273 non
1089 2215 1252 2274 resarcitur
1272 2214 1411 2273 versibus

271 2315 335 2391 (289
357 2315 405 2373 ed.
428 2312 577 2393 Meyer),
604 2316 714 2394 quibus
739 2316 862 2375 inscribi
887 2316 980 2375 solet:
1021 2320 1136 2375 Phocoe
1170 2319 1353 2391 yrammatiet
1373 2333 1412 2373 ex

270 2422 331 2474 uita
363 2418 480 2490 Veranii
500 2418 705 2491 srupmentum.
752 2418 784 2475 hi
810 2419 889 2475 enim
915 2417 991 2477 nihil
1019 2431 1089 2478 sunt
1112 2419 1171 2478 nisi
1191 2419 1319 2476 imitatio
1344 2438 1410 2476 ver·

270 2538 371 2591 suum,
400 2537 479 2596 quae
503 2518 535 2575 in
562 2519 739 2595 anthologia
768 2517 820 2596 (ΙΙ
847 2527 898 2580 184
925 2518 1047 2597 Burm.)
1076 2518 1247 2580 Octaviano
1274 2519 1413 2595 Augusto

272 2618 501 2691 adscribuntur,
535 2618 643 2697 quibus
671 2639 774 2677 rursus
803 2640 909 2679 versus
936 2620 982 2679 illi
1004 2621 1122 2701 Sulpici
1150 2620 1412 2697 Carthaginiensis

268 2721 409 2797 expressi
437 2728 516 2778 sunt.
562 2720 622 2777 iarn
650 2740 717 2777 curn
743 2722 834 2778 tertia
860 2730 945 2780 extet
966 2722 1132 2781 eorundem
1153 2723 1282 2781 imitatio
1303 2722 1346 2781 sic
1367 2723 1411 2780 io·

271 2822 386 2897 scripta
407 2823 531 2875 eiusdem
555 2817 697 2896 (Pocae)
718 2825 838 2877 imitatio
860 2838 997 2879 uersuum
1021 2825 1143 2895 Sulpicii
1157 2826 1411 2897 Carttayr'niensis,

271 2939 331 2978 non
352 2916 542 2995 inprobabile
565 2929 626 2991 est,
650 2919 729 2977 haec
752 2919 811 2979 tria
834 2923 968 2979 carmina
992 2921 1129 2982 diversas
1151 2923 1412 2983 scholiasticorum

271 3020 465 3099 recensiones
482 3037 550 3077 esse
562 3018 650 3076 unius
669 3020 866 3101 eiusdemque
879 3022 1070 3095 imitationis,
1087 3043 1178 3102 quam
1189 3024 1289 3080 Pocae
1305 3023 1336 3079 iu
1353 3025 1411 3081 linc

274 3121 353 3178 vitae
373 3126 519 3198 posuerat
538 3120 581 3177 ita
601 3128 633 3177 ut
654 3120 825 3198 Augustum
847 3124 879 3181 in
899 3122 954 3181 hos
978 3141 1085 3180 versus
1106 3130 1350 3202 prorumpentem
1366 3123 1410 3179 in·

274 3220 408 3279 duceret.

357 3322 426 3401 Hae
447 3331 518 3381 sunt
540 3324 622 3381 vitae
641 3332 815 3403 poetarum,
838 3344 918 3404 quae
941 3324 1045 3403 aliquo
1067 3323 1156 3383 modo
1178 3344 1244 3382 cum
1266 3324 1412 3383 memoria

273 3425 463 3486 Suetoniana
481 3424 673 3483 cohaereant.
708 3447 779 3485 nam
794 3428 858 3486 vita
873 3426 1045 3498 Iuvenalis,
1067 3428 1120 3507 qui
1138 3434 1262 3505 poetae
1281 3434 1412 3504 conputo

191 3534 194 3539 '
272 3527 481 3604 Borghesiano
496 3525 654 3585 Hadriano
677 3539 825 3605 regnante
848 3537 967 3589 saturas
986 3527 1097 3602 edidit,
1120 3548 1187 3587 cum
1210 3529 1286 3588 fines
1303 3526 1411 3588 Sueto·

272 3629 357 3687 niani
372 3627 443 3686 libri
458 3626 600 3699 excedat,
618 3627 764 3688 Suetonio
782 3629 930 3689 vindicari
945 3630 1062 3708 nequit.
1094 3649 1154 3689 nec
1169 3630 1414 3689 commemoravit

273 3750 341 3788 eum
364 3730 394 3787 in
416 3730 623 3806 praefatione,
646 3730 698 3788 ubi
718 3731 981 3810 satiricos‘poatas
1005 3740 1171 3790 enumerat.
1210 3731 1412 3791 recentiorem

272 3831 364 3888 etiam
389 3829 536 3905 originem
558 3830 666 3890 Horati
694 3851 770 3909 quas
796 3852 889 3910 supra
915 3841 1038 3910 praeter
1060 3830 1278 3891 Suetonianam
1305 3841 1412 3891 extare

272 3928 336 3987 dixi
353 3931 435 3988 vitae
451 3931 600 4005 referunt,
626 3930 665 3990 ad
685 3953 761 4012 quas
778 3930 1004 3992 concinnandas
1025 3932 1091 3991 sola
1109 3941 1219 4012 poetae
1241 3933 1413 3992 testimonia

273 4029 409 4089 adbibita
440 4040 519 4090 sunt.
572 4031 709 4092 eiusdem
737 4036 861 4110 generis
893 4042 963 4092 sunt
987 4035 1070 4092 vitae
1100 4033 1218 4093 Tibulli
1248 4044 1279 4093 et
1309 4033 1412 4108 Ovidi,

273 4151 401 4211 quarum
416 4132 470 4190 illa
486 4132 608 4211 quidam
629 4136 846 4213 epigrammate
866 4136 979 4194 Domiti
993 4134 1104 4208 Marsi,
1131 4135 1212 4213 quod
1230 4135 1413 4197 carminibus

271 4240 383 4310 poetae
397 4233 429 4290 in
445 4231 530 4292 libris
545 4236 699 4311 praemitti
714 4236 765 4296 vel
782 4238 925 4320 postponi
940 4237 1033 4307 solet,
1049 4256 1105 4296 usa
1120 4246 1175 4297 est.
1212 4237 1327 4295 nullam
1340 4255 1414 4295 vere

273 4334 484 4427 auctoritatem
516 4334 630 4394 habent
656 4338 739 4397 vitae
768 4337 860 4397 Ovidi
888 4347 919 4397 et
948 4339 1081 4412 Lucani,
1113 4358 1189 4417 quas
1215 4339 1356 4417 antiquas
1383 4346 1413 4397 et

272 4434 421 4513 Pomponi
440 4436 531 4495 Laeti
555 4457 623 4496 esse
639 4438 829 4498 Burmannus
851 4438 958 4499 codam
974 4459 1066 4498 versu
1086 4438 1169 4499 dicit.
1212 4458 1338 4519 quarum
1360 4456 1413 4497 na·
1474 4440 1478 4447 '
