3218 5000
452 398 685 443 strenuissima
709 402 798 444 alant
820 404 864 444 DE
887 404 973 447 ANNO
996 405 1203 451 nouanoavn
1335 388 1391 454 ¹8¹

254 549 323 600 mins
349 549 511 601 tantundem
536 554 568 600 et
593 556 739 616 praeterea
767 553 825 603 diei
850 559 956 619 partem
988 556 1173 619 oeDCXXlII,
1204 560 1297 610 Meton
1327 577 1394 612 uero

173 640 181 660 ι
254 617 399 668 CCCLXV
410 624 437 667 et
450 617 555 667 dieram
566 619 684 683 quinque
695 621 947 671 undeuicensimam
958 629 1075 688 partem,
1084 626 1241 691 Oenopides
1249 629 1394 678 CCCLXV

254 691 282 735 et
300 686 404 735 dierum
423 686 504 735 dnum
523 690 552 736 et
569 687 669 751 uiginti
687 694 795 752 partem
813 690 1122 755 undesexagensirnam,
1141 694 1281 759 Harpalus
1301 702 1394 746 autem

254 752 399 803 CCCLXV
422 758 450 802 et
473 753 555 803 horas
578 755 797 818 aequinoctiales
819 757 901 821 XIII,
928 760 957 807 at
979 766 1072 808 noster
1094 761 1200 811 Ennius
1224 763 1393 814 CCCLXVI.

252 820 276 872 3.
290 820 573 886 pleriquepraeterea
586 823 1044 889 incomprehensibilequiddamet
1058 828 1258 879 inenuntiabiie
1273 846 1333 880 esse
1347 847 1394 881 ex·

253 888 455 945 istimauernnt,
475 889 525 938 sed
542 905 592 954 pro
610 905 676 939 uero
695 891 766 954 quod
784 893 935 955 proximum
954 894 1090 957 putabant
1108 896 1227 960 amplexi
1240 904 1312 953 sunt.
1333 897 1392 947 dies

252 955 364 1006 scilicet
375 954 530 1005 CCCLXV.
560 957 584 1005 4.
597 958 687 1020 Igitur
698 973 759 1007 curn
773 964 852 1008 tanta
870 960 942 1009 Inter
959 962 1033 1011 uiros
1045 962 1218 1013 doctissimos
1238 965 1322 1014 irretit
1339 966 1393 1015 dis·

252 1024 354 1083 sensio,
374 1023 438 1087 qnid
456 1025 554 1073 mirum
572 1024 596 1073 si
614 1025 679 1074 anni
699 1025 805 1088 ciuiles,
827 1042 893 1090 qnos
911 1027 1040 1077 diuersae
1059 1031 1190 1080 ciuitates
1209 1032 1289 1081 rudes
1308 1034 1394 1085 etiam

253 1096 309 1140 tum
333 1088 388 1140 sibi
412 1106 535 1155 quaeque
554 1092 729 1154 statuebant,
755 1100 811 1144 tam
834 1095 908 1143 inter
931 1110 962 1144 se
985 1096 1143 1161 discrepent
1165 1114 1245 1162 qnam
1265 1115 1326 1148 cum
1344 1099 1392 1150 illo

252 1157 375 1207 naturali
393 1174 448 1207 non
461 1161 633 1223 congruant?
651 1164 680 1209 et
698 1162 726 1208 in
738 1161 864 1226 Aegypto
884 1163 991 1227 quidem
1005 1164 1227 1229 antiquissimum
1239 1167 1331 1217 serunt
1344 1183 1391 1217 an·

252 1241 315 1275 num
334 1232 499 1276 menstruum
512 1227 608 1287 fuisse,
628 1234 691 1291 post
702 1228 802 1277 deinde
815 1229 850 1279 ab
862 1230 943 1281 leone
961 1247 1026 1296 rege
1040 1232 1264 1296 quadrimestrem
1277 1234 1390 1298 iactum,

251 1294 400 1343 nouissime
419 1295 550 1343 Armiuon
569 1294 604 1343 ad
621 1295 755 1345 tredecim
773 1312 882 1346 menses
900 1303 929 1347 et
947 1298 1006 1348 dies
1025 1301 1144 1363 qulnque
1163 1301 1335 1365 perduxisse.
1366 1302 1391 1352 5.

251 1361 318 1410 itern
336 1361 365 1409 in
382 1360 490 1427 Achaia
507 1361 631 1412 Arcades
649 1364 814 1413 trimestrem
833 1380 935 1413 annum
953 1367 1039 1430 primo
1058 1367 1189 1417 habuisse
1209 1368 1344 1431 dicuntur,
1364 1374 1393 1418 et

252 1429 287 1477 ob
305 1428 334 1477 id
350 1428 515 1544 proselenoe
534 1429 678 1494 appellati,
698 1446 753 1479 non
771 1438 801 1481 ut
819 1431 929 1495 qnidam
948 1439 1059 1497 putant,
1084 1435 1154 1499 qnod
1174 1441 1239 1485 ante
1257 1437 1313 1485 sint
1329 1437 1391 1486 nati

252 1510 333 1560 quam
362 1510 434 1545 unae
453 1502 556 1546 astrum
574 1496 654 1546 caelo
673 1503 756 1559 esset,
775 1498 824 1547 sed
843 1500 912 1563 qnod
931 1501 1005 1565 prins
1023 1501 1171 1552 habuerint
1189 1518 1290 1552 aunum
1309 1519 1390 1567 quam

250 1563 275 1613 is
292 1563 320 1612 in
334 1562 454 1613 Graecia
472 1565 507 1613 ad
525 1563 607 1614 lunae
627 1580 735 1615 cursum
754 1568 975 1617 constitueretur.
1006 1568 1031 1616 u.
1050 1576 1113 1618 srmt
1131 1571 1176 1633 qni
1195 1571 1307 1620 tradunt
1318 1571 1391 1621 hunc

252 1644 353 1680 annum
376 1631 541 1681 trimestrem
564 1632 668 1681 Horum
696 1634 865 1693 instituisse,
895 1652 981 1699 coque
1004 1652 1054 1686 ner
1077 1641 1212 1687 aestatem
1232 1642 1391 1687 autumnum

250 1697 368 1747 hiemem
386 1687 461 1775 ὅρᾳς
480 1703 508 1748 et
522 1713 627 1776 ‘annum
645 1686 720 1763 ὦρον
738 1701 801 1761 dici,
822 1708 850 1751 et
863 1702 986 1753 Graecos
999 1704 1116 1754 annales
1134 1690 1225 1766 docos
1244 1721 1391 1770 eorumque

250 1766 399 1831 scriptores
417 1781 613 1831 ωρογραφους.
650 1769 745 1832 itaque
769 1775 898 1832 quattuor
921 1786 1053 1821 annorum
1074 1772 1218 1822 circuitum
1237 1774 1265 1821 in
1283 1774 1391 1822 modum

249 1834 450 1898 peutaeteridis
464 1850 564 1883 annum
577 1850 706 1901 magnum
719 1836 860 1886 dicebant.
889 1838 914 1886 7.
929 1838 1015 1889 Cares
1028 1845 1119 1888 autem
1136 1846 1164 1888 et
1176 1841 1337 1890 Acarnanes
1348 1856 1392 1889 se-

251 1906 367 1952 mestres
390 1900 545 1951 hahuerunt
563 1917 651 1953 annos
673 1904 746 1953 int-er
763 1918 793 1952 se
813 1902 975 1965 dissimiles,
1000 1904 1098 1970 quibus
1121 1906 1238 1956 alternis
1260 1907 1319 1957 dies
1344 1923 1391 1957 au-

250 1974 398 2033 gescerent
422 1974 471 2019 ant
493 1977 687 2033 senescerent,
712 1986 813 2035 cosque
838 1974 999 2023 coniunctos
1021 1973 1099 2022 uelut
1122 1974 1266 2023 trieterida
1288 1989 1391 2023 annum

250 2051 387 2100 magnum.
406 2037 464 2085 XX.
496 2036 550 2087 Sed
573 2043 606 2086 ut
622 2038 672 2087 hos
691 2053 779 2088 annos
802 2041 927 2088 omittam
950 2040 1073 2105 caligine
1099 2041 1153 2089 iam
1171 2041 1325 2104 profundae
1343 2057 1390 2091 ue-

250 2104 364 2153 tustatis
382 2104 530 2165 obductos,
556 2104 584 2154 iu
607 2105 650 2154 his
675 2121 782 2170 quoquc
805 2107 851 2170 qui
874 2113 938 2156 sunt
959 2108 1123 2156 recentioris
1141 2110 1290 2158 memoriae
1309 2114 1337 2157 et
1356 2109 1391 2158 ad

251 2186 359 2220 cursum
376 2170 461 2223 lunae
479 2172 524 2222 uel
543 2173 610 2223 solis
628 2174 749 2223 Instituit
774 2180 877 2237 quanta
901 2175 938 2222 sit
959 2175 1097 2235 uarietas,
1123 2174 1209 2224 focile
1228 2181 1271 2224 est
1289 2192 1390 2241 cogno-

250 2254 342 2298 scere,
366 2238 390 2288 ei
415 2240 475 2303 qnia
498 2239 543 2290 uel
567 2241 595 2289 in
613 2241 694 2290 unius
713 2241 814 2290 Italiae
833 2238 962 2303 gentibus
985 2256 1020 2290 ne
1038 2241 1130 2291 dicam
1149 2244 1303 2307 peregrinIs
1322 2243 1391 2293 uelit

249 2305 396 2370 inquirere.
433 2323 496 2356 nam
518 2312 549 2357 ut
572 2308 656 2357 alium
674 2309 818 2358 Ferentini
842 2307 925 2357 alium
948 2308 1062 2358 Lauinii
1085 2309 1205 2373 itemque
1223 2309 1325 2360 Albani
1344 2309 1390 2359 uel

249 2373 367 2423 Romani
390 2373 547 2425 habuerunt
570 2390 683 2435 annum,
708 2376 751 2424 ita
774 2380 802 2423 et
825 2374 899 2424 aliae
922 2380 1029 2439 gentes.
1070 2377 1195 2425 omnibns
1218 2382 1312 2426 tamen
1335 2378 1390 2427 fuit

248 2442 417 2505 propositum
440 2457 504 2491 suos
527 2442 627 2493 ciuiles
650 2458 736 2492 annos
759 2443 839 2491 uarie
863 2442 1063 2492 intercalandis
1086 2444 1226 2493 mensibus
1249 2444 1284 2494 ad
1306 2459 1390 2493 unum

249 2507 326 2557 illum
339 2523 432 2558 uerum
444 2510 651 2574 naturalemque
665 2510 812 2574 corrigere.
836 2508 859 2557 2.
880 2510 914 2559 de
927 2510 1025 2574 quibus
1038 2511 1164 2560 omnibus
1176 2511 1310 2561 disserere
1325 2527 1390 2575 qno·

248 2576 323 2625 niam
341 2576 451 2641 longum
470 2583 526 2637 est,
551 2578 586 2627 ad
604 2578 787 2629 Romanorum
812 2592 912 2627 annum
933 2579 1120 2627 transibimus.
1156 2578 1261 2629 Annum
1281 2585 1390 2628 uerten-

249 2650 304 2692 tem
323 2644 426 2693 Romae
438 2645 564 2695 Licinius
582 2644 691 2709 quidem
703 2646 801 2695 Macer
818 2649 847 2693 et
864 2651 963 2709 postea
974 2645 1135 2695 Fenestella
1151 2647 1247 2696 statim
1260 2647 1295 2696 ab
1309 2647 1390 2696 initio

249 2709 393 2761 duodecim
417 2727 540 2761 mensum
563 2713 649 2761 luisse
673 2714 857 2777 scripserunt:
886 2712 934 2762 sed
958 2714 1046 2777 magis
1070 2713 1149 2762 Iunio
1172 2712 1344 2763 Gracchano
1362 2718 1390 2763 et

248 2777 348 2827 Fuluio
367 2784 395 2828 et
412 2779 531 2828 Varroni
549 2786 577 2828 et
594 2779 725 2829 Suetonio
748 2779 865 2845 aliisque
885 2780 1064 2840 credendum,
1090 2781 1134 2844 qui
1153 2781 1248 2830 decem
1267 2797 1389 2832 mensum

249 2852 416 2909 putauerunt
434 2846 534 2905 tuisse,
553 2853 584 2895 ut
601 2851 667 2897 tnnc
680 2847 796 2896 Albanis
814 2853 876 2897 erat
893 2848 964 2897 unde
983 2849 1036 2897 orti
1048 2848 1174 2898 Romani.
1210 2848 1233 2898 3.
1247 2849 1276 2898 hi
1294 2850 1390 2899 decem

251 2928 358 2964 menses
381 2913 441 2963 dies
461 2913 587 2964 CCCIIII
605 2914 658 2964 hoc
672 2915 751 2964 modo
764 2915 920 2964 habebant:
938 2916 1055 2965 Martius
1067 2916 1167 2975 XXXI,
1187 2915 1290 2980 Aprilis
1302 2916 1389 2978 XXX,

250 2980 339 3033 Maius
357 2981 466 3041 XXXI,-
484 2981 578 3031 Iunius
596 2982 686 3043 XXX,
713 2982 844 3044 Quintilis
862 2982 962 3041 XXXI,
982 2982 1096 3032 Sextilis
1116 2989 1144 3032 et
1161 2983 1325 3048 September
1341 2984 1389 3033 tri-

250 3063 343 3110 cenos,
361 3048 484 3098 October
502 3049 606 3111 XXXI,
626 3050 780 3099 Nouember
799 3055 827 3099 et
844 3050 1001 3100 December
1019 3051 1154 3101 tricenos:
1180 3066 1292 3114 quonam
1310 3056 1390 3115 quat·

248 3120 311 3165 tuor
329 3116 447 3165 maiores
465 3115 540 3181 pleni
558 3119 646 3167 ceteri
664 3132 713 3167 sex
730 3119 795 3166 caui
812 3117 993 3167 uocabantur.
1028 3119 1052 3166 l.
1073 3124 1171 3182 postea
1189 3119 1248 3167 sine
1268 3134 1285 3167 a
1301 3119 1390 3167 Numa

248 3190 279 3232 nt
297 3184 338 3231 ait
356 3184 470 3232 Fuluius
487 3184 546 3234 siue
564 3190 595 3234 ut
613 3185 707 3234 Iunius
726 3201 743 3233 a
760 3185 910 3249 Tarquinio
928 3186 981 3234 XII
1001 3185 1070 3234 facti
1088 3191 1151 3235 sunt
1163 3200 1272 3235 menses
1290 3192 1318 3234 et
1330 3185 1390 3234 dies

248 3251 383 3312 CCCLV,
409 3251 533 3315 quamuis
557 3250 622 3301 luna
646 3253 701 3303 XII
727 3253 785 3301 suis
808 3253 949 3302 mensibus
973 3253 1126 3302 CCCLIIII
1155 3252 1214 3302 dies
1242 3252 1390 3302 uidebatur

249 3318 369 3383 explere.
406 3318 455 3368 sed
473 3324 502 3368 ut
520 3334 589 3369 unus
607 3320 668 3369 dies
687 3318 842 3369 abundaret
860 3325 909 3369 aut
927 3336 976 3384 per
994 3319 1205 3384 imprudentiam
1220 3320 1323 3369 accidit
1342 3324 1390 3368 aut

249 3386 320 3449 quod
337 3386 425 3449 magis
444 3386 526 3454 credo
545 3403 580 3437 ea
598 3388 793 3451 superstitione
812 3402 865 3451 qua
884 3388 972 3453 impar
995 3401 1122 3436 numerus
1140 3386 1237 3451 plenus
1255 3394 1284 3436 ct
1301 3386 1390 3451 magis

248 3454 355 3505 sanstus
368 3454 531 3503 habebatur.
566 3453 591 3503 5.
606 3460 681 3503 certe
700 3454 735 3504 ad
748 3468 848 3504 annum
860 3456 977 3520 priorem
996 3470 1064 3504 unus
1078 3460 1106 3502 et
1118 3455 1317 3519 quinquaqinta
1330 3454 1390 3503 dtes

247 3527 441 3572 accesserunt:
462 3522 507 3585 qui
526 3523 592 3585 quia
610 3537 719 3571 menses
737 3522 790 3571 dno
808 3536 862 3571 nou
881 3521 1031 3586 explerent,
1052 3536 1101 3571 sex
1119 3522 1174 3570 illis
1194 3522 1271 3570 cauis
1289 3521 1388 3570 mensi·

247 3588 298 3638 bns
315 3589 375 3638 dies
388 3594 452 3638 sirnt
463 3588 566 3654 singuli
583 3589 702 3638 detracti
722 3595 750 3639 et
768 3589 803 3639 ad
822 3605 869 3639 eos
888 3589 984 3650 additi,
1005 3589 1127 3651 factique
1141 3588 1201 3638 dies
1211 3588 1288 3637 LVII
1307 3592 1335 3637 et
1353 3604 1387 3637 ex

246 3656 290 3706 his
307 3656 360 3705 duo
379 3671 488 3705 menses
507 3657 651 3706 Ianuarius
669 3656 857 3721 undetriginta
874 3657 977 3706 dIcrnm
990 3655 1157 3705 Februarius
1170 3655 1385 3721 duodetriginta.

248 3729 330 3788 atque
357 3725 398 3773 ita
416 3738 511 3775 omnes
528 3739 636 3774 menses
655 3724 729 3789 pleni
748 3728 777 3773 et
795 3725 884 3789 inpari
907 3724 1011 3773 dierum
1029 3737 1141 3773 numero
1160 3738 1221 3772 esse
1239 3728 1390 3787 coeperunt

248 3798 364 3856 excepto
382 3791 534 3843 Februario
553 3792 599 3856 qui
618 3790 691 3841 aolus
711 3808 796 3842 caune
815 3797 842 3841 et
865 3792 900 3841 ob
924 3792 976 3841 hoc
994 3790 1096 3841 ceteris
1115 3790 1263 3840 infacetior
1280 3796 1323 3840 est
1340 3790 1389 3840 ha·

247 3859 330 3909 bitus.
365 3858 390 3907 6.
410 3859 527 3924 denique
551 3874 611 3911 cum
634 3859 842 3909 intercalarium
860 3875 981 3909 mensem
1004 3859 1105 3921 uiginti
1124 3858 1204 3908 duum
1223 3859 1267 3908 uel
1288 3858 1391 3923 uiginti

247 3927 328 3976 trium
347 3927 452 3977 diemm
471 3927 587 3976 alternis
606 3928 686 3976 annis
706 3927 770 3977 addi
788 3926 951 3992 placuisset,
976 3932 1007 3975 ut
1029 3926 1121 3976 ciuilis
1145 3942 1233 3976 annus
1257 3926 1292 3977 ad
1309 3931 1389 3975 natu·

248 3993 333 4045 ratem
353 4002 562 4058 exaequaretur,
583 3995 611 4045 in
628 4010 721 4045 mense
740 3994 911 4060 potissimum
927 3994 1081 4053 Februario
1099 3995 1171 4044 inter
1190 3992 1348 4044 terminalia
1361 3996 1390 4042 et

247 4063 415 4128 regifugium
428 4061 623 4112 intercalatum
641 4068 692 4121 ost,
712 4062 792 4127 idque
812 4062 858 4111 din
877 4063 981 4112 factum
999 4062 1156 4126 priusquam
1174 4063 1323 4112 sentiretur
1341 4075 1389 4109 an-

247 4145 297 4180 nos
316 4128 413 4180 ciuiles
432 4129 575 4193 aliquanto
594 4131 766 4179 naturalibus
791 4145 851 4179 esse
875 4129 1003 4178 maiores.
1040 4128 1110 4193 quod
1134 4128 1264 4179 delictum
1281 4134 1312 4177 ut
1330 4142 1389 4177 cor-

248 4198 395 4262 rigeretur,
420 4196 598 4261 pontificibus
621 4198 714 4246 datum
732 4196 873 4259 negotium
897 4211 1043 4259 eommque
1067 4196 1181 4245 arbitrio
1204 4194 1389 4245 intercalandi

248 4266 319 4314 ratio
332 4265 475 4329 permissa.
500 4264 524 4313 7.
537 4265 587 4315 sed
599 4265 693 4313 horum
707 4265 828 4329 plerique
842 4263 876 4312 ob
890 4264 981 4313 odium
993 4263 1038 4312 uel
1051 4265 1180 4325 gratiam,
1193 4279 1245 4327 qno
1259 4263 1319 4325 quis
1331 4275 1388 4309 ma·

248 4335 368 4394 gistratn
388 4333 471 4382 citius
491 4332 582 4382 abiret
594 4331 732 4380 dintinsue
745 4331 907 4394 fungeretur
925 4336 974 4379 aut
991 4330 1096 4395 publici
1108 4330 1265 4393 redemptor
1278 4343 1310 4376 ex
1323 4328 1389 4376 anni

247 4399 439 4463 magnitudine
458 4401 486 4449 in
505 4399 581 4453 lucro
600 4400 734 4448 damnose
754 4402 844 4459 esset,
862 4397 923 4462 plus
941 4398 1065 4447 minusue
1084 4413 1118 4446 ex
1135 4396 1249 4449 libidine
1268 4396 1388 4444 interea·
