3218 5000
236 381 298 447 230
741 397 875 439 rrrsrvu

235 545 387 611 dissoluit
414 552 533 609 cuncta
563 544 670 631 adque
701 543 855 608 desiccat.
904 559 1016 608 svnvs
1043 566 1086 609 ex
1114 544 1247 609 sinistro
1278 543 1380 613 latere

235 649 371 711 ueniens
403 646 569 711 subsolani
599 654 743 710 arentem
769 654 890 710 terram
917 644 1061 709 nubibus
1089 646 1221 730 inrigat.
1263 646 1380 709 tertius

234 756 405 811 uentorum
427 764 564 811 avsrlsa
585 747 703 834 plagas
728 746 929 810 meridianae
953 745 1147 828 cardinalis,
1179 748 1235 831 qui
1264 757 1297 811 et
1318 763 1380 810 no·

233 864 313 927 sva,
338 871 379 912 ex
402 847 518 913 humili
539 847 624 911 flans
648 847 801 912 humidus
823 846 951 911 calidus
971 847 1078 933 adque
1103 847 1296 925 fulmineus,
1324 869 1379 933 ge·

233 973 352 1015 nerano
371 950 480 1034 largas
495 949 602 1013 nubes,
612 957 645 1013 et
661 948 790 1035 pluuias
805 947 992 1029 latissimas,
1013 949 1144 1013 soluens
1161 950 1258 1013 etiam
1269 948 1402 1013 floreas

233 1067 463 1114 svaoavsrsa
478 1050 604 1115 calidus
615 1059 733 1115 uentus
747 1072 767 1113 a
779 1049 905 1115 dextris
917 1050 1072 1113 intonans
1086 1050 1201 1113 austri.
1231 1064 1380 1114 avsrso·

233 1168 378 1215 armcvs
401 1163 517 1217 uentus
538 1161 737 1239 temperatus
762 1150 888 1217 calidus
912 1172 938 1215 a·
954 1152 1097 1215 sinistris
1113 1151 1217 1214 austri
1239 1150 1378 1237 spirans.

234 1363 261 1405 ct
281 1357 327 1421 qui
346 1356 436 1407 locum
455 1359 483 1408 in
507 1358 556 1407 illa
574 1373 666 1423 pugna
690 1372 745 1406 non
767 1357 867 1406 hahuit
885 1355 988 1422 squillo.
1025 1356 1137 1421 quidam
1155 1356 1217 1407 illos
1236 1356 1379 1406 duodecim

233 1425 354 1473 faciunt:
379 1431 496 1489 quatuor
519 1426 592 1475 enirn
612 1425 685 1475 caeli
708 1431 802 1490 partes
820 1426 849 1473 in
868 1430 962 1475 ternas
986 1423 1114 1473 diuidnnt
1133 1430 1161 1474 et
1178 1423 1295 1540 sinqulis
1313 1439 1379 1474 uen-

233 1492 269 1541 tis
292 1492 372 1541 binos
396 1494 607 1558 srrbpraeseetos
634 1493 710 1542 dant.
747 1493 800 1543 hac
824 1497 885 1542 arte
903 1492 991 1540 Varro
1014 1492 1058 1540 uir
1076 1491 1197 1557 diligens
1222 1491 1284 1541 ilos
1308 1492 1378 1542 ordi-

232 1565 282 1608 nat
304 1575 356 1608 nec
374 1561 434 1609 sine
458 1576 553 1610 carisa.
594 1576 649 1609 non
677 1562 750 1609 enim
774 1559 869 1609 eodem
892 1559 953 1609 loeo
972 1574 1081 1623 semper
1102 1559 1144 1609 sol
1162 1560 1248 1609 oritur
1267 1564 1315 1608 arat
1334 1576 1379 1610 oc-

233 1626 315 1685 cidit,
341 1628 389 1680 sed
413 1627 485 1677 alius
509 1634 551 1677 est
578 1633 653 1677 ortus
677 1642 848 1691 occasusque
868 1626 1092 1691 aequinoctialis,
1111 1627 1154 1676 bis
1174 1633 1266 1676 autem
1285 1628 1378 1691 aequi-

232 1695 354 1744 noctium
380 1702 435 1753 cst‚
466 1695 538 1745 alius
560 1694 719 1745 solstitialis
749 1693 819 1744 alius
841 1694 982 1743 hibernus.
1028 1694 1073 1758 qui
1097 1694 1186 1758 surgit
1208 1694 1243 1743 ab
1273 1695 1378 1744 oriente

233 1761 446 1825 aequinoctiali,
476 1763 641 1812 subsolanus
671 1761 743 1827 apud
771 1777 819 1812 nos
843 1762 959 1823 dicitur,
990 1758 1092 1811 Gracci
1115 1760 1192 1811 illmn
1220 1760 1379 1826 aphelioten

231 1834 341 1878 uocant.
389 1831 423 1878 ab
452 1832 558 1879 oriente
587 1831 702 1881 hiberno
728 1845 808 1878 eurus
832 1830 904 1891 erit,
935 1844 1014 1893 quem
1039 1830 1125 1877 nostri
1156 1844 1303 1881 uocauere,
1321 1828 1378 1878 uol-

230 1900 346 1945 tnruum.
372 1904 399 1946 et
421 1898 519 1947 Liuius
542 1897 593 1947 hoc
618 1898 694 1947 illum
718 1897 829 1946 nomine
854 1896 977 1961 adpellat
1000 1897 1028 1962 in
1052 1895 1103 1945 illa
1129 1911 1223 1962 pugna
1240 1894 1378 1947 Romano·

229 1978 286 2011 rum
305 1979 403 2028 parurn
420 1981 566 2030 prospera,
591 1967 619 2015 iu
642 1980 695 2029 qua
714 1963 857 2013 Hannibal
876 1969 905 2013 et
923 1969 1020 2013 eontra
1039 1963 1125 2012 solem
1148 1965 1283 2013 orientem
1301 1980 1378 2013 ener-

229 2031 315 2079 citnm
328 2038 449 2081 nostrum
468 2040 496 2081 ot
514 2038 610 2083 contra
628 2038 740 2082 uentum
760 2033 919 2091 constituit,
942 2037 999 2080 tum
1022 2031 1099 2080 uenti
1124 2031 1260 2080 adiutorio
1278 2045 1311 2080 ac
1325 2030 1379 2080 ful-

230 2099 304 2162 goris
324 2101 555 2163 praestringentis
579 2100 673 2149 oeulos
695 2099 815 2149 hostium
838 2100 916 2149 uicit.
957 2099 1044 2148 Varro
1068 2114 1175 2163 qnoque
1202 2098 1255 2147 hoc
1279 2114 1379 2148 nomen

227 2172 350 2230 usurpat.
388 2167 437 2216 scd
456 2176 484 2216 et
503 2183 583 2217 eurus
602 2169 657 2218 iam
676 2167 792 2216 ciuitate
811 2165 929 2216 donatus
948 2172 990 2215 est
1014 2171 1043 2215 et
1065 2172 1158 2215 nostro
1181 2167 1308 2219 sermoni,
1323 2182 1379 2216 non

227 2239 370 2298 tamquam
395 2235 502 2283 alienus
526 2235 684 2285 interuenit.
727 2235 762 2283 ab
786 2234 892 2284 oriente
916 2233 1060 2283 solstitiali
1083 2234 1234 2302 excitatum
1258 2232 1379 2285 καικίαν

230 2300 332 2351 Graeci
357 2301 514 2366 adpellant,
540 2302 613 2367 apud
636 2317 685 2352 nos
711 2302 772 2351 sine
791 2302 902 2351 nomine
926 2306 976 2350 est.
1015 2301 1229 2366 aequinoctialis
1248 2302 1379 2352 occidens

229 2368 373 2418 fauoriium
398 2370 495 2431 mittit,
525 2386 605 2435 quem
629 2369 776 2433 zephyrum
800 2385 860 2418 esse
885 2369 980 2419 dicent
1003 2369 1056 2418 tihi
1080 2369 1178 2431 etiarn,
1205 2369 1251 2432 qui
1271 2368 1378 2419 Graece

229 2436 359 2485 nesciunt
383 2437 467 2501 loqui.
504 2453 520 2486 a
539 2436 683 2487 solstitiali
707 2436 852 2486 occidente
877 2452 957 2486 corus
974 2437 1066 2498 uenit,
1091 2438 1138 2500 qui
1157 2437 1229 2500 apud
1248 2438 1379 2501 quosdam

231 2509 356 2567 argestes
380 2505 494 2554 dicitur:
519 2505 587 2554 milri
611 2521 664 2557 non
683 2504 806 2565 uidetur,
832 2505 897 2569 quia
919 2504 977 2554 cori
1000 2504 1125 2554 uiolenta
1149 2504 1192 2553 nis
1211 2508 1254 2554 est
1272 2509 1300 2553 et
1318 2510 1376 2554 tam

229 2572 359 2621 euntibus
384 2573 533 2621 communis
561 2588 642 2636 quam
666 2572 860 2621 redeundibns.
902 2572 937 2620 ab
966 2572 1111 2622 occidente
1134 2572 1250 2622 hiberno
1274 2572 1380 2622 africus

230 2638 394 2688 furibundus
414 2645 442 2689 et
460 2655 550 2700 ruens,
571 2640 642 2704 apud
657 2639 779 2688 Graecos
797 2638 851 2704 lips
870 2639 980 2688 (licitur.
1019 2655 1035 2688 a
1048 2638 1271 2704 septemtrionali
1290 2639 1378 2688 latere

228 2721 350 2755 summus
369 2710 411 2755 est
435 2707 527 2771 aquilo
550 2708 655 2756 medius
675 2708 834 2770 septemtrio
859 2707 929 2756 imus
948 2706 1098 2756 thrascias:
1126 2707 1191 2756 hnic
1209 2707 1288 2756 deest
1306 2706 1378 2772 apud

229 2788 278 2821 uos
303 2773 479 2822 uocabulum.
521 2790 538 2822 a
561 2774 715 2823 meridiano
744 2789 797 2823 axe
821 2781 969 2824 euronotus
997 2780 1039 2823 est
1061 2773 1162 2823 deinde
1186 2779 1267 2823 notus
1289 2773 1377 2824 latina

230 2844 333 2889 auster.
374 2840 475 2890 deinde
499 2840 676 2901 leuconotus,
707 2841 752 2904 qui
784 2842 856 2907 apud
880 2856 929 2890 nos
952 2841 1012 2890 sine
1036 2842 1146 2891 nomine
1171 2840 1233 2890 est)
1277 2840 1321 2904 17,
1346 2840 1377 2890 5:

230 2907 358 2968 ‘Quidam
377 2914 441 2957 sunt
459 2909 636 2972 quorumdam
658 2909 781 2958 locorum
799 2910 917 2974 proprii,
936 2909 982 2973 qui
1000 2924 1055 2958 non
1072 2909 1264 2959 transmittunt
1281 2909 1330 2959 sed
1349 2909 1378 2957 in

229 2974 380 3037 proximum
404 2975 505 3024 ferunt.
542 2992 597 3025 non
621 2981 663 3024 est
682 2975 738 3025 illis
758 2992 774 3025 a
791 2975 879 3026 latere
898 2976 1022 3026 uniuersi
1040 2977 1135 3026 mundi
1152 2976 1285 3042 impetus:
1310 2975 1376 3025 hta-

229 3041 310 3091 lurlns
332 3042 461 3107 Apuliam
484 3043 602 3093 infestat
625 3043 785 3093 Calabriam
807 3044 895 3108 Iapyx
916 3044 1040 3093 Athenas
1064 3044 1162 3094 Sciron
1185 3043 1378 3109 Pamphyliam

229 3109 363 3174 Catacgis
383 3110 504 3161 Galliam
522 3111 630 3160 Circius
650 3145 763 3160 ......
784 3109 921 3161 infinitum
940 3116 982 3160 est
1000 3111 1023 3160 si
1041 3110 1165 3177 singulos
1184 3111 1267 3161 uelim
1285 3126 1378 3175 perse·

229 3176 286 3240 qui.
321 3176 398 3227 nulla
416 3179 489 3228 enim
508 3178 701 3243 propemodum
719 3178 796 3244 regio
815 3184 871 3239 est,
897 3194 967 3242 qnae
991 3194 1046 3228 nou
1061 3177 1167 3229 habeat
1190 3177 1310 3242 aliquem
1328 3180 1377 3228 lla·

228 3250 286 3293 tum
305 3260 338 3294 ex
356 3261 385 3294 se
406 3252 566 3296 nascentem
585 3252 613 3295 et
632 3246 708 3296 circa
727 3262 756 3295 se
776 3243 942 3295 cadentem'
978 3245 1086 3295 Plinius
1104 3246 1136 3295 N.
1150 3246 1186 3294 H.
1201 3246 1228 3296 ll
1246 3246 1292 3295 47:
1314 3246 1376 3296 ‘Ve-

227 3315 302 3361 teres
326 3318 456 3377 quattuor
474 3315 583 3363 omnino
603 3329 751 3363 seruauere
775 3330 825 3379 per
847 3314 962 3362 totidem
985 3313 1078 3362 mundi
1097 3313 1302 3378 partis—idco
1324 3329 1376 3364 nec

226 3380 364 3429 Homerus
383 3381 470 3445 pluris
488 3382 653 3430 nominat—
667 3381 775 3442 hebeti,
794 3386 824 3431 ut
843 3397 905 3431 mox
924 3381 1076 3433 iudicatum
1095 3386 1150 3443 cst,
1179 3381 1297 3431 ratione.
1318 3397 1376 3443 „sc-

228 3452 294 3496 cuta
324 3456 403 3497 aetas
430 3455 493 3499 octo
523 3448 630 3498 addidit
659 3449 741 3498 nimis
770 3448 867 3499 subtili
894 3453 977 3513 atque
1006 3449 1129 3498 concisa.
1174 3449 1312 3513 proxumis
1335 3450 1377 3498 in·

228 3519 272 3564 tra
295 3520 438 3580 utramque
461 3517 554 3565 media
577 3515 683 3581 placuit
707 3516 741 3565 ad
764 3517 877 3565 breuem
902 3533 935 3565 ex
952 3531 1098 3565 numerosa
1117 3516 1218 3566 additis
1238 3523 1375 3581 quattuor.

227 3588 292 3632 sunt
310 3600 375 3647 crgo
394 3584 453 3633 hini
477 3585 506 3633 in
525 3590 654 3648 quattuor
677 3583 751 3632 caeli
769 3584 903 3649 partibus,
925 3583 959 3632 ab
973 3584 1080 3633 oriente
1094 3583 1295 3647 aequinoctiali
1313 3585 1376 3634 sub-

228 3650 354 3712 solanus,
383 3651 418 3700 ab
441 3653 546 3701 oriente
576 3651 694 3700 brumali
717 3650 869 3701 uolturnus.
910 3650 988 3700 illum
1006 3650 1156 3716 apeliotcn,
1180 3650 1254 3701 laune
1273 3651 1376 3702 Graeci

229 3733 322 3767 eurum
347 3718 499 3783 appellant.
536 3735 553 3767 a
571 3718 687 3768 meridia
706 3723 799 3768 auster
818 3723 845 3768 et
864 3719 899 3768 ab
919 3734 1021 3768 occasu
1039 3718 1158 3769 brumali
1171 3718 1292 3769 Africus.
1327 3736 1375 3768 no·
1453 3785 1458 3793 ι

232 3828 434 3837 ——a

316 3898 324 3947 l
345 3886 490 3945 dissolu&
507 3892 529 3944 A
544 3883 559 3969 Η
574 3887 720 3949 dissiccat
738 3886 801 3947 ΑΒ1
824 3884 837 3971 ΙΙ
857 3898 1000 3951 lnenens
1026 3892 1049 3945 B
1070 3884 1084 3969 l}
1104 3894 1241 3947 arentem
1262 3896 1375 3948 terram

226 3975 348 4045 scripsi:
379 3972 526 4029 orientem
545 3978 568 4029 A
584 3974 700 4032 oriente
713 3970 750 4031 B¹
768 3976 901 4034 ndentes
920 3971 960 4033 '13²
974 3970 988 4056 ΙΙ
1003 3974 1123 4032 niuibus
1144 3968 1180 4029 13¹
1197 3966 1243 4052 113
1263 3974 1374 4052 plagae

227 4075 281 4114 om.
305 4051 342 4112 A¹
359 4051 372 4136 ΙΙ
388 4055 560 4115 cardinales
576 4055 613 4114 Α1
630 4054 643 4139 li
659 4078 731 4117 curo
747 4069 837 4117 notus
853 4064 876 4117 Α
891 4059 1002 4118 nothus
1019 4062 1048 4116 B
1062 4053 1076 4140 Η
1090 4068 1107 4119 t
1122 4055 1299 4117 fulminibus
1313 4063 1338 4116 A
1359 4054 1373 4139 Η

226 4152 241 4201 ὁ
265 4140 376 4199 florens
395 4137 433 4198 B¹
450 4135 495 4221 iifl
515 4144 685 4200 euroaustri
703 4138 741 4200 Β1
759 4138 772 4221 ΙΙ
788 4143 827 4202 ad
845 4141 908 4201 AB¹
924 4139 938 4224 ss
953 4145 1071 4201 intonat
1087 4146 1113 4200 B
1127 4136 1141 4223 ΙΙ
1156 4148 1172 4203 7
1189 4143 1375 4201 austroaffri-

226 4245 278 4283 ens
294 4233 404 4283 uentus
419 4224 573 4303 teporatus
592 4232 617 4284 Α
631 4236 816 4305 temperatus
833 4229 946 4286 africus
967 4241 1077 4287 uentus
1093 4231 1122 4285 B
1141 4236 1305 4287 euronotus
1323 4229 1392 4309 nel·

225 4310 442 4369 austroafricus
466 4321 573 4370 uentus
593 4320 640 4370 est
661 4320 846 4389 temperatus
864 4316 933 4371 libri
949 4330 1046 4371 omnes
1069 4315 1186 4371 Arenali
1199 4308 1212 4390 Η
1229 4313 1373 4371 sinistras

226 4394 363 4472 aspirans
378 4391 414 4451 A¹
428 4395 551 4453 sinistra
566 4396 661 4453 austri
672 4421 686 4453 s
697 4396 836 4473 aspirans
853 4392 891 4453 11²
906 4398 1037 4456 sinistris
1049 4398 1143 4456 austri
1159 4398 1274 4475 aspirat
1293 4400 1318 4454 B
