3202 4998
13 4332 15 4347 l

55 4438 60 4451 .

117 4462 124 4475 ι

13 4588 15 4605 t

13 4666 14 4673 t

699 417 804 457 oarvr
827 368 847 457 ι’
1272 398 1336 460 trs
1406 458 1411 469 ,

896 561 965 603 tuere

197 615 336 694 ciperem.
368 618 479 675 etenim
499 628 562 691 108,
585 627 628 690 ll,
647 616 699 677 nhi
716 619 747 677 in
766 617 852 676 libris
866 619 991 675 hermam
1005 617 1133 694 legitur,
1148 620 1233 675 licere
1249 638 1336 677 cruce

196 718 334 795 praefixa
363 717 558 777 scribendum
588 727 669 792 erat,
710 738 777 777 cum
807 720 947 777 Hermam
972 738 1072 799 neque
1101 719 1169 777 loco
1197 728 1336 796 corrupto

196 818 390 877 satisfaceret
413 829 444 877 et
464 821 562 899 ipsum
584 840 638 897 per
659 840 692 879 se
715 818 919 879 dubitationes
938 827 1120 899 provocaret
1135 818 1176 895 ²¹²).
1228 821 1337 900 quibus

197 919 464 979 observationibus
481 922 688 980 coniecturam
704 941 796 1000 supra
813 921 943 998 positam
964 918 1144 997 conprobari
1161 940 1239 978 unus
1255 922 1337 999 qnis-

196 1041 256 1099 que
280 1022 386 1100 opinor
410 1020 560 1081 concedit.
598 1034 691 1101 atque
713 1022 917 1100 intellegitur,
943 1044 995 1081 cur
1016 1042 1107 1079 uirum
1132 1030 1248 1080 tantum
1273 1022 1336 1079 He·
1422 1010 1425 1014 ⁵

195 1121 339 1181 nocbiani
354 1122 424 1181 libri
442 1123 651 1202 apographum
673 1124 712 1182 sit
728 1122 858 1196 factum,
879 1125 994 1202 quippe
1020 1125 1105 1182 cuius
1125 1123 1267 1202 pagellae
1284 1144 1337 1181 ve-

196 1232 309 1282 tustate
334 1222 378 1282 ita
394 1233 497 1283 essent
520 1244 676 1297 corrosae,
700 1234 733 1284 nt
757 1235 787 1283 et
804 1226 953 1302 scriptura
969 1225 999 1283 in
1015 1223 1081 1284 dies
1096 1226 1193 1302 magis
1210 1242 1337 1283 evanes-

197 1335 282 1385 ceret
309 1334 341 1384 et
364 1323 532 1385 verendum
556 1335 638 1384 esset
663 1346 702 1385 ne
726 1327 838 1384 iterata
863 1326 1045 1385 tractatione
1068 1334 1148 1384 totus
1172 1323 1336 1403 deperiret.

196 1426 295 1505 possis
315 1426 406 1484 etiam
426 1426 590 1506 suspicari,
611 1446 672 1485 non
689 1427 785 1506 ipsum
808 1426 963 1507 antiquum
980 1424 1116 1485 codicem
1138 1436 1262 1504 propter
1282 1428 1337 1484 mi·

196 1546 296 1585 seram
315 1528 379 1586 eius
400 1527 610 1587 condicionem
626 1526 681 1587 sed
697 1516 930 1607 descriptionem
947 1529 1012 1586 eina
1033 1527 1151 1586 Fulrlae
1168 1528 1219 1587 nbi
1234 1549 1336 1608 reper-

195 1636 245 1686 tus
261 1638 343 1687 esset
359 1628 472 1688 factam
487 1628 526 1689 ab
541 1628 689 1688 Henocho
703 1628 736 1688 in
754 1628 872 1688 ltaliam
886 1637 1120 1707 transportatam
1133 1649 1210 1688 esse.

276 1747 323 1820 ,Vt
336 1766 418 1828 quae
435 1747 536 1807 adhuc
547 1745 702 1825 disputata·
718 1749 780 1807 sint
790 1745 925 1805 breviter
940 1746 1199 1827 conprehendam,
1214 1747 1282 1807 libri
1299 1748 1338 1808 de

197 1849 402 1924 grammaticis
430 1849 678 1927 etlrhetoribus,
711 1849 763 1927 qui
778 1893 782 1900 .
797 1857 920 1927 praeter
946 1849 1037 1907 finem
1064 1846 1184 1924 integer
1206 1849 1271 1908 fere
1297 1850 1337 1909 ad

196 1959 330 2009 nostram
351 1958 483 2009 aetatem
499 1952 679 2030 pervenisse
693 1930 951 2028 putabatur,'non
967 1940 1114 2008 habemus
1127 1950 1185 2008 nisi
1202 1950 1336 2011 fallacis-

197 2052 307 2121 simum
319 2051 531 2125 simulacrum,
551 2070 618 2109 cum
634 2048 712 2109 adeo
733 2048 955 2128 desperandum
972 2051 1026 2122 sit,
1045 2051 1157 2108 veteris
1172 2050 1337 2110 Fnldensis

198 2150 267 2210 libri
290 2153 468 2231 scripturam
489 2171 683 2230 recuperare.
724 2151 961 2211 cniusobscura
985 2160 1101 2209 tanturn
1125 2154 1270 2229 memoria
1290 2173 1336 2211 re-

198 2234 410 2313 concinnanda
436 2253 494 2313 erit
520 2274 560 2312 cx
586 2253 764 2313 testimoniis
792 2251 929 2310 codicum
956 2252 1105 2329 ahlltalis
1133 2248 1336 2327 exaratorum,

198 2373 325 2432 quorum
347 2355 512 2432 communis
537 2354 604 2414 lons
633 2354 690 2413 tuit
713 2353 945 2412 Heuochianum
972 2351 1190 2431 apographum.
1237 2375 1337 2435 neque

199 2454 303 2515 dubito
325 2457 398 2537 quin
411 2454 500 2514 idem
528 2442 692 2515 dicendum
716 2455 755 2514 sit
783 2453 821 2512 de
840 2454 941 2513 Taciti
965 2452 1130 2512 Germania
1151 2466 1181 2514 et
1206 2454 1336 2533 dialogo,

196 2558 378 2634 praesertim
401 2576 467 2615 cnm
486 2576 527 2615 ne
542 2557 572 2615 in
587 2557 645 2615 hac
665 2554 787 2637 quidem
802 2565 888 2633 parte
900 2554 1094 2613 Henochiani
1110 2555 1181 2615 libri
1199 2555 1338 2635 duplices

198 2657 348 2743 lectiones
363 2678 423 2717 non
445 2643 685 2736 conspiciantur,
701 2656 810 2738 quibus
827 2655 934 2715 eadem
951 2657 1033 2733 origo
1051 2656 1253 2717 confirmetur.

283 2775 392 2856 Itaque
411 2778 442 2835 in
459 2796 495 2835 eo
511 2797 629 2850 sumna,
644 2786 678 2835 ut
694 2778 830 2847 testium,
849 2796 924 2856 quos
941 2775 1122 2852 significavi,
1137 2775 1228 2835 fidem
1246 2779 1337 2837 aesti-

198 2896 323 2937 memus.
363 2879 416 2957 qui
434 2898 501 2938 cum
517 2877 556 2937 ad
572 2899 665 2939 anum
679 2897 783 2939 ornnes
798 2878 868 2936 ltali
890 2877 1004 2937 fuerint
1019 2897 1117 2956 eaque
1132 2886 1235 2939 aetate
1250 2880 1336 2938 vixe-

153 3030 156 3035 ,
195 2980 272 3051 rint,
295 2998 356 3058 qna
376 2990 495 3041 tantum
513 2980 621 3041 aberat
633 2991 668 3040 ut
680 2988 783 3043 nostro
801 2999 883 3037 more
898 2979 1037 3058 singulas
1053 2978 1196 3039 librorum
1221 2981 1338 3041 litteras

199 3079 363 3159 diligenter
388 3084 593 3161 exprimerent
609 3092 644 3142 ut
665 3104 724 3164 quo
746 3083 815 3162 qnia
836 3080 951 3141 doctior
970 3090 1054 3140 esset
1075 3101 1111 3140 eo
1136 3083 1232 3160 magis
1254 3086 1338 3142 testi·

197 3182 297 3241 monia
313 3183 466 3261 corrigere
481 3193 514 3242 ut
529 3185 603 3264 ipsis
618 3185 790 3257 videbatur,
805 3192 839 3243 ut
853 3202 909 3241 nos
928 3182 1064 3243 indicare
1081 3181 1226 3243 debemus
1246 3185 1338 3243 inter-

197 3283 304 3361 pclare
320 3283 476 3357 studeret,
497 3286 550 3345 vix
568 3285 716 3345 credibile
733 3295 794 3359 est,
816 3283 1000 3345 Germaniae
1023 3283 1155 3343 editores
1169 3284 1338 3345 Massman·

198 3404 269 3444 num
303 3396 334 3445 et
364 3387 417 3446 Fr.
446 3386 597 3451 Ritterum
628 3387 840 3465 superstitiose
870 3383 1002 3444 Pontani
1033 3386 1224 3457 auctoritati,
1254 3387 1339 3451 cuins

199 3487 409 3565 apographum
431 3485 549 3549 Leidae
578 3507 595 3544 a
620 3488 656 3546 L.
679 3487 805 3547 Trosaio
833 3486 989 3545 inuentum
1019 3492 1144 3558 est,·se
1171 3485 1338 3547 addixisse.

199 3607 259 3666 qua
280 3587 318 3647 de
339 3607 373 3645 re
394 3596 426 3645 at
447 3588 641 3649 severissime
665 3588 708 3646 ita
728 3588 885 3647 verissime
907 3588 1121 3649 Lachmannus
1138 3588 1169 3645 in
1186 3607 1338 3649 commen·

199 3689 276 3747 tario
293 3689 326 3747 in
340 3689 517 3747 Lucretium
536 3700 616 3768 p.10
637 3687 800 3759 iudicavit:
823 3706 912 3763 napae
932 3690 1076 3747 Iomanen
1102 3691 1245 3749 rosarum
1264 3693 1339 3751 Pon·

199 3799 293 3847 tanam
314 3809 399 3849 ursam
423 3793 512 3849 Taciti
529 3793 645 3849 atellam
673 3801 729 3848 tam
753 3795 942 3864 superstituta
963 3792 1105 3861 sedulitate
1130 3796 1340 3866 acascrmsisse

198 3894 271 3949 altus
290 3893 370 3948 hom
392 3896 535 3965 suspicari
550 3887 639 3965 potru‘t
666 3897 720 3949 nisi
740 3895 882 3966 insigniter
896 3909 1058 3966 perversas.
1096 3899 1258 3969 praeterea
1277 3892 1341 3952 alia

198 3992 379 4070 gravissima
402 4000 555 4052 momenta
573 3993 716 4071 neglecta
736 4002 823 4065 sunt,
844 3992 955 4071 quibus
980 3993 1051 4050 Itali
1074 3992 1155 4051 illins
1176 3995 1340 4059 auctoritas

198 4093 249 4153 val
268 4092 401 4152 maxime
417 4091 614 4154 diminuatur.
651 4095 776 4167 mittam,
795 4103 918 4154 auctore
939 4093 1048 4153 Geelio
1066 4095 1158 4156 catal.
1175 4094 1242 4154 libr.
1260 4116 1339 4154 man.

278 4343 304 4411 *)
323 4347 426 4430 Epdem
443 4346 504 4397 loco
521 4348 616 4401 nescio
635 4362 688 4413 quo
706 4347 814 4398 infelici
837 4361 903 4397 casn
921 4348 949 4396 iu
962 4351 1065 4397 textum
1083 4347 1197 4398 Laelium
1215 4347 1339 4411 inrepsit,

201 4431 271 4495 quod
283 4436 315 4480 ut
327 4431 420 4483 deleat
432 4432 595 4481 benevolum
608 4433 741 4482 lectorem
753 4449 827 4497 rogo.
