3194 5004
270 407 331 468 506
446 484 448 488 μ
583 478 597 497 .
683 427 716 468 ru
730 425 828 468 vrrsu
843 426 989 467 ruuuuru

353 579 428 655 Peg.
444 578 501 649 30,
518 577 555 638 12
571 579 759 659 quoniamae
775 597 945 656 pronomen
967 587 1106 637 austere
1122 578 1262 637 Parisino
1278 596 1404 657 prorsus

270 681 371 754 abest,
396 702 458 739 non
481 667 621 740 cst'illud
643 700 709 739 curu
730 679 815 739 libris
837 680 1030 759 interpolatis
1052 691 1125 740 aute
1144 684 1237 739 leuius
1264 681 1403 739 insercu-

188 766 194 776 ⁸
271 783 355 857 dum,
377 783 432 842 sed
448 783 642 842 intercidisse
659 791 730 841 ante
749 784 925 857 *defendisse
947 782 1149 856 credendum,
1170 781 1280 841 eadem
1298 791 1333 840 ut
1351 782 1404 841 hic

270 885 452 945 conlocandi
468 885 623 963 elegantia
644 889 736 943 leuius
751 902 782 942 se
796 886 958 959 defendisse
980 893 1072 965 atque
1087 885 1191 964 paullo
1207 893 1279 944 autc
1300 888 1403 943 leuiter

268 1005 299 1046 se
313 991 404 1046 tutori
422 986 548 1046 dicutur.

352 1089 471 1149 Ibidem
488 1090 685 1168 inscriptura
701 1066 825 1169 quidem
839 1087 983 1147 librorum
998 1088 1075 1147 nihil
1090 1087 1174 1147 aliud
1191 1089 1249 1147 nisi
1264 1097 1291 1147 et
1305 1090 1402 1147 Laelio

269 1202 296 1249 et
316 1193 444 1266 Scipioni
466 1192 563 1250 latere
584 1191 807 1250 Fleckeisenus
827 1188 909 1249 vidit
926 1183 1103 1249 rectissime.
1135 1189 1197 1249 Sed
1218 1191 1278 1270 ipsi
1298 1200 1401 1250 tamen

267 1293 300 1351 id
316 1294 463 1353 Suetonio
479 1294 603 1351 minime
619 1292 799 1377 tribuetqui
815 1302 877 1352 tam
892 1293 959 1372 pari
974 1293 1007 1351 in
1022 1293 1202 1351 haccaussa
1218 1292 1402 1353 condicione

269 1396 406 1455 Laelium
422 1396 659 1475 Scipionemque
676 1415 744 1453 csse
759 1396 950 1474 reputaverit
963 1404 996 1454 ut
1011 1416 1074 1454 non
1091 1394 1301 1473 distinguendi
1321 1397 1403 1455 inter
1482 1408 1484 1411 '

268 1516 318 1569 se,
335 1497 391 1556 sed
406 1498 556 1556 communi
573 1498 700 1556 notione
716 1496 1002 1576 comprehendendi
1015 1497 1086 1556 sint.

352 1599 507 1659 Versu18
535 1608 629 1657 tumen
647 1600 817 1678 particulae
836 1600 880 1657 ita
899 1607 1017 1659 tantum
1037 1600 1121 1659 locus
1144 1608 1223 1671 erat,
1246 1602 1272 1660 si
1294 1601 1403 1660 falsam

269 1721 337 1759 esse
354 1700 392 1759 de
408 1700 597 1761 adiutoribus
612 1701 720 1760 Laelio
737 1710 767 1759 et
783 1700 930 1779 Scipione
946 1701 1058 1760 famam
1072 1702 1155 1761 illam
1170 1702 1222 1761 vel
1238 1701 1401 1762 Terentius

267 1804 320 1864 vel
335 1800 498 1862 Suetonius
514 1804 715 1881 significaret,
742 1812 848 1862 contra
869 1812 962 1883 atque
985 1803 1098 1862 factum
1112 1803 1261 1864 videmus.
1298 1804 1403 1883 Quare

267 1914 325 1965 tum
339 1905 564 1965 restituendum
580 1914 647 1965 crat
660 1906 845 1964 necessario.
1274 1927 1287 1958 ι

350 2010 449 2069 Versu
465 2008 502 2067 14
520 2030 583 2069 uon
604 2009 695 2067 mirer
713 2007 738 2065 si
754 2007 822 2086 quis
839 2009 868 2065 C.
884 2010 958 2065 euim
976 2008 1126 2065 Memmius
1144 2009 1247 2087 potius
1264 2016 1401 2088 expetat,

266 2111 401 2190 itemque
417 2131 447 2189 p.
463 2119 514 2185 31,
530 2120 547 2171 2
563 2114 765 2184 Neposcutem
789 2119 906 2169 auctore
924 2133 977 2169 -ε
999 2130 1058 2169 nec
1080 2111 1161 2168 enirn
1181 2109 1220 2169 de
1241 2119 1402 2171 cousuetu-
1446 2165 1449 2170 .

268 2211 340 2271 dine
364 2213 396 2271 in
413 2212 629 2271 continuandis
656 2213 822 2272 enuntiatis
844 2234 967 2293 parcum
989 2190 1203 2292 particularium
1223 2212 1403 2272 Suetonium

232 2358 235 2363 -
266 2315 398 2394 reperio.
425 2313 487 2374 Sed
503 2322 606 2373 temen
618 2315 700 2374 haec
715 2316 766 2395 qui
781 2316 906 2394 probet,
923 2335 990 2373 eum
1006 2313 1116 2373 eodem
1132 2316 1197 2374 fere
1211 2316 1278 2374 iure
1293 2312 1403 2373 Santra

266 2426 360 2475 tumen
379 2420 541 2475 Terentium
565 2418 723 2497 requirere
744 2438 775 2496 p.
790 2427 837 2489 31,
866 2417 1031 2494 reposuit,
1054 2417 1127 2475 item
1149 2418 1270 2486 Quintus
1289 2420 1403 2490 quidem

268 2520 418 2578 Cosconius
433 2540 464 2597 p.
480 2528 528 2592 32,
549 2529 594 2605 13Ῥ
619 2527 671 2578 aut
684 2518 776 2578 fidem
790 2518 935 2577 librorum
951 2517 1107 2577 sollicitari
1124 2518 1269 2577 audacius
1285 2526 1337 2577 aui
1352 2538 1402 2578 ae·

267 2620 486 2700 quiescendum
502 2622 534 2680 in
550 2619 711 2700 asyndetis
726 2614 897 2698 intelleget.

349 2725 448 2783 Versu
468 2722 504 2782 15
527 2722 609 2803 quod
629 2723 771 2799 vulgatur
792 2727 821 2779 iu
842 2727 971 2781 erutione
989 2743 1046 2797 pro
1067 2727 1158 2781 seuit
1180 2708 1408 2798 ‘PsAfrieeuus

266 2830 316 2899 qui
337 2846 356 2883 a
374 2828 504 2883 Terentio
517 2842 674 2898 perronem
692 2833 857 2882 mutuatus.
872 2869 877 2881 .
892 2869 898 2880 .
912 2870 918 2881 .
933 2823 1055 2895 detulit’‚
1075 2826 1128 2894 vel
1149 2845 1185 2884 eo
1207 2845 1275 2885 esse
1296 2846 1403 2906 suspe-

266 2935 346 2985 ctum
366 2926 472 2986 debuit
492 2925 589 3007 quod,
616 2928 642 2985 si
664 2926 702 2985 ab
728 2947 789 2987 uuo
813 2925 962 2986 duntaxat
984 2928 1126 3007 exemplo
1149 2927 1326 2988 discesseris
1347 2929 1402 2988 vit.

468 3131 532 3179 Nam
550 3132 619 3196 quod
634 3131 679 3181 nrt
695 3132 779 3180 diezmt
797 3132 926 3190 molestati,
945 3129 1055 3179 homiues
1072 3129 1168 3179 nobiles
1306 3129 1336 3181 15

467 3214 542 3267 Eum
558 3216 676 3266 emutare
696 3232 720 3265 e.
740 3230 764 3279 q.
785 3232 806 3265 s.

265 3286 359 3351 Inltis
383 3301 469 3363 enim,
492 3306 604 3365 praeter
626 3300 690 3349 Eum
707 3299 788 3359 illud,
813 3304 862 3349 aut
884 3298 1051 3365 permolesta
1069 3304 1158 3349 estet
1176 3315 1272 3364 expers
1291 3300 1402 3366 elegan-

265 3385 323 3434 tiue
347 3384 459 3434 iteratio
482 3386 626 3436 verborum
650 3401 720 3451 quae
743 3389 806 3435 sunt
828 3400 881 3434 eum
904 3387 984 3445 lessam
1005 3383 1066 3434 as
1092 3389 1120 3434 et
1140 3382 1184 3447 10,
1208 3389 1256 3434 aut
1278 3383 1325 3450 (de
1350 3398 1403 3449 quo

265 3468 351 3519 facile
374 3470 509 3535 quispiam
533 3468 650 3536 cogitet)
678 3470 881 3543 deditanopera
906 3469 997 3518 ascita
1020 3473 1063 3518 est
1083 3470 1136 3519 hoc
1161 3468 1276 3520 consilio
1294 3473 1324 3519 ut
1343 3484 1403 3519 aum

267 3555 356 3620 ipsum
373 3555 462 3606 locum
480 3555 580 3617 soltrln,
600 3570 651 3605 nec
670 3557 815 3620 quiequam
833 3559 981 3619 praetcrea
1000 3553 1089 3618 aliud,
1115 3571 1148 3604 ex
1166 3553 1273 3620 Diphill
1297 3569 1403 3604 comoe-

264 3641 312 3691 dia
336 3642 485 3706 sumpsisse
509 3640 563 3690 sibi
586 3641 614 3689 iu
638 3640 775 3705 Adelphos
798 3643 881 3705 poeta
906 3637 1119 3703 significaretur.
1154 3639 1191 3688 st
1214 3638 1264 3688 tali
1288 3639 1403 3691 consilio

265 3729 362 3792 aperte
380 3726 448 3775 illud
466 3730 603 3790 repugnet
621 3725 704 3790 quod,
728 3727 757 3774 in
780 3740 831 3790 quo
854 3723 990 3774 vocabulo
1010 3724 1071 3789 ipsa
1093 3724 1135 3773 vis
1159 3725 1315 3774 sentcntiae
1337 3725 1405 3775 insit

265 3815 405 3876 oporteat,
429 3809 456 3859 h.
477 3826 500 3860 e.
520 3826 587 3872 eum,
616 3810 644 3859 id
666 3811 695 3858 in
714 3809 915 3875 pronuntiando
933 3824 1016 3859 versu
1040 3808 1109 3858 adeo
1134 3807 1276 3858 delitescit
1298 3814 1328 3858 ut
1349 3800 1404 3859 iren

264 3895 344 3949 modo
363 3897 447 3946 ictum
464 3911 520 3947 uon
537 3894 641 3945 habeat
658 3893 707 3943 sed
725 3910 760 3943 ne
778 3893 914 3958 syllabam
933 3894 1042 3959 quidem
1061 3892 1177 3942 efficiat.
1213 3894 1286 3957 Ergo
1305 3893 1404 3943 saltem

263 3980 495 4045 transponendum
514 3985 587 4030 erat:
607 3984 661 4027 ema
678 3981 756 4028 locros
773 3979 813 4029 iic
830 3983 936 4043 sumpsit
953 3979 1010 4029 sibi.
1047 3979 1218 4043 Quaruquam
1236 3978 1280 4028 vel
1303 3979 1344 4027 sic
1362 3983 1403 4028 ta·

264 4081 327 4115 men
346 4066 380 4114 ab
400 4065 541 4130 elegantia
560 4063 668 4130 quidem
687 4079 783 4129 parum
796 4063 1041 4115 commendationis
1059 4064 1144 4113 habet
1162 4063 1221 4112 sinc
1239 4062 1297 4112 ulla
1309 4078 1404 4113 neces-

263 4152 349 4200 sitate
368 4150 498 4200 iteratum
515 4153 595 4200 Iocum
612 4164 718 4199 nomen.
754 4148 834 4199 Vnde
857 4151 973 4216 suspitio
998 4149 1120 4199 nascitur
1143 4147 1291 4213 interpreti
1309 4137 1406 4198 deberi

264 4235 450 4301 scriptumque
470 4250 487 4284 s
504 4239 587 4300 poeta
605 4235 645 4285 sic
666 4249 741 4284 csse:

873 4336 926 4369 eum
944 4321 1050 4369 Plautus
1067 4321 1147 4367 lecum

466 4404 576 4470 Reliquit
596 4407 727 4470 inteprum.
753 4411 817 4455 erim
834 4421 914 4455 aune
931 4404 981 4454 irie
998 4405 1103 4467 sumpsit
1120 4402 1171 4452 sibi

467 4489 501 4539 Iu
519 4489 660 4555 Adelphos.
