3194 5004
521 411 548 450 r.
564 409 745 451 nrrsouuun
761 407 1002 451 eouuuuranlvs
1262 390 1319 449 511

195 560 319 616 condidit
334 561 471 633 ludosque
485 563 543 618 illic
558 565 783 651 quinquennales
803 564 961 621 constituit:
983 563 1065 617 ludos
1081 563 1333 619 extraordinarios
1382 596 1385 601 ·

195 660 291 740 Vesp.
303 669 320 720 t
332 681 395 720 non
406 662 492 721 finito
505 672 596 722 certo·
603 683 734 741 genere:
750 663 946 765 singulariter
957 665 1054 720 ladam
1064 661 1329 735 aladiatoriumlul.

194 770 245 825 31:
273 782 343 822 narn
357 766 432 822 ludis
445 765 631 824 Martialibus
645 765 754 826 Claud.
770 776 787 827 4
802 784 866 824 non
882 764 1046 823 Suetonius
1062 762 1117 822 sed
1134 763 1163 821 d.
1175 763 1330 841 Augustus

195 865 251 923 sc'
337 898 379 906 -
392 866 600 928 Mommseuus
615 876 798 927 autemeam
819 865 940 946 aliquid·
956 867 1072 946 requiri
1090 865 1163 924 dicit
1186 864 1268 944 quod
1289 862 1330 922 ad
1440 891 1450 905 ·

194 966 243 1046 ips
306 969 378 1029 artis
394 969 555 1029 scaenicae
570 968 671 1029 studia
686 969 864 1049 Sulpiciana
879 977 1007 1047 spectet,
1023 969 1106 1026 ineo
1123 966 1246 1025 nimium
1262 985 1330 1024 essa

194 1058 278 1128 rae
293 1071 354 1128 sam
368 1070 498 1130 ussurus
515 1070 672 1130 rudiaris
716 1071 803 1130 uisu
818 1071 917 1147 agitur
936 1070 997 1127 nisi
1019 1076 1066 1141 ut,
1089 1068 1197 1149 quibus
1212 1068 1330 1126 rosen·
1399 1053 1402 1060 ’

194 1171 254 1229 tius
269 1171 458 1231 adiutoribus
472 1173 518 1232 uti
539 1159 674 1252 potuerit
689 1182 720 1233 ct
740 1181 842 1231 aetate
864 1172 939 1230 satis
960 1171 1116 1250 provectis
1132 1179 1163 1228 et
1177 1189 1196 1227 a
1219 1156 1329 1228 doctri-

194 1292 254 1331 nas
270 1273 379 1332 studiis
394 1274 468 1332 satis
484 1275 673 1349 valentibus,
691 1275 770 1354 aptis
787 1273 937 1353 exemplis
953 1270 1144 1331 ostendatur.
1179 1272 1217 1330 Ιιι
1234 1271 1333 1347 hanc,

194 1375 287 1451 igitur
301 1384 419 1454 partem
444 1385 564 1454 spectat
580 1375 663 1456 quod
684 1379 766 1451 lromo
779 1380 878 1434 clectus
900 1374 1010 1433 dicitur
1033 1373 1203 1453 Sulpicius,
1227 1382 1330 1446 poetae

178 1475 309 1556 ‘Fabius
318 1475 423 1535 Labeo
440 1488 471 1536 at
482 1478 651 1558 Popillius:
668 1486 774 1553 contra
788 1479 883 1537 illuc
898 1478 982 1535 v'alet
998 1475 1090 1556 quod,
1106 1484 1139 1535 ut
1155 1476 1185 1534 hi
1201 1479 1329 1533 cousula-

194 1595 242 1635 rcs
255 1577 385 1657 (quippe
401 1598 462 1638 cos.
478 1599 506 1637 a.
523 1587 583 1642 571.
599 1578 680 1657 581),
696 1581 740 1639 ita
755 1579 860 1638 consul
876 1569 912 1637 eo
928 1579 998 1659 ipso
1012 1586 1165 1657 tempore,
1188 1597 1248 1657 quo
1265 1577 1329 1635 ani-

193 1692 273 1738 mant
289 1679 539 1745 adscribendum
554 1683 674 1762 appulit
684 1690 796 1762 poeta,
820 1680 972 1760 Sulpicius
987 1680 1053 1738 fuit.
1091 1680 1157 1738 Nec
1174 1700 1210 1738 ea
1223 1678 1262 1738 de
1279 1679 1331 1737 via

194 1801 251 1840 nos
263 1781 396 1841 Parisini
412 1782 526 1843 codicis
542 1784 688 1843 memoria
699 1782 1017 1862 quamvissingularis
1035 1781 1193 1840 demovet:
1209 1791 1236 1840 et
1249 1785 1331 1839 cuius

193 1887 393 1942 consularibus
405 1888 488 1954 ludis,
502 1884 626 1964 quando
641 1906 704 1945 nou
716 1886 854 1964 profacto
869 1884 989 1960 aegrius
1004 1884 1036 1940 in
1050 1880 1114 1956 quo‘
1132 1902 1221 1962 quam
1236 1884 1269 1961 in
1282 1886 1333 1956 qui
1378 1920 1386 1931 ·

193 1985 325 2049 transire
340 1986 471 2063 pristina
486 2004 541 2059 quo
556 1984 831 2066 scriptura'potuit.
875 1985 941 2063 Ipsi
963 1993 1063 2042 antem
1085 1984 1196 2042 codicis
1218 2004 1328 2043 merno-
1369 1990 1374 1999 '

194 2087 259 2145 riae
275 2106 341 2145 curn
356 2078 491 2146 Rotlrius'
500 2088 544 2145 ita
557 2089 767 2167 patrocinatur
781 2095 814 2145 ut
831 2089 904 2166 ‘quo
919 2086 1045 2144 consula
1059 2084 1164 2143 editis'
1179 2085 1329 2163 interpre-

193 2196 291 2263 tetur,
317 2207 428 2247 veraor
447 2207 488 2247 ne
510 2199 540 2248 ct
562 2190 710 2268 exemplis
735 2197 766 2247 et
787 2188 907 2247 ratione
923 2185 1099 2245 destitutam
1113 2186 1329 2266 breviloquus

194 2290 267 2348 tiam
282 2288 427 2368 probarit.
454 2291 582 2351 Minima
598 2292 679 2350 enim
694 2310 752 2370 par
767 2298 814 2349 est
826 2280 913 2369 quod'
924 2289 1052 2348 contulit
1067 2287 1216 2368 loquendi
1232 2308 1329 2365 genus
1403 2298 1411 2313 '

195 2391 256 2450 tale
282 2394 365 2449 cuius
390 2394 540 2451 consulari
563 2412 654 2452 anuo:
682 2392 867 2452 ‘consularis
896 2391 977 2455 euim
1003 2388 1102 2450 annus
1129 2389 1272 2468 Sulpicii’
1297 2398 1331 2448 nt

195 2492 308 2571 ae'quat
332 2494 460 2551 ‘annum
483 2495 617 2567 consulis
640 2494 768 2574 Sulpicii
778 2495 795 2567 ',
817 2492 861 2551 ita
884 2492 1075 2551 ‘consulares
1099 2491 1165 2550 ludi
1187 2491 1328 2570 Sulpicii’

195 2613 259 2652 uon
274 2602 403 2672 possunt
418 2595 471 2653 alii
487 2614 555 2654 esse
571 2597 629 2655 nisi
646 2596 725 2655 ‘ludi
741 2595 873 2677 consulis
890 2594 1032 2671 Sulpicii'
1054 2593 1112 2652 hoc
1134 2602 1180 2652 est
1195 2613 1213 2650 a
1229 2592 1329 2671 Sulpi·

195 2695 241 2754 cio
256 2696 381 2755 consule
397 2696 486 2755 facti:
503 2717 567 2756 non
582 2680 706 2757 fuerunt
721 2708 821 2756 autem
836 2696 880 2754 illi
896 2694 961 2752 ludi
979 2696 1150 2767 consulum,
1173 2694 1230 2753 sed
1246 2693 1328 2752 aedi·

194 2796 277 2857 h'um.
320 2797 481 2874 Largimur
496 2799 589 2875 igitur
604 2798 762 2860 commode
778 2798 915 2878 potuisse
930 2798 1015 2855 velut
1036 2797 1080 2855 sic
1091 2796 1191 2883 ⁸scribi
1207 2795 1246 2854 de
1262 2795 1330 2854 Sul-

194 2900 292 2977 picio:
320 2899 419 2957 ‘cuius
440 2901 602 2979 praetoriis
624 2900 704 2961 ludis
726 2902 898 2980 Thyestem
918 2898 1052 2957 fabulam
1067 2899 1187 2958 Ennius
1211 2894 1328 2956 docuit’

196 2998 333 3079 (anctore
349 2999 474 3079 quidem
489 3001 641 3072 Cicerone
655 3003 742 3062 Bruti
764 3022 789 3062 c.
805 3010 854 3070 20,
870 2997 918 3078 tu)
941 3002 961 3059 i.
979 3022 1005 3060 e.
1021 3000 1254 3081 Apollinaribus
1278 2999 1329 3079 qni

194 3121 214 3159 a
233 3112 377 3181 praetore
400 3102 530 3164 fiebant:
553 3105 739 3165 Rothiauam
763 3105 916 3164 rationem
938 3102 977 3162 ‹le
1003 3105 1072 3162 runis
1094 3083 1224 3163 fortasse
1247 3101 1328 3160 ludis

193 3205 312 3282 magnis
328 3208 503 3266 concessuri
520 3208 622 3266 simus.
656 3208 724 3266 Nec
738 3207 838 3286 aptius
855 3206 988 3289 conferri
1011 3213 1142 3284 apparet
1168 3208 1264 3261 ‘leodos
1279 3205 1329 3277 fu-

193 3309 296 3364 nelrrcs
315 3309 346 3364 t.
364 3311 476 3366 Aemilii
490 3312 588 3367 Paulli
593 3354 600 3378 ,
627 3311 817 3383 quassaretur
836 3308 1154 3376 protonotarium
1174 3309 1206 3363 Ρ.
1224 3308 1328 3363 Coruo-

193 3411 248 3466 lr'us
269 3408 443 3482 Africanus'
471 3411 501 3468 h.
524 3430 551 3468 e.
577 3411 609 3469 in
636 3411 745 3468 finiere
766 3409 890 3468 Aemilii
913 3408 1039 3466 editos·
1071 3408 1262 3486 Quamquam
1287 3425 1328 3465 ne

193 3518 307 3568 certum
333 3510 457 3589 quidem
482 3519 530 3570 est
554 3511 586 3569 in
613 3510 791 3570 didascaliis
814 3510 960 3587 Hecyrae
989 3518 1020 3568 et
1039 3509 1208 3587 Adelphon
1231 3519 1328 3567 utrum

193 3610 269 3670 illud
294 3611 438 3691 scriptum
463 3612 556 3671 fuerit
580 3632 620 3669 an
641 3613 699 3671 hoc
722 3614 839 3691 potius:
867 3629 960 3670 arms
983 3606 1179 3671 svnunnrsvs'
1198 3628 1278 3677 ovas
1299 3630 1327 3669 u.

192 3730 322 3772 suumne
342 3730 463 3773 nsvuao
484 3730 604 3772 rucuma
628 3732 657 3780 o.
674 3732 784 3773 ruurvs
807 3731 947 3772 unnuvs
968 3733 996 3771 P.
1013 3729 1185 3772 couuuurvs
1202 3731 1328 3771 esman-

192 3831 268 3887 uvs,
297 3814 420 3894 quando
443 3813 578 3873 dativum
597 3815 630 3873 in
652 3825 782 3895 utraque
805 3815 974 3874 didascalia
995 3822 1096 3872 tuctur
1112 3815 1249 3894 quamvis
1265 3822 1325 3872 tur·

191 3913 272 3973 batis
294 3917 406 3977 ceteris
427 3916 594 3976 Bembinus
622 3914 700 3976 lib'er
720 3917 919 4003 eiusdemque
939 3916 1102 3993 vestigium
1124 3917 1222 3975 ctiam
1239 3924 1327 3974 vetus

193 4017 359 4076 Vaticanus
374 4019 510 4078 servavit
528 4020 561 4078 in
577 4019 711 4098 Hecyra.
727 4053 768 4061 —
784 4018 928 4078 Ceterum
942 4026 969 4075 ct
985 4018 1163 4096 particulam
1185 4028 1257 4078 unte
1272 4037 1328 4092 quo

192 4123 307 4177 consule
326 4121 472 4198 positam,
497 4122 635 4201 quamvis
650 4124 719 4180 'non
741 4122 879 4200 ineptam
900 4140 918 4178 a
938 4120 1038 4197 logica
1059 4121 1194 4193 ratione,
1221 4120 1327 4179 nescio

194 4221 345 4300 quomodo
361 4241 469 4282 sensus
483 4242 577 4297 meus,
592 4224 855 4303 quotienscunque
870 4222 947 4281 haec
962 4222 1024 4300 legi
1039 4242 1075 4280 ac
1089 4223 1193 4299 relegi,
1206 4242 1329 4302 semper

192 4316 310 4402 respuit
324 4332 357 4382 ut
371 4324 588 4383 inconcinnam
603 4345 639 4382 ac
654 4344 752 4405 prope
770 4324 898 4384 dixerim
914 4324 1055 4384 hiulcam.
1278 4314 1280 4318 Α

275 4424 352 4502 Pac.
366 4423 421 4497 32,
436 4425 452 4484 l
467 4428 587 4499 Popillio
601 4427 724 4506 scripsi,
747 4446 929 4507 quamquam
944 4426 1026 4506 quod
1043 4431 1067 4485 A
1082 4425 1207 4486 exhibet
1218 4432 1324 4501 papilla
