<?xml version="1.0" encoding="UTF-8"?>
<!DOCTYPE html PUBLIC "-//W3C//DTD XHTML 1.0 Transitional//EN"
    "http://www.w3.org/TR/xhtml1/DTD/xhtml1-transitional.dtd">
<html xmlns="http://www.w3.org/1999/xhtml" xml:lang="en" lang="en">
 <head>
  <title>
</title>
<meta http-equiv="Content-Type" content="text/html;charset=utf-8" />
  <meta name='ocr-system' content='tesseract 3.04.00' />
  <meta name='ocr-capabilities' content='ocr_page ocr_carea ocr_par ocr_line ocrx_word'/>
</head>
<body>
  <div class='ocr_page' id='page_1' title='image "./csuetonitranqui01ritsgoog_0114.png"; bbox 0 0 3200 4992; ppageno 0'>
   <div class='ocr_carea' id='block_1_1' title="bbox 638 400 1345 466">
    <p class='ocr_par' dir='ltr' id='par_1_1' title="bbox 638 400 1345 466">
     <span class='ocr_line' id='line_1_1' title="bbox 638 400 1345 466; baseline -0.007 0"><span class='ocrx_word' id='word_1_1' title='bbox 638 425 680 466; x_wconf 83' lang='lat' dir='ltr'>uu</span> <span class='ocrx_word' id='word_1_2' title='bbox 702 423 907 466; x_wconf 81' lang='lat' dir='ltr'>casroursvs</span> <span class='ocrx_word' id='word_1_3' title='bbox 1086 426 1089 437; x_wconf 85' lang='lat'><em>·</em></span> <span class='ocrx_word' id='word_1_4' title='bbox 1304 400 1345 461; x_wconf 75' lang='lat'>89</span> 
     </span>
    </p>
   </div>
   <div class='ocr_carea' id='block_1_2' title="bbox 117 568 1432 1789">
    <p class='ocr_par' dir='ltr' id='par_1_2' title="bbox 117 568 1432 1789">
     <span class='ocr_line' id='line_1_2' title="bbox 208 568 1346 664; baseline -0.007 -23"><span class='ocrx_word' id='word_1_5' title='bbox 208 575 365 664; x_wconf 90' lang='lat' dir='ltr'>plurimas</span> <span class='ocrx_word' id='word_1_6' title='bbox 387 583 500 663; x_wconf 90' lang='lat' dir='ltr'>sponte</span> <span class='ocrx_word' id='word_1_7' title='bbox 522 594 638 653; x_wconf 89' lang='lat' dir='ltr'>causas</span> <span class='ocrx_word' id='word_1_8' title='bbox 660 571 749 657; x_wconf 92' lang='lat' dir='ltr'>apud</span> <span class='ocrx_word' id='word_1_9' title='bbox 771 568 808 637; x_wconf 83' lang='lat'>0.</span> <span class='ocrx_word' id='word_1_10' title='bbox 832 571 870 636; x_wconf 90' lang='lat' dir='ltr'>V.</span> <span class='ocrx_word' id='word_1_11' title='bbox 893 572 975 657; x_wconf 87' lang='lat' dir='ltr'>egit,</span> <span class='ocrx_word' id='word_1_12' title='bbox 1006 591 1066 656; x_wconf 89' lang='lat' dir='ltr'>pro</span> <span class='ocrx_word' id='word_1_13' title='bbox 1088 591 1152 655; x_wconf 90' lang='lat' dir='ltr'>qua</span> <span class='ocrx_word' id='word_1_14' title='bbox 1179 592 1214 635; x_wconf 87' lang='lat' dir='ltr'>re</span> <span class='ocrx_word' id='word_1_15' title='bbox 1236 572 1269 646; x_wconf 84' lang='lat' dir='ltr'>in</span> <span class='ocrx_word' id='word_1_16' title='bbox 1292 570 1346 634; x_wconf 92' lang='lat' dir='ltr'>ba·</span> 
     </span>
     <span class='ocr_line' id='line_1_3' title="bbox 210 670 1347 762; baseline -0.004 -20"><span class='ocrx_word' id='word_1_17' title='bbox 210 677 302 742; x_wconf 92' lang='lat' dir='ltr'>silica</span> <span class='ocrx_word' id='word_1_18' title='bbox 329 676 416 742; x_wconf 90' lang='lat' dir='ltr'>Iulia</span> <span class='ocrx_word' id='word_1_19' title='bbox 441 677 511 741; x_wconf 91' lang='lat' dir='ltr'>eius</span> <span class='ocrx_word' id='word_1_20' title='bbox 539 685 646 740; x_wconf 89' lang='lat' dir='ltr'>statua</span> <span class='ocrx_word' id='word_1_21' title='bbox 672 676 779 762; x_wconf 89' lang='lat' dir='ltr'>posita</span> <span class='ocrx_word' id='word_1_22' title='bbox 807 681 866 737; x_wconf 94' lang='lat' dir='ltr'>cst.</span> <span class='ocrx_word' id='word_1_23' title='bbox 917 670 1106 751; x_wconf 76' lang='lat' dir='ltr'>cotrsulatus</span> <span class='ocrx_word' id='word_1_24' title='bbox 1132 671 1212 737; x_wconf 90' lang='lat' dir='ltr'>duos</span> <span class='ocrx_word' id='word_1_25' title='bbox 1235 672 1347 757; x_wconf 78' lang='lat' dir='ltr'><strong>gessit.</strong></span> 
     </span>
     <span class='ocr_line' id='line_1_4' title="bbox 209 752 1347 865; baseline -0.007 -20"><span class='ocrx_word' id='word_1_26' title='bbox 209 752 328 845; x_wconf 79' lang='lat' dir='ltr'>nxoies</span> <span class='ocrx_word' id='word_1_27' title='bbox 350 778 465 844; x_wconf 91' lang='lat' dir='ltr'>hahuit</span> <span class='ocrx_word' id='word_1_28' title='bbox 485 777 582 861; x_wconf 89' lang='lat' dir='ltr'>duas,</span> <span class='ocrx_word' id='word_1_29' title='bbox 603 777 739 865; x_wconf 82' lang='lat' dir='ltr'>primam</span> <span class='ocrx_word' id='word_1_30' title='bbox 759 775 955 858; x_wconf 86' lang='lat' dir='ltr'><strong>Domitiam,</strong></span> <span class='ocrx_word' id='word_1_31' title='bbox 979 774 1096 839; x_wconf 92' lang='lat' dir='ltr'>deinde</span> <span class='ocrx_word' id='word_1_32' title='bbox 1119 774 1347 861; x_wconf 81' lang='lat' dir='ltr'>Agrippinam,</span> 
     </span>
     <span class='ocr_line' id='line_1_5' title="bbox 210 875 1348 964; baseline -0.007 -17"><span class='ocrx_word' id='word_1_33' title='bbox 210 882 299 947; x_wconf 91' lang='lat' dir='ltr'>illam</span> <span class='ocrx_word' id='word_1_34' title='bbox 321 884 469 964; x_wconf 87' lang='lat' dir='ltr'>amitam,</span> <span class='ocrx_word' id='word_1_35' title='bbox 499 880 582 944; x_wconf 89' lang='lat' dir='ltr'>hanc</span> <span class='ocrx_word' id='word_1_36' title='bbox 608 888 746 944; x_wconf 80' lang='lat' dir='ltr'>matrem¹</span> <span class='ocrx_word' id='word_1_37' title='bbox 766 877 906 961; x_wconf 82' lang='lat' dir='ltr'>Neronis</span> <span class='ocrx_word' id='word_1_38' title='bbox 930 877 1088 943; x_wconf 86' lang='lat' dir='ltr'>Caesaris.</span> <span class='ocrx_word' id='word_1_39' title='bbox 1128 876 1276 964; x_wconf 81' lang='lat' dir='ltr'><strong>possedit</strong></span> <span class='ocrx_word' id='word_1_40' title='bbox 1296 875 1348 940; x_wconf 92' lang='lat' dir='ltr'>bis</span> 
     </span>
     <span class='ocr_line' id='line_1_6' title="bbox 188 966 1348 1069; baseline -0.003 -23"><span class='ocrx_word' id='word_1_41' title='bbox 188 984 316 1049; x_wconf 87' lang='lat' dir='ltr'>smilies</span> <span class='ocrx_word' id='word_1_42' title='bbox 346 966 506 1048; x_wconf 74' lang='lat' dir='ltr'>sestertia.</span> <span class='ocrx_word' id='word_1_43' title='bbox 554 982 697 1046; x_wconf 86' lang='lat' dir='ltr'>omniurn</span> <span class='ocrx_word' id='word_1_44' title='bbox 719 982 900 1069; x_wconf 82' lang='lat' dir='ltr'>principum</span> <span class='ocrx_word' id='word_1_45' title='bbox 924 980 1063 1064; x_wconf 78' lang='lat' dir='ltr'>gratiam</span> <span class='ocrx_word' id='word_1_46' title='bbox 1085 979 1262 1066; x_wconf 89' lang='lat' dir='ltr'>adpetiuit,</span> <span class='ocrx_word' id='word_1_47' title='bbox 1290 977 1348 1043; x_wconf 90' lang='lat' dir='ltr'>sed</span> 
     </span>
     <span class='ocr_line' id='line_1_7' title="bbox 211 1064 1349 1175; baseline -0.007 -24"><span class='ocrx_word' id='word_1_48' title='bbox 211 1064 384 1175; x_wconf 73' lang='lat' dir='ltr'>praecipue</span> <span class='ocrx_word' id='word_1_49' title='bbox 414 1085 494 1171; x_wconf 83' lang='lat' dir='ltr'>(C.)</span> <span class='ocrx_word' id='word_1_50' title='bbox 524 1082 694 1168; x_wconf 79' lang='lat' dir='ltr'>Caesaris,</span> <span class='ocrx_word' id='word_1_51' title='bbox 727 1105 822 1168; x_wconf 89' lang='lat' dir='ltr'>quem</span> <span class='ocrx_word' id='word_1_52' title='bbox 848 1083 910 1145; x_wconf 89' lang='lat' dir='ltr'>iter</span> <span class='ocrx_word' id='word_1_53' title='bbox 938 1082 1112 1147; x_wconf 83' lang='lat' dir='ltr'>facientem</span> <span class='ocrx_word' id='word_1_54' title='bbox 1144 1090 1274 1145; x_wconf 90' lang='lat' dir='ltr'>secutus</span> <span class='ocrx_word' id='word_1_55' title='bbox 1300 1089 1349 1144; x_wconf 90' lang='lat' dir='ltr'>est</span> 
     </span>
     <span class='ocr_line' id='line_1_8' title="bbox 210 1179 1349 1276; baseline -0.004 -23"><span class='ocrx_word' id='word_1_56' title='bbox 210 1187 361 1276; x_wconf 91' lang='lat' dir='ltr'>pedibus.</span> <span class='ocrx_word' id='word_1_57' title='bbox 413 1187 466 1252; x_wconf 89' lang='lat' dir='ltr'>hic</span> <span class='ocrx_word' id='word_1_58' title='bbox 494 1184 583 1251; x_wconf 91' lang='lat' dir='ltr'>nullo</span> <span class='ocrx_word' id='word_1_59' title='bbox 605 1184 756 1255; x_wconf 79' lang='lat' dir='ltr'>audiente</span> <span class='ocrx_word' id='word_1_60' title='bbox 778 1208 799 1249; x_wconf 90' lang='lat' dir='ltr'>a</span> <span class='ocrx_word' id='word_1_61' title='bbox 828 1183 969 1249; x_wconf 78' lang='lat' dir='ltr'>Caesare</span> <span class='ocrx_word' id='word_1_62' title='bbox 991 1179 1225 1270; x_wconf 70' lang='lat' dir='ltr'>interrogatus,</span> <span class='ocrx_word' id='word_1_63' title='bbox 1252 1183 1349 1250; x_wconf 89' lang='lat' dir='ltr'>habe·</span> 
     </span>
     <span class='ocr_line' id='line_1_9' title="bbox 210 1284 1432 1374; baseline -0.005 -20"><span class='ocrx_word' id='word_1_64' title='bbox 210 1300 302 1355; x_wconf 88' lang='lat' dir='ltr'>retae</span> <span class='ocrx_word' id='word_1_65' title='bbox 325 1292 409 1354; x_wconf 91' lang='lat' dir='ltr'>sicut</span> <span class='ocrx_word' id='word_1_66' title='bbox 433 1289 503 1374; x_wconf 91' lang='lat' dir='ltr'>ipse</span> <span class='ocrx_word' id='word_1_67' title='bbox 525 1309 598 1352; x_wconf 93' lang='lat' dir='ltr'>cum</span> <span class='ocrx_word' id='word_1_68' title='bbox 623 1308 732 1352; x_wconf 90' lang='lat' dir='ltr'>sorore</span> <span class='ocrx_word' id='word_1_69' title='bbox 754 1307 910 1374; x_wconf 83' lang='lat' dir='ltr'>germana</span> <span class='ocrx_word' id='word_1_70' title='bbox 933 1287 1217 1369; x_wconf 57' lang='lat' dir='ltr'>consuendinem,</span> <span class='ocrx_word' id='word_1_71' title='bbox 1250 1291 1349 1351; x_wconf 65' lang='lat' dir='ltr'>‘non</span> <span class='ocrx_word' id='word_1_72' title='bbox 1427 1284 1432 1295; x_wconf 89' lang='lat'>&#39;</span> 
     </span>
     <span class='ocr_line' id='line_1_10' title="bbox 211 1374 1350 1478; baseline -0.004 -22"><span class='ocrx_word' id='word_1_73' title='bbox 211 1392 306 1456; x_wconf 90' lang='lat' dir='ltr'>dum’</span> <span class='ocrx_word' id='word_1_74' title='bbox 339 1374 460 1478; x_wconf 83' lang='lat' dir='ltr'>iliquit,</span> <span class='ocrx_word' id='word_1_75' title='bbox 489 1390 697 1478; x_wconf 89' lang='lat' dir='ltr'>quantumuis</span> <span class='ocrx_word' id='word_1_76' title='bbox 728 1389 896 1454; x_wconf 88' lang='lat' dir='ltr'>decenter&#39;</span> <span class='ocrx_word' id='word_1_77' title='bbox 913 1400 946 1454; x_wconf 94' lang='lat' dir='ltr'>et</span> <span class='ocrx_word' id='word_1_78' title='bbox 978 1398 1089 1471; x_wconf 90' lang='lat' dir='ltr'>caute,</span> <span class='ocrx_word' id='word_1_79' title='bbox 1134 1412 1176 1453; x_wconf 89' lang='lat' dir='ltr'>ue</span> <span class='ocrx_word' id='word_1_80' title='bbox 1207 1397 1264 1453; x_wconf 91' lang='lat' dir='ltr'>aut</span> <span class='ocrx_word' id='word_1_81' title='bbox 1295 1411 1350 1452; x_wconf 91' lang='lat' dir='ltr'>ne·</span> 
     </span>
     <span class='ocr_line' id='line_1_11' title="bbox 178 1472 1351 1580; baseline -0.002 -23"><span class='ocrx_word' id='word_1_82' title='bbox 178 1509 202 1549; x_wconf 85' lang='lat'>¹0</span> <span class='ocrx_word' id='word_1_83' title='bbox 210 1493 319 1580; x_wconf 87' lang='lat' dir='ltr'>gando</span> <span class='ocrx_word' id='word_1_84' title='bbox 345 1515 424 1573; x_wconf 69' lang='lat' dir='ltr'>eum</span> <span class='ocrx_word' id='word_1_85' title='bbox 455 1501 609 1579; x_wconf 85' lang='lat' dir='ltr'>argueret</span> <span class='ocrx_word' id='word_1_86' title='bbox 640 1501 697 1556; x_wconf 92' lang='lat' dir='ltr'>aut</span> <span class='ocrx_word' id='word_1_87' title='bbox 726 1492 940 1556; x_wconf 84' lang='lat' dir='ltr'>adsentiendo</span> <span class='ocrx_word' id='word_1_88' title='bbox 970 1500 1071 1567; x_wconf 85' lang='lat' dir='ltr'>semet</span> <span class='ocrx_word' id='word_1_89' title='bbox 1096 1472 1266 1556; x_wconf 81' lang='lat' dir='ltr'>mendacid</span> <span class='ocrx_word' id='word_1_90' title='bbox 1296 1490 1351 1555; x_wconf 91' lang='lat' dir='ltr'>de·</span> 
     </span>
     <span class='ocr_line' id='line_1_12' title="bbox 210 1593 1350 1682; baseline -0.004 -21"><span class='ocrx_word' id='word_1_91' title='bbox 210 1596 408 1661; x_wconf 86' lang='lat' dir='ltr'>honestaret.</span> <span class='ocrx_word' id='word_1_92' title='bbox 457 1595 555 1681; x_wconf 90' lang='lat' dir='ltr'>periit</span> <span class='ocrx_word' id='word_1_93' title='bbox 580 1616 639 1682; x_wconf 90' lang='lat' dir='ltr'>per</span> <span class='ocrx_word' id='word_1_94' title='bbox 660 1594 810 1659; x_wconf 88' lang='lat' dir='ltr'>fraudem</span> <span class='ocrx_word' id='word_1_95' title='bbox 831 1594 1052 1682; x_wconf 83' lang='lat' dir='ltr'>Agrippinae,</span> <span class='ocrx_word' id='word_1_96' title='bbox 1078 1616 1176 1682; x_wconf 92' lang='lat' dir='ltr'>quam</span> <span class='ocrx_word' id='word_1_97' title='bbox 1197 1593 1350 1659; x_wconf 89' lang='lat' dir='ltr'>heredem</span> 
     </span>
     <span class='ocr_line' id='line_1_13' title="bbox 117 1688 1014 1789; baseline -0.002 -28"><span class='ocrx_word' id='word_1_98' title='bbox 117 1688 123 1703; x_wconf 86' lang='grc'><em>’</em></span> <span class='ocrx_word' id='word_1_99' title='bbox 212 1697 404 1784; x_wconf 86' lang='lat' dir='ltr'>reliquerat,</span> <span class='ocrx_word' id='word_1_100' title='bbox 427 1706 460 1762; x_wconf 90' lang='lat' dir='ltr'>et</span> <span class='ocrx_word' id='word_1_101' title='bbox 481 1697 597 1762; x_wconf 87' lang='lat' dir='ltr'>funere</span> <span class='ocrx_word' id='word_1_102' title='bbox 618 1696 750 1789; x_wconf 72' lang='lat' dir='ltr'>publico</span> <span class='ocrx_word' id='word_1_103' title='bbox 771 1696 877 1760; x_wconf 89' lang='lat' dir='ltr'>elatus</span> <span class='ocrx_word' id='word_1_104' title='bbox 898 1705 956 1761; x_wconf 90' lang='lat' dir='ltr'>est.</span> <span class='ocrx_word' id='word_1_105' title='bbox 999 1748 1014 1778; x_wconf 78' lang='lat'>,</span> 
     </span>
    </p>
   </div>
   <div class='ocr_carea' id='block_1_3' title="bbox 296 1815 1436 2015">
    <p class='ocr_par' dir='ltr' id='par_1_3' title="bbox 296 1815 1436 2015">
     <span class='ocr_line' id='line_1_14' title="bbox 747 1815 813 1880; baseline 0 0"><span class='ocrx_word' id='word_1_106' title='bbox 747 1815 813 1880; x_wconf 88' lang='lat' dir='ltr'>XV</span> 
     </span>
     <span class='ocr_line' id='line_1_15' title="bbox 296 1895 1436 2015; baseline -0.002 -33"><span class='ocrx_word' id='word_1_107' title='bbox 296 1935 466 1984; x_wconf 78' lang='lat' dir='ltr'>uenturus</span> <span class='ocrx_word' id='word_1_108' title='bbox 482 1934 574 1982; x_wconf 77' lang='lat' dir='ltr'>suaa</span> <span class='ocrx_word' id='word_1_109' title='bbox 585 1917 817 1983; x_wconf 88' lang='lat' dir='ltr'>Nemausensis</span> <span class='ocrx_word' id='word_1_110' title='bbox 828 1918 935 2015; x_wconf 88' lang='lat' dir='ltr'>clarus</span> <span class='ocrx_word' id='word_1_111' title='bbox 945 1926 1053 1982; x_wconf 87' lang='lat' dir='ltr'>orator</span> <span class='ocrx_word' id='word_1_112' title='bbox 1064 1915 1202 1981; x_wconf 89' lang='lat' dir='ltr'>habetur</span> <span class='ocrx_word' id='word_1_113' title='bbox 1214 1922 1252 2005; x_wconf 80' lang='lat' dir='ltr'>(a.</span> <span class='ocrx_word' id='word_1_114' title='bbox 1267 1928 1332 1997; x_wconf 78' lang='lat'><em>797)</em></span> <span class='ocrx_word' id='word_1_115' title='bbox 1342 1940 1349 1980; x_wconf 92' lang='lat'><strong>:</strong></span> <span class='ocrx_word' id='word_1_116' title='bbox 1361 1895 1436 1970; x_wconf 74' lang='lat'>72*</span> 
     </span>
    </p>
   </div>
   <div class='ocr_carea' id='block_1_4' title="bbox 127 2124 1405 4096">
    <p class='ocr_par' dir='ltr' id='par_1_4' title="bbox 127 2124 1405 4096">
     <span class='ocr_line' id='line_1_16' title="bbox 213 2124 1352 2193; baseline -0.002 -17"><span class='ocrx_word' id='word_1_117' title='bbox 213 2127 392 2193; x_wconf 84' lang='lat' dir='ltr'>temperauit‚</span> <span class='ocrx_word' id='word_1_118' title='bbox 422 2131 454 2175; x_wconf 91' lang='lat' dir='ltr'>ut</span> <span class='ocrx_word' id='word_1_119' title='bbox 482 2143 601 2176; x_wconf 89' lang='lat' dir='ltr'>amorem</span> <span class='ocrx_word' id='word_1_120' title='bbox 629 2127 657 2176; x_wconf 89' lang='lat' dir='ltr'>in</span> <span class='ocrx_word' id='word_1_121' title='bbox 681 2142 710 2176; x_wconf 89' lang='lat' dir='ltr'>so</span> <span class='ocrx_word' id='word_1_122' title='bbox 737 2125 890 2192; x_wconf 87' lang='lat' dir='ltr'>principum</span> <span class='ocrx_word' id='word_1_123' title='bbox 914 2129 1085 2191; x_wconf 83' lang='lat' dir='ltr'>prouocaret.</span> <span class='ocrx_word' id='word_1_124' title='bbox 1122 2124 1193 2173; x_wconf 88' lang='lat' dir='ltr'>idem</span> <span class='ocrx_word' id='word_1_125' title='bbox 1216 2129 1352 2189; x_wconf 86' lang='lat' dir='ltr'>postremo</span> 
     </span>
     <span class='ocr_line' id='line_1_17' title="bbox 214 2192 1352 2261; baseline -0.003 -17"><span class='ocrx_word' id='word_1_126' title='bbox 214 2195 323 2244; x_wconf 88' lang='lat' dir='ltr'>amissis</span> <span class='ocrx_word' id='word_1_127' title='bbox 340 2193 464 2261; x_wconf 87' lang='lat' dir='ltr'>plurimis</span> <span class='ocrx_word' id='word_1_128' title='bbox 488 2194 553 2244; x_wconf 86' lang='lat' dir='ltr'>filiis</span> <span class='ocrx_word' id='word_1_129' title='bbox 576 2195 610 2244; x_wconf 90' lang='lat' dir='ltr'>ab</span> <span class='ocrx_word' id='word_1_130' title='bbox 629 2210 712 2245; x_wconf 83' lang='lat' dir='ltr'>uxore</span> <span class='ocrx_word' id='word_1_131' title='bbox 731 2195 868 2259; x_wconf 86' lang='lat' dir='ltr'>speciosa,</span> <span class='ocrx_word' id='word_1_132' title='bbox 897 2209 977 2259; x_wconf 85' lang='lat' dir='ltr'>quam</span> <span class='ocrx_word' id='word_1_133' title='bbox 996 2195 1099 2244; x_wconf 84' lang='lat' dir='ltr'>formae</span> <span class='ocrx_word' id='word_1_134' title='bbox 1118 2192 1210 2257; x_wconf 86' lang='lat' dir='ltr'>gratia</span> <span class='ocrx_word' id='word_1_135' title='bbox 1228 2192 1352 2254; x_wconf 73' lang='lat' dir='ltr'>duxerat,</span> 
     </span>
     <span class='ocr_line' id='line_1_18' title="bbox 213 2260 1353 2327; baseline -0.003 -16"><span class='ocrx_word' id='word_1_136' title='bbox 213 2278 321 2313; x_wconf 89' lang='lat' dir='ltr'>ueneno</span> <span class='ocrx_word' id='word_1_137' title='bbox 339 2268 455 2313; x_wconf 85' lang='lat' dir='ltr'>necatus</span> <span class='ocrx_word' id='word_1_138' title='bbox 474 2268 526 2312; x_wconf 89' lang='lat' dir='ltr'>est.</span> <span class='ocrx_word' id='word_1_139' title='bbox 561 2262 607 2312; x_wconf 89' lang='lat' dir='ltr'>hic</span> <span class='ocrx_word' id='word_1_140' title='bbox 631 2262 698 2312; x_wconf 88' lang='lat' dir='ltr'>item</span> <span class='ocrx_word' id='word_1_141' title='bbox 716 2261 829 2327; x_wconf 85' lang='lat' dir='ltr'>Crispus</span> <span class='ocrx_word' id='word_1_142' title='bbox 846 2260 1013 2327; x_wconf 76' lang='lat' dir='ltr'>Thyberimn</span> <span class='ocrx_word' id='word_1_143' title='bbox 1032 2261 1181 2310; x_wconf 86' lang='lat' dir='ltr'>Caesarem</span> <span class='ocrx_word' id='word_1_144' title='bbox 1203 2276 1252 2326; x_wconf 86' lang='lat' dir='ltr'>per</span> <span class='ocrx_word' id='word_1_145' title='bbox 1269 2260 1353 2326; x_wconf 85' lang='lat' dir='ltr'>Alpes</span> 
     </span>
     <span class='ocr_line' id='line_1_19' title="bbox 214 2328 1353 2381; baseline -0.002 -2"><span class='ocrx_word' id='word_1_146' title='bbox 214 2332 267 2380; x_wconf 90' lang='lat' dir='ltr'>iter</span> <span class='ocrx_word' id='word_1_147' title='bbox 285 2330 436 2380; x_wconf 80' lang='lat' dir='ltr'>facientem</span> <span class='ocrx_word' id='word_1_148' title='bbox 449 2330 611 2381; x_wconf 86' lang='lat' dir='ltr'>adolescens</span> <span class='ocrx_word' id='word_1_149' title='bbox 629 2336 741 2380; x_wconf 88' lang='lat' dir='ltr'>secutas</span> <span class='ocrx_word' id='word_1_150' title='bbox 759 2335 802 2379; x_wconf 89' lang='lat' dir='ltr'>est</span> <span class='ocrx_word' id='word_1_151' title='bbox 820 2334 848 2379; x_wconf 94' lang='lat' dir='ltr'>et</span> <span class='ocrx_word' id='word_1_152' title='bbox 865 2329 940 2379; x_wconf 90' lang='lat' dir='ltr'>nullo</span> <span class='ocrx_word' id='word_1_153' title='bbox 953 2330 1081 2379; x_wconf 88' lang='lat' dir='ltr'>audiente</span> <span class='ocrx_word' id='word_1_154' title='bbox 1101 2328 1135 2377; x_wconf 89' lang='lat' dir='ltr'>ab</span> <span class='ocrx_word' id='word_1_155' title='bbox 1155 2328 1250 2378; x_wconf 90' lang='lat' dir='ltr'>eodem</span> <span class='ocrx_word' id='word_1_156' title='bbox 1269 2329 1353 2378; x_wconf 89' lang='lat' dir='ltr'>inter·</span> 
     </span>
     <span class='ocr_line' id='line_1_20' title="bbox 183 2396 1354 2465; baseline -0.003 -16"><span class='ocrx_word' id='word_1_157' title='bbox 183 2442 188 2453; x_wconf 89' lang='lat'>.</span> <span class='ocrx_word' id='word_1_158' title='bbox 213 2404 325 2463; x_wconf 88' lang='lat' dir='ltr'>rogatus</span> <span class='ocrx_word' id='word_1_159' title='bbox 349 2398 501 2448; x_wconf 87' lang='lat' dir='ltr'>haberetne</span> <span class='ocrx_word' id='word_1_160' title='bbox 525 2400 613 2465; x_wconf 87' lang='lat' dir='ltr'>stupri</span> <span class='ocrx_word' id='word_1_161' title='bbox 632 2398 857 2449; x_wconf 88' lang='lat' dir='ltr'>consuetudinem</span> <span class='ocrx_word' id='word_1_162' title='bbox 883 2397 1025 2463; x_wconf 87' lang='lat' dir='ltr'>respondit</span> <span class='ocrx_word' id='word_1_163' title='bbox 1043 2402 1137 2447; x_wconf 88' lang='lat' dir='ltr'>caute:</span> <span class='ocrx_word' id='word_1_164' title='bbox 1166 2396 1304 2457; x_wconf 89' lang='lat' dir='ltr'>Nondum,</span> <span class='ocrx_word' id='word_1_165' title='bbox 1322 2402 1354 2446; x_wconf 91' lang='lat' dir='ltr'>at</span> 
     </span>
     <span class='ocr_line' id='line_1_21' title="bbox 214 2463 1353 2533; baseline -0.004 -16"><span class='ocrx_word' id='word_1_166' title='bbox 214 2482 243 2517; x_wconf 89' lang='lat' dir='ltr'>sc</span> <span class='ocrx_word' id='word_1_167' title='bbox 264 2466 411 2517; x_wconf 63' lang='lat' dir='ltr'>libidinem*</span> <span class='ocrx_word' id='word_1_168' title='bbox 426 2472 538 2516; x_wconf 83' lang='lat' dir='ltr'>exueret</span> <span class='ocrx_word' id='word_1_169' title='bbox 557 2473 585 2517; x_wconf 85' lang='lat' dir='ltr'>et</span> <span class='ocrx_word' id='word_1_170' title='bbox 602 2482 637 2517; x_wconf 89' lang='lat' dir='ltr'>ue</span> <span class='ocrx_word' id='word_1_171' title='bbox 655 2467 789 2533; x_wconf 89' lang='lat' dir='ltr'>principis</span> <span class='ocrx_word' id='word_1_172' title='bbox 807 2466 948 2516; x_wconf 88' lang='lat' dir='ltr'>libidinosi</span> <span class='ocrx_word' id='word_1_173' title='bbox 967 2480 1047 2515; x_wconf 90' lang='lat' dir='ltr'>aures</span> <span class='ocrx_word' id='word_1_174' title='bbox 1066 2463 1236 2515; x_wconf 85' lang='lat' dir='ltr'>offenderet&#39;</span> <span class='ocrx_word' id='word_1_175' title='bbox 1262 2464 1291 2514; x_wconf 90' lang='lat' dir='ltr'>in</span> <span class='ocrx_word' id='word_1_176' title='bbox 1308 2464 1353 2513; x_wconf 88' lang='lat' dir='ltr'>his</span> 
     </span>
     <span class='ocr_line' id='line_1_22' title="bbox 214 2533 1405 2600; baseline -0.001 -16"><span class='ocrx_word' id='word_1_177' title='bbox 214 2533 327 2584; x_wconf 87' lang='lat' dir='ltr'>scholiis</span> <span class='ocrx_word' id='word_1_178' title='bbox 344 2535 473 2585; x_wconf 85' lang='lat' dir='ltr'>confusos</span> <span class='ocrx_word' id='word_1_179' title='bbox 492 2550 551 2585; x_wconf 88' lang='lat' dir='ltr'>esse</span> <span class='ocrx_word' id='word_1_180' title='bbox 569 2534 679 2584; x_wconf 89' lang='lat' dir='ltr'>Vibium</span> <span class='ocrx_word' id='word_1_181' title='bbox 693 2534 818 2600; x_wconf 80' lang='lat' dir='ltr'>Crispum</span> <span class='ocrx_word' id='word_1_182' title='bbox 837 2538 919 2599; x_wconf 83' lang='lat' dir='ltr'>atque</span> <span class='ocrx_word' id='word_1_183' title='bbox 932 2534 1058 2599; x_wconf 84' lang='lat' dir='ltr'>Crispum</span> <span class='ocrx_word' id='word_1_184' title='bbox 1069 2534 1232 2584; x_wconf 85' lang='lat' dir='ltr'>Passienum</span> <span class='ocrx_word' id='word_1_185' title='bbox 1249 2534 1354 2583; x_wconf 87' lang='lat' dir='ltr'>monuit</span> <span class='ocrx_word' id='word_1_186' title='bbox 1402 2536 1405 2551; x_wconf 75' lang='lat'>⁸</span> 
     </span>
     <span class='ocr_line' id='line_1_23' title="bbox 214 2600 1352 2668; baseline -0.004 -14"><span class='ocrx_word' id='word_1_187' title='bbox 214 2604 326 2668; x_wconf 87' lang='lat' dir='ltr'>Lipsius</span> <span class='ocrx_word' id='word_1_188' title='bbox 339 2618 444 2653; x_wconf 81' lang='lat' dir='ltr'>ercurs.</span> <span class='ocrx_word' id='word_1_189' title='bbox 459 2603 494 2652; x_wconf 88' lang='lat' dir='ltr'>ad</span> <span class='ocrx_word' id='word_1_190' title='bbox 504 2604 572 2652; x_wconf 74' lang='lat' dir='ltr'>&#39;Pau</span> <span class='ocrx_word' id='word_1_191' title='bbox 584 2618 648 2652; x_wconf 88' lang='lat' dir='ltr'>ann.</span> <span class='ocrx_word' id='word_1_192' title='bbox 662 2604 715 2652; x_wconf 85' lang='lat' dir='ltr'>XII</span> <span class='ocrx_word' id='word_1_193' title='bbox 725 2601 750 2652; x_wconf 85' lang='lat' dir='ltr'>e.</span> <span class='ocrx_word' id='word_1_194' title='bbox 763 2602 947 2666; x_wconf 82' lang='lat' dir='ltr'>Hieronymus</span> <span class='ocrx_word' id='word_1_195' title='bbox 955 2602 998 2652; x_wconf 92' lang='lat'>01.</span> <span class='ocrx_word' id='word_1_196' title='bbox 1012 2601 1074 2663; x_wconf 78' lang='grc'>204,</span> <span class='ocrx_word' id='word_1_197' title='bbox 1088 2602 1104 2650; x_wconf 81' lang='lat'>2</span> <span class='ocrx_word' id='word_1_198' title='bbox 1117 2600 1153 2663; x_wconf 84' lang='lat' dir='ltr'>(a.</span> <span class='ocrx_word' id='word_1_199' title='bbox 1168 2600 1242 2662; x_wconf 73' lang='lat' dir='ltr'>wll:</span> <span class='ocrx_word' id='word_1_200' title='bbox 1257 2602 1352 2651; x_wconf 83' lang='lat' dir='ltr'>‘Pas-</span> 
     </span>
     <span class='ocr_line' id='line_1_24' title="bbox 215 2669 1353 2721; baseline -0.003 0"><span class='ocrx_word' id='word_1_201' title='bbox 215 2672 333 2721; x_wconf 85' lang='lat' dir='ltr'>sienus</span> <span class='ocrx_word' id='word_1_202' title='bbox 352 2670 827 2721; x_wconf 83' lang='lat' dir='ltr'>filiusfreudeheredissuae</span> <span class='ocrx_word' id='word_1_203' title='bbox 844 2669 1012 2721; x_wconf 86' lang='lat' dir='ltr'>necatur.’</span> <span class='ocrx_word' id='word_1_204' title='bbox 1031 2670 1104 2720; x_wconf 90' lang='lat' dir='ltr'>hanc</span> <span class='ocrx_word' id='word_1_205' title='bbox 1116 2670 1288 2720; x_wconf 88' lang='lat' dir='ltr'>notationem</span> <span class='ocrx_word' id='word_1_206' title='bbox 1301 2669 1353 2719; x_wconf 82' lang='lat' dir='ltr'>fal-</span> 
     </span>
     <span class='ocr_line' id='line_1_25' title="bbox 215 2738 1352 2804; baseline -0.001 -16"><span class='ocrx_word' id='word_1_207' title='bbox 215 2755 273 2789; x_wconf 91' lang='lat' dir='ltr'>sam</span> <span class='ocrx_word' id='word_1_208' title='bbox 286 2754 347 2789; x_wconf 89' lang='lat' dir='ltr'>esse</span> <span class='ocrx_word' id='word_1_209' title='bbox 361 2739 489 2789; x_wconf 89' lang='lat' dir='ltr'>docemur</span> <span class='ocrx_word' id='word_1_210' title='bbox 500 2755 562 2789; x_wconf 81' lang='lat' dir='ltr'>mox</span> <span class='ocrx_word' id='word_1_211' title='bbox 574 2739 757 2789; x_wconf 86' lang='lat' dir='ltr'>memorandis</span> <span class='ocrx_word' id='word_1_212' title='bbox 771 2739 893 2788; x_wconf 85' lang='lat' dir='ltr'>Senecae</span> <span class='ocrx_word' id='word_1_213' title='bbox 908 2745 936 2788; x_wconf 91' lang='lat' dir='ltr'>et</span> <span class='ocrx_word' id='word_1_214' title='bbox 948 2738 1062 2788; x_wconf 76' lang='lat' dir='ltr'>Suetoni</span> <span class='ocrx_word' id='word_1_215' title='bbox 1074 2738 1157 2787; x_wconf 89' lang='lat' dir='ltr'>locis:</span> <span class='ocrx_word' id='word_1_216' title='bbox 1178 2753 1239 2788; x_wconf 89' lang='lat' dir='ltr'>eum</span> <span class='ocrx_word' id='word_1_217' title='bbox 1251 2742 1315 2804; x_wconf 88' lang='lat' dir='ltr'>post</span> <span class='ocrx_word' id='word_1_218' title='bbox 1327 2754 1352 2787; x_wconf 90' lang='lat' dir='ltr'>a.</span> 
     </span>
     <span class='ocr_line' id='line_1_26' title="bbox 215 2802 1354 2857; baseline 0 -2"><span class='ocrx_word' id='word_1_219' title='bbox 215 2806 265 2857; x_wconf 79' lang='grc'>794</span> <span class='ocrx_word' id='word_1_220' title='bbox 277 2806 384 2856; x_wconf 85' lang='lat' dir='ltr'>deinum</span> <span class='ocrx_word' id='word_1_221' title='bbox 403 2807 504 2857; x_wconf 90' lang='lat' dir='ltr'>obiisse</span> <span class='ocrx_word' id='word_1_222' title='bbox 525 2810 665 2857; x_wconf 82' lang='lat' dir='ltr'>evincunt.</span> <span class='ocrx_word' id='word_1_223' title='bbox 690 2807 789 2857; x_wconf 91' lang='lat' dir='ltr'>deiude</span> <span class='ocrx_word' id='word_1_224' title='bbox 802 2802 898 2856; x_wconf 85' lang='lat' dir='ltr'>titulus</span> <span class='ocrx_word' id='word_1_225' title='bbox 918 2807 1071 2856; x_wconf 89' lang='lat' dir='ltr'>consularis</span> <span class='ocrx_word' id='word_1_226' title='bbox 1088 2807 1117 2855; x_wconf 91' lang='lat' dir='ltr'>in</span> <span class='ocrx_word' id='word_1_227' title='bbox 1129 2807 1223 2856; x_wconf 84' lang='lat' dir='ltr'>Revue</span> <span class='ocrx_word' id='word_1_228' title='bbox 1235 2804 1354 2856; x_wconf 69' lang='lat' dir='ltr'>Archilo-</span> 
     </span>
     <span class='ocr_line' id='line_1_27' title="bbox 214 2873 1354 2941; baseline -0.001 -17"><span class='ocrx_word' id='word_1_229' title='bbox 214 2875 270 2941; x_wconf 82' lang='lat' dir='ltr'>log.</span> <span class='ocrx_word' id='word_1_230' title='bbox 286 2873 350 2924; x_wconf 84' lang='grc'>1844</span> <span class='ocrx_word' id='word_1_231' title='bbox 368 2875 438 2937; x_wconf 82' lang='lat' dir='ltr'>fasc.</span> <span class='ocrx_word' id='word_1_232' title='bbox 456 2873 474 2923; x_wconf 84' lang='grc'><strong>8</strong></span> <span class='ocrx_word' id='word_1_233' title='bbox 490 2892 517 2941; x_wconf 87' lang='lat' dir='ltr'>p.</span> <span class='ocrx_word' id='word_1_234' title='bbox 535 2875 585 2923; x_wconf 77' lang='lat'>412</span> <span class='ocrx_word' id='word_1_235' title='bbox 599 2874 688 2925; x_wconf 82' lang='lat' dir='ltr'>editus</span> <span class='ocrx_word' id='word_1_236' title='bbox 706 2876 867 2926; x_wconf 86' lang='lat' dir='ltr'>Passienum</span> <span class='ocrx_word' id='word_1_237' title='bbox 886 2890 911 2924; x_wconf 86' lang='lat' dir='ltr'>a.</span> <span class='ocrx_word' id='word_1_238' title='bbox 930 2875 980 2924; x_wconf 70' lang='lat' dir='ltr'>tus</span> <span class='ocrx_word' id='word_1_239' title='bbox 998 2876 1097 2925; x_wconf 88' lang='lat' dir='ltr'>iterum</span> <span class='ocrx_word' id='word_1_240' title='bbox 1116 2874 1255 2924; x_wconf 89' lang='lat' dir='ltr'>consulem</span> <span class='ocrx_word' id='word_1_241' title='bbox 1268 2875 1354 2924; x_wconf 82' lang='lat' dir='ltr'>fuisse</span> 
     </span>
     <span class='ocr_line' id='line_1_28' title="bbox 216 2942 1353 3008; baseline 0 -15"><span class='ocrx_word' id='word_1_242' title='bbox 216 2943 345 2993; x_wconf 88' lang='lat' dir='ltr'>ostendit.</span> <span class='ocrx_word' id='word_1_243' title='bbox 366 2943 401 2991; x_wconf 82' lang='lat' dir='ltr'>cf.</span> <span class='ocrx_word' id='word_1_244' title='bbox 415 2942 547 3008; x_wconf 82' lang='lat' dir='ltr'>Borghes.</span> <span class='ocrx_word' id='word_1_245' title='bbox 566 2943 674 2993; x_wconf 90' lang='lat' dir='ltr'>bullett.</span> <span class='ocrx_word' id='word_1_246' title='bbox 692 2943 717 2992; x_wconf 85' lang='lat' dir='ltr'>d.</span> <span class='ocrx_word' id='word_1_247' title='bbox 736 2944 800 2992; x_wconf 86' lang='lat' dir='ltr'>inst.</span> <span class='ocrx_word' id='word_1_248' title='bbox 822 2942 897 2992; x_wconf 85' lang='lat' dir='ltr'>arch.</span> <span class='ocrx_word' id='word_1_249' title='bbox 914 2942 978 2993; x_wconf 79' lang='grc'>11146</span> <span class='ocrx_word' id='word_1_250' title='bbox 989 2960 1015 3008; x_wconf 93' lang='lat' dir='ltr'>p.</span> <span class='ocrx_word' id='word_1_251' title='bbox 1033 2942 1126 3007; x_wconf 77' lang='lat' dir='ltr'>lillsq.</span> <span class='ocrx_word' id='word_1_252' title='bbox 1144 2969 1177 2977; x_wconf 96' lang='lat'><em>-</em></span> <span class='ocrx_word' id='word_1_253' title='bbox 1195 2943 1303 2995; x_wconf 89' lang='lat' dir='ltr'>Plinius</span> <span class='ocrx_word' id='word_1_254' title='bbox 1320 2944 1353 2993; x_wconf 91' lang='lat' dir='ltr'>N.</span> 
     </span>
     <span class='ocr_line' id='line_1_29' title="bbox 214 3010 1353 3076; baseline -0.001 -15"><span class='ocrx_word' id='word_1_255' title='bbox 214 3012 250 3061; x_wconf 88' lang='lat' dir='ltr'>H.</span> <span class='ocrx_word' id='word_1_256' title='bbox 269 3011 332 3060; x_wconf 76' lang='lat' dir='ltr'>XVI</span> <span class='ocrx_word' id='word_1_257' title='bbox 351 3011 413 3059; x_wconf 77' lang='lat'>242:</span> <span class='ocrx_word' id='word_1_258' title='bbox 433 3011 493 3060; x_wconf 82' lang='lat' dir='ltr'>‘Est</span> <span class='ocrx_word' id='word_1_259' title='bbox 515 3011 544 3059; x_wconf 91' lang='lat' dir='ltr'>in</span> <span class='ocrx_word' id='word_1_260' title='bbox 563 3011 719 3061; x_wconf 86' lang='lat' dir='ltr'>suburbano</span> <span class='ocrx_word' id='word_1_261' title='bbox 737 3011 889 3060; x_wconf 87' lang='lat' dir='ltr'>Tusculani</span> <span class='ocrx_word' id='word_1_262' title='bbox 913 3012 973 3075; x_wconf 83' lang='lat' dir='ltr'>agri</span> <span class='ocrx_word' id='word_1_263' title='bbox 997 3011 1067 3063; x_wconf 86' lang='lat' dir='ltr'>colle</span> <span class='ocrx_word' id='word_1_264' title='bbox 1086 3010 1163 3060; x_wconf 91' lang='lat' dir='ltr'>lucus</span> <span class='ocrx_word' id='word_1_265' title='bbox 1181 3011 1295 3076; x_wconf 86' lang='lat' dir='ltr'>antiqua</span> <span class='ocrx_word' id='word_1_266' title='bbox 1313 3027 1353 3060; x_wconf 90' lang='lat' dir='ltr'>re·</span> 
     </span>
     <span class='ocr_line' id='line_1_30' title="bbox 215 3078 1354 3144; baseline 0 -16"><span class='ocrx_word' id='word_1_267' title='bbox 215 3079 319 3143; x_wconf 83' lang='lat' dir='ltr'>ligioue</span> <span class='ocrx_word' id='word_1_268' title='bbox 332 3078 442 3128; x_wconf 78' lang='lat' dir='ltr'>lliauae</span> <span class='ocrx_word' id='word_1_269' title='bbox 456 3084 582 3128; x_wconf 88' lang='lat' dir='ltr'>sacratus</span> <span class='ocrx_word' id='word_1_270' title='bbox 602 3094 618 3127; x_wconf 87' lang='lat' dir='ltr'>a</span> <span class='ocrx_word' id='word_1_271' title='bbox 630 3080 727 3135; x_wconf 83' lang='lat' dir='ltr'>Latio,</span> <span class='ocrx_word' id='word_1_272' title='bbox 747 3078 825 3128; x_wconf 85' lang='lat' dir='ltr'>uelut</span> <span class='ocrx_word' id='word_1_273' title='bbox 843 3084 901 3127; x_wconf 86' lang='lat' dir='ltr'>arte</span> <span class='ocrx_word' id='word_1_274' title='bbox 921 3079 1016 3129; x_wconf 88' lang='lat' dir='ltr'>tonsili</span> <span class='ocrx_word' id='word_1_275' title='bbox 1035 3094 1113 3128; x_wconf 87' lang='lat' dir='ltr'>coma</span> <span class='ocrx_word' id='word_1_276' title='bbox 1131 3080 1207 3144; x_wconf 84' lang='lat' dir='ltr'>fagei</span> <span class='ocrx_word' id='word_1_277' title='bbox 1226 3081 1354 3130; x_wconf 81' lang='lat' dir='ltr'>nemoris.</span> 
     </span>
     <span class='ocr_line' id='line_1_31' title="bbox 214 3146 1356 3213; baseline 0.001 -18"><span class='ocrx_word' id='word_1_278' title='bbox 214 3149 243 3196; x_wconf 88' lang='lat' dir='ltr'>in</span> <span class='ocrx_word' id='word_1_279' title='bbox 263 3146 313 3196; x_wconf 87' lang='lat' dir='ltr'>hoc</span> <span class='ocrx_word' id='word_1_280' title='bbox 333 3148 456 3197; x_wconf 84' lang='lat' dir='ltr'>arboreus</span> <span class='ocrx_word' id='word_1_281' title='bbox 475 3147 603 3196; x_wconf 82' lang='lat' dir='ltr'>eximiam</span> <span class='ocrx_word' id='word_1_282' title='bbox 622 3152 715 3196; x_wconf 89' lang='lat' dir='ltr'>aetate</span> <span class='ocrx_word' id='word_1_283' title='bbox 734 3148 828 3196; x_wconf 68' lang='lat' dir='ltr'>nostia</span> <span class='ocrx_word' id='word_1_284' title='bbox 847 3147 989 3196; x_wconf 87' lang='lat' dir='ltr'>adamauit</span> <span class='ocrx_word' id='word_1_285' title='bbox 1000 3148 1149 3197; x_wconf 88' lang='lat' dir='ltr'>Passienus</span> <span class='ocrx_word' id='word_1_286' title='bbox 1167 3148 1293 3213; x_wconf 86' lang='lat' dir='ltr'>Crispus,</span> <span class='ocrx_word' id='word_1_287' title='bbox 1312 3148 1356 3196; x_wconf 92' lang='lat' dir='ltr'>bis</span> 
     </span>
     <span class='ocr_line' id='line_1_32' title="bbox 216 3213 1354 3281; baseline 0.001 -17"><span class='ocrx_word' id='word_1_288' title='bbox 216 3213 326 3274; x_wconf 91' lang='lat' dir='ltr'>consul,</span> <span class='ocrx_word' id='word_1_289' title='bbox 345 3218 449 3275; x_wconf 87' lang='lat' dir='ltr'>orator,</span> <span class='ocrx_word' id='word_1_290' title='bbox 464 3215 633 3279; x_wconf 76' lang='lat' dir='ltr'>Agrippinae</span> <span class='ocrx_word' id='word_1_291' title='bbox 647 3216 820 3264; x_wconf 87' lang='lat' dir='ltr'>matrimonio</span> <span class='ocrx_word' id='word_1_292' title='bbox 834 3220 861 3264; x_wconf 92' lang='lat' dir='ltr'>et</span> <span class='ocrx_word' id='word_1_293' title='bbox 872 3215 980 3265; x_wconf 89' lang='lat' dir='ltr'>Nerone</span> <span class='ocrx_word' id='word_1_294' title='bbox 993 3216 1120 3281; x_wconf 87' lang='lat' dir='ltr'>priuigno</span> <span class='ocrx_word' id='word_1_295' title='bbox 1135 3215 1236 3265; x_wconf 87' lang='lat' dir='ltr'>clarior</span> <span class='ocrx_word' id='word_1_296' title='bbox 1247 3221 1354 3281; x_wconf 87' lang='lat' dir='ltr'>postea,</span> 
     </span>
     <span class='ocr_line' id='line_1_33' title="bbox 127 3280 1357 3349; baseline 0.001 -17"><span class='ocrx_word' id='word_1_297' title='bbox 127 3280 135 3295; x_wconf 66' lang='lat'>⁸</span> <span class='ocrx_word' id='word_1_298' title='bbox 216 3282 335 3333; x_wconf 87' lang='lat' dir='ltr'>osculari</span> <span class='ocrx_word' id='word_1_299' title='bbox 354 3283 547 3347; x_wconf 87' lang='lat' dir='ltr'>conplectique</span> <span class='ocrx_word' id='word_1_300' title='bbox 571 3298 632 3332; x_wconf 90' lang='lat' dir='ltr'>eam</span> <span class='ocrx_word' id='word_1_301' title='bbox 650 3282 760 3345; x_wconf 88' lang='lat' dir='ltr'>solitus,</span> <span class='ocrx_word' id='word_1_302' title='bbox 792 3283 870 3333; x_wconf 91' lang='lat' dir='ltr'>modo</span> <span class='ocrx_word' id='word_1_303' title='bbox 894 3284 996 3333; x_wconf 85' lang='lat' dir='ltr'>cubare</span> <span class='ocrx_word' id='word_1_304' title='bbox 1020 3283 1069 3332; x_wconf 90' lang='lat' dir='ltr'>snb</span> <span class='ocrx_word' id='word_1_305' title='bbox 1098 3299 1131 3332; x_wconf 88' lang='lat' dir='ltr'>ea</span> <span class='ocrx_word' id='word_1_306' title='bbox 1148 3285 1296 3349; x_wconf 83' lang='lat' dir='ltr'>uiriumque</span> <span class='ocrx_word' id='word_1_307' title='bbox 1315 3284 1357 3333; x_wconf 91' lang='lat' dir='ltr'>illi</span> 
     </span>
     <span class='ocr_line' id='line_1_34' title="bbox 216 3348 1357 3401; baseline 0 -1"><span class='ocrx_word' id='word_1_308' title='bbox 216 3348 377 3400; x_wconf 79' lang='lat' dir='ltr'>affundere’</span> <span class='ocrx_word' id='word_1_309' title='bbox 413 3352 529 3400; x_wconf 86' lang='lat' dir='ltr'>Tacitus</span> <span class='ocrx_word' id='word_1_310' title='bbox 553 3367 616 3400; x_wconf 91' lang='lat' dir='ltr'>ann.</span> <span class='ocrx_word' id='word_1_311' title='bbox 641 3350 678 3398; x_wconf 94' lang='lat' dir='ltr'>VI</span> <span class='ocrx_word' id='word_1_312' title='bbox 700 3349 747 3399; x_wconf 71' lang='lat'>20:</span> <span class='ocrx_word' id='word_1_313' title='bbox 788 3351 867 3401; x_wconf 87' lang='lat' dir='ltr'>‘unde</span> <span class='ocrx_word' id='word_1_314' title='bbox 891 3367 954 3401; x_wconf 80' lang='lat' dir='ltr'>mox</span> <span class='ocrx_word' id='word_1_315' title='bbox 976 3352 1075 3401; x_wconf 90' lang='lat' dir='ltr'>scitum</span> <span class='ocrx_word' id='word_1_316' title='bbox 1093 3352 1222 3401; x_wconf 87' lang='lat' dir='ltr'>Passieni</span> <span class='ocrx_word' id='word_1_317' title='bbox 1240 3353 1357 3401; x_wconf 87' lang='lat' dir='ltr'>oratoris</span> 
     </span>
     <span class='ocr_line' id='line_1_35' title="bbox 216 3418 1355 3484; baseline 0 -16"><span class='ocrx_word' id='word_1_318' title='bbox 216 3420 318 3469; x_wconf 88' lang='lat' dir='ltr'>dictum</span> <span class='ocrx_word' id='word_1_319' title='bbox 337 3418 522 3483; x_wconf 86' lang='lat' dir='ltr'>percrebruit,</span> <span class='ocrx_word' id='word_1_320' title='bbox 542 3434 630 3484; x_wconf 86' lang='lat' dir='ltr'>neque</span> <span class='ocrx_word' id='word_1_321' title='bbox 654 3418 795 3469; x_wconf 89' lang='lat' dir='ltr'>meliorem</span> <span class='ocrx_word' id='word_1_322' title='bbox 812 3434 940 3484; x_wconf 90' lang='lat' dir='ltr'>umquam</span> <span class='ocrx_word' id='word_1_323' title='bbox 958 3435 1066 3469; x_wconf 85' lang='lat' dir='ltr'>sernum</span> <span class='ocrx_word' id='word_1_324' title='bbox 1085 3434 1173 3484; x_wconf 89' lang='lat' dir='ltr'>neque</span> <span class='ocrx_word' id='word_1_325' title='bbox 1192 3419 1355 3481; x_wconf 84' lang='lat' dir='ltr'>deteriorem</span> 
     </span>
     <span class='ocr_line' id='line_1_36' title="bbox 216 3485 1356 3553; baseline 0 -17"><span class='ocrx_word' id='word_1_326' title='bbox 216 3487 353 3537; x_wconf 88' lang='lat' dir='ltr'>dominum</span> <span class='ocrx_word' id='word_1_327' title='bbox 371 3486 448 3547; x_wconf 81' lang='lat' dir='ltr'>(Gaio</span> <span class='ocrx_word' id='word_1_328' title='bbox 463 3486 585 3550; x_wconf 80' lang='lat' dir='ltr'>Caesare)</span> <span class='ocrx_word' id='word_1_329' title='bbox 605 3485 709 3536; x_wconf 59' lang='lat' dir='ltr'>luisse!</span> <span class='ocrx_word' id='word_1_330' title='bbox 735 3488 881 3537; x_wconf 83' lang='lat' dir='ltr'>Suetonius</span> <span class='ocrx_word' id='word_1_331' title='bbox 894 3487 984 3553; x_wconf 86' lang='lat' dir='ltr'>Calig.</span> <span class='ocrx_word' id='word_1_332' title='bbox 1005 3487 1048 3537; x_wconf 79' lang='lat'>10:</span> <span class='ocrx_word' id='word_1_333' title='bbox 1074 3488 1209 3552; x_wconf 80' lang='lat' dir='ltr'>‘tantique</span> <span class='ocrx_word' id='word_1_334' title='bbox 1228 3488 1256 3537; x_wconf 88' lang='lat' dir='ltr'>in</span> <span class='ocrx_word' id='word_1_335' title='bbox 1275 3503 1356 3537; x_wconf 88' lang='lat' dir='ltr'>auum</span> 
     </span>
     <span class='ocr_line' id='line_1_37' title="bbox 218 3555 1356 3619; baseline 0.001 -15"><span class='ocrx_word' id='word_1_336' title='bbox 218 3561 247 3604; x_wconf 90' lang='lat' dir='ltr'>et</span> <span class='ocrx_word' id='word_1_337' title='bbox 265 3555 310 3619; x_wconf 91' lang='lat' dir='ltr'>qui</span> <span class='ocrx_word' id='word_1_338' title='bbox 330 3555 406 3604; x_wconf 85' lang='lat' dir='ltr'>iuxta</span> <span class='ocrx_word' id='word_1_339' title='bbox 425 3561 504 3605; x_wconf 88' lang='lat' dir='ltr'>erant</span> <span class='ocrx_word' id='word_1_340' title='bbox 522 3555 661 3619; x_wconf 86' lang='lat' dir='ltr'>obsequii,</span> <span class='ocrx_word' id='word_1_341' title='bbox 687 3559 717 3605; x_wconf 88' lang='lat' dir='ltr'>ut</span> <span class='ocrx_word' id='word_1_342' title='bbox 740 3572 794 3606; x_wconf 90' lang='lat' dir='ltr'>non</span> <span class='ocrx_word' id='word_1_343' title='bbox 819 3555 954 3605; x_wconf 88' lang='lat' dir='ltr'>immerito</span> <span class='ocrx_word' id='word_1_344' title='bbox 978 3557 1015 3604; x_wconf 86' lang='lat' dir='ltr'>sit</span> <span class='ocrx_word' id='word_1_345' title='bbox 1033 3556 1149 3617; x_wconf 89' lang='lat' dir='ltr'>dictum,</span> <span class='ocrx_word' id='word_1_346' title='bbox 1174 3571 1225 3605; x_wconf 90' lang='lat' dir='ltr'>nec</span> <span class='ocrx_word' id='word_1_347' title='bbox 1248 3570 1356 3605; x_wconf 85' lang='lat' dir='ltr'>seruum</span> 
     </span>
     <span class='ocr_line' id='line_1_38' title="bbox 216 3620 1357 3676; baseline 0 -4"><span class='ocrx_word' id='word_1_348' title='bbox 216 3622 357 3672; x_wconf 89' lang='lat' dir='ltr'>meliorem</span> <span class='ocrx_word' id='word_1_349' title='bbox 374 3620 458 3671; x_wconf 90' lang='lat' dir='ltr'>ullum</span> <span class='ocrx_word' id='word_1_350' title='bbox 477 3639 529 3672; x_wconf 90' lang='lat' dir='ltr'>nec</span> <span class='ocrx_word' id='word_1_351' title='bbox 548 3622 711 3672; x_wconf 89' lang='lat' dir='ltr'>deteriorem</span> <span class='ocrx_word' id='word_1_352' title='bbox 724 3623 860 3674; x_wconf 90' lang='lat' dir='ltr'>dominum</span> <span class='ocrx_word' id='word_1_353' title='bbox 878 3622 985 3673; x_wconf 65' lang='lat' dir='ltr'>fuisse)</span> <span class='ocrx_word' id='word_1_354' title='bbox 1004 3650 1036 3657; x_wconf 92' lang='lat'>—-</span> <span class='ocrx_word' id='word_1_355' title='bbox 1055 3623 1163 3672; x_wconf 81' lang='lat' dir='ltr'>Seneca</span> <span class='ocrx_word' id='word_1_356' title='bbox 1181 3623 1213 3672; x_wconf 92' lang='lat' dir='ltr'>de</span> <span class='ocrx_word' id='word_1_357' title='bbox 1232 3623 1325 3676; x_wconf 79' lang='lat' dir='ltr'>benef.</span> <span class='ocrx_word' id='word_1_358' title='bbox 1345 3624 1357 3672; x_wconf 90' lang='lat' dir='ltr'>I</span> 
     </span>
     <span class='ocr_line' id='line_1_39' title="bbox 220 3689 1355 3757; baseline 0.002 -19"><span class='ocrx_word' id='word_1_359' title='bbox 220 3690 264 3751; x_wconf 81' lang='lat'>15,</span> <span class='ocrx_word' id='word_1_360' title='bbox 283 3690 310 3738; x_wconf 81' lang='lat'>5:</span> <span class='ocrx_word' id='word_1_361' title='bbox 337 3689 459 3754; x_wconf 82' lang='lat' dir='ltr'>‘Crispus</span> <span class='ocrx_word' id='word_1_362' title='bbox 477 3691 626 3740; x_wconf 87' lang='lat' dir='ltr'>Passienus</span> <span class='ocrx_word' id='word_1_363' title='bbox 644 3691 753 3741; x_wconf 84' lang='lat' dir='ltr'>solebat</span> <span class='ocrx_word' id='word_1_364' title='bbox 771 3692 863 3741; x_wconf 86' lang='lat' dir='ltr'>dicere</span> <span class='ocrx_word' id='word_1_365' title='bbox 883 3691 1058 3757; x_wconf 82' lang='lat' dir='ltr'>quorumdam</span> <span class='ocrx_word' id='word_1_366' title='bbox 1077 3707 1106 3740; x_wconf 88' lang='lat' dir='ltr'>se</span> <span class='ocrx_word' id='word_1_367' title='bbox 1125 3690 1255 3740; x_wconf 88' lang='lat' dir='ltr'>indicium</span> <span class='ocrx_word' id='word_1_368' title='bbox 1273 3691 1355 3740; x_wconf 80' lang='lat' dir='ltr'>malle</span> 
     </span>
     <span class='ocr_line' id='line_1_40' title="bbox 218 3757 1356 3824; baseline 0.001 -17"><span class='ocrx_word' id='word_1_369' title='bbox 218 3774 297 3824; x_wconf 87' lang='lat' dir='ltr'>quam</span> <span class='ocrx_word' id='word_1_370' title='bbox 311 3757 488 3817; x_wconf 83' lang='lat' dir='ltr'>beneficium,</span> <span class='ocrx_word' id='word_1_371' title='bbox 510 3759 685 3823; x_wconf 89' lang='lat' dir='ltr'>quorumdam</span> <span class='ocrx_word' id='word_1_372' title='bbox 703 3760 866 3809; x_wconf 82' lang='lat' dir='ltr'>beneficium</span> <span class='ocrx_word' id='word_1_373' title='bbox 884 3759 966 3808; x_wconf 86' lang='lat' dir='ltr'>malle</span> <span class='ocrx_word' id='word_1_374' title='bbox 986 3775 1065 3822; x_wconf 94' lang='lat' dir='ltr'>quam</span> <span class='ocrx_word' id='word_1_375' title='bbox 1084 3758 1224 3808; x_wconf 87' lang='lat' dir='ltr'>iudicium.</span> <span class='ocrx_word' id='word_1_376' title='bbox 1249 3766 1276 3809; x_wconf 89' lang='lat' dir='ltr'>et</span> <span class='ocrx_word' id='word_1_377' title='bbox 1294 3759 1356 3809; x_wconf 90' lang='lat' dir='ltr'>sub-</span> 
     </span>
     <span class='ocr_line' id='line_1_41' title="bbox 217 3825 1357 3892; baseline 0.001 -15"><span class='ocrx_word' id='word_1_378' title='bbox 217 3827 322 3877; x_wconf 90' lang='lat' dir='ltr'>iciebat</span> <span class='ocrx_word' id='word_1_379' title='bbox 341 3825 478 3891; x_wconf 80' lang='lat' dir='ltr'>esenipla:</span> <span class='ocrx_word' id='word_1_380' title='bbox 515 3826 602 3886; x_wconf 84' lang='lat' dir='ltr'>Malo,</span> <span class='ocrx_word' id='word_1_381' title='bbox 627 3827 734 3889; x_wconf 86' lang='lat' dir='ltr'>aiebat,</span> <span class='ocrx_word' id='word_1_382' title='bbox 759 3828 817 3877; x_wconf 89' lang='lat' dir='ltr'>diui</span> <span class='ocrx_word' id='word_1_383' title='bbox 840 3827 957 3892; x_wconf 78' lang='lat' dir='ltr'>Augusti</span> <span class='ocrx_word' id='word_1_384' title='bbox 980 3827 1123 3887; x_wconf 90' lang='lat' dir='ltr'>iudicium,</span> <span class='ocrx_word' id='word_1_385' title='bbox 1151 3827 1227 3877; x_wconf 83' lang='lat' dir='ltr'>malo¹</span> <span class='ocrx_word' id='word_1_386' title='bbox 1247 3826 1357 3878; x_wconf 82' lang='lat' dir='ltr'>Claudii</span> 
     </span>
     <span class='ocr_line' id='line_1_42' title="bbox 217 3893 1356 3961; baseline 0 -16"><span class='ocrx_word' id='word_1_387' title='bbox 217 3893 399 3945; x_wconf 65' lang='lat' dir='ltr'>beneficium)</span> <span class='ocrx_word' id='word_1_388' title='bbox 429 3894 576 3945; x_wconf 84' lang='lat' dir='ltr'>Suetonius</span> <span class='ocrx_word' id='word_1_389' title='bbox 593 3893 698 3945; x_wconf 65' lang='lat' dir='ltr'>Necti:</span> <span class='ocrx_word' id='word_1_390' title='bbox 723 3896 826 3945; x_wconf 88' lang='lat' dir='ltr'>‘uerum</span> <span class='ocrx_word' id='word_1_391' title='bbox 843 3894 1114 3960; x_wconf 86' lang='lat' dir='ltr'>Claudioimperium</span> <span class='ocrx_word' id='word_1_392' title='bbox 1129 3895 1228 3961; x_wconf 88' lang='lat' dir='ltr'>adepto</span> <span class='ocrx_word' id='word_1_393' title='bbox 1243 3933 1356 3947; x_wconf 87' lang='lat'><strong>........</strong></span> 
     </span>
     <span class='ocr_line' id='line_1_43' title="bbox 218 3961 1004 4027; baseline 0 -15"><span class='ocrx_word' id='word_1_394' title='bbox 218 3961 309 4027; x_wconf 88' lang='lat' dir='ltr'>Crispi</span> <span class='ocrx_word' id='word_1_395' title='bbox 327 3962 454 4011; x_wconf 85' lang='lat' dir='ltr'>Passieni</span> <span class='ocrx_word' id='word_1_396' title='bbox 472 3963 567 4013; x_wconf 83' lang='lat' dir='ltr'>uitrici</span> <span class='ocrx_word' id='word_1_397' title='bbox 586 3964 629 4013; x_wconf 91' lang='lat' dir='ltr'>sui</span> <span class='ocrx_word' id='word_1_398' title='bbox 645 3963 801 4014; x_wconf 86' lang='lat' dir='ltr'>hereditate</span> <span class='ocrx_word' id='word_1_399' title='bbox 820 3963 924 4013; x_wconf 87' lang='lat' dir='ltr'>ditatus</span> <span class='ocrx_word' id='word_1_400' title='bbox 943 3961 1004 4013; x_wconf 91' lang='lat' dir='ltr'>est.’</span> 
     </span>
     <span class='ocr_line' id='line_1_44' title="bbox 302 4026 1357 4096; baseline 0.001 -14"><span class='ocrx_word' id='word_1_401' title='bbox 302 4026 356 4082; x_wconf 68' lang='lat'>³2*</span> <span class='ocrx_word' id='word_1_402' title='bbox 372 4030 557 4096; x_wconf 82' lang='lat' dir='ltr'>Hieronymus</span> <span class='ocrx_word' id='word_1_403' title='bbox 575 4030 619 4080; x_wconf 88' lang='lat' dir='ltr'>Ol.</span> <span class='ocrx_word' id='word_1_404' title='bbox 643 4030 706 4095; x_wconf 79' lang='lat'>205,</span> <span class='ocrx_word' id='word_1_405' title='bbox 729 4033 753 4081; x_wconf 92' lang='grc'>4.</span> <span class='ocrx_word' id='word_1_406' title='bbox 794 4032 910 4081; x_wconf 86' lang='lat' dir='ltr'>Tacitus</span> <span class='ocrx_word' id='word_1_407' title='bbox 934 4047 998 4090; x_wconf 81' lang='lat' dir='ltr'>ann.</span> <span class='ocrx_word' id='word_1_408' title='bbox 1021 4031 1146 4081; x_wconf 76' lang='lat'>1111522</span> <span class='ocrx_word' id='word_1_409' title='bbox 1192 4033 1357 4084; x_wconf 85' lang='lat' dir='ltr'>‘atRomae</span> 
     </span>
    </p>
   </div>
   <div class='ocr_carea' id='block_1_5' title="bbox 218 4179 1411 4368">
    <p class='ocr_par' dir='ltr' id='par_1_5' title="bbox 218 4179 1411 4368">
     <span class='ocr_line' id='line_1_45' title="bbox 303 4179 1411 4285; baseline -0.004 -22"><span class='ocrx_word' id='word_1_410' title='bbox 303 4214 319 4263; x_wconf 78' lang='grc' dir='ltr'>ὀ</span> <span class='ocrx_word' id='word_1_411' title='bbox 337 4202 419 4261; x_wconf 88' lang='lat' dir='ltr'>mille</span> <span class='ocrx_word' id='word_1_412' title='bbox 441 4204 503 4272; x_wconf 86' lang='lat' dir='ltr'>PS,</span> <span class='ocrx_word' id='word_1_413' title='bbox 518 4221 597 4260; x_wconf 87' lang='lat' dir='ltr'>corr.</span> <span class='ocrx_word' id='word_1_414' title='bbox 617 4205 751 4262; x_wconf 73' lang='lat' dir='ltr'>Pithoeus</span> <span class='ocrx_word' id='word_1_415' title='bbox 766 4197 780 4284; x_wconf 82' lang='grc' dir='ltr'>ΙΙ</span> <span class='ocrx_word' id='word_1_416' title='bbox 795 4210 812 4265; x_wconf 85' lang='grc'><strong>6</strong></span> <span class='ocrx_word' id='word_1_417' title='bbox 826 4202 861 4263; x_wconf 90' lang='lat' dir='ltr'>C.</span> <span class='ocrx_word' id='word_1_418' title='bbox 873 4206 941 4261; x_wconf 86' lang='lat' dir='ltr'>add.</span> <span class='ocrx_word' id='word_1_419' title='bbox 957 4204 1071 4275; x_wconf 84' lang='lat' dir='ltr'>Lipsius</span> <span class='ocrx_word' id='word_1_420' title='bbox 1086 4197 1129 4285; x_wconf 71' lang='grc'>117</span> <span class='ocrx_word' id='word_1_421' title='bbox 1144 4202 1196 4261; x_wconf 91' lang='lat' dir='ltr'>illo</span> <span class='ocrx_word' id='word_1_422' title='bbox 1215 4201 1357 4262; x_wconf 90' lang='lat' dir='ltr'>audiente</span> <span class='ocrx_word' id='word_1_423' title='bbox 1408 4179 1411 4187; x_wconf 39' lang='lat'>¹</span> 
     </span>
     <span class='ocr_line' id='line_1_46' title="bbox 218 4282 1357 4368; baseline -0.004 -22"><span class='ocrx_word' id='word_1_424' title='bbox 218 4291 331 4362; x_wconf 67' lang='lat' dir='ltr'>Lipsius</span> <span class='ocrx_word' id='word_1_425' title='bbox 347 4282 360 4368; x_wconf 75' lang='grc'>11</span> <span class='ocrx_word' id='word_1_426' title='bbox 375 4286 413 4345; x_wconf 90' lang='lat' dir='ltr'>ab</span> <span class='ocrx_word' id='word_1_427' title='bbox 425 4288 548 4346; x_wconf 85' lang='lat' dir='ltr'>Nerone</span> <span class='ocrx_word' id='word_1_428' title='bbox 557 4290 613 4357; x_wconf 73' lang='lat' dir='ltr'>Pa,</span> <span class='ocrx_word' id='word_1_429' title='bbox 627 4293 754 4348; x_wconf 78' lang='lat' dir='ltr'>correxi.</span> <span class='ocrx_word' id='word_1_430' title='bbox 770 4290 811 4361; x_wconf 79' lang='lat' dir='ltr'>cs.</span> <span class='ocrx_word' id='word_1_431' title='bbox 824 4290 1005 4362; x_wconf 59' lang='grc'>1111111111.</span> <span class='ocrx_word' id='word_1_432' title='bbox 1022 4283 1035 4367; x_wconf 76' lang='lat' dir='ltr'>ll</span> <span class='ocrx_word' id='word_1_433' title='bbox 1049 4287 1214 4365; x_wconf 70' lang='lat' dir='ltr'>burgando</span> <span class='ocrx_word' id='word_1_434' title='bbox 1227 4290 1357 4360; x_wconf 74' lang='lat' dir='ltr'>lipsius:</span> 
     </span>
    </p>
   </div>
   <div class='ocr_carea' id='block_1_6' title="bbox 218 4368 1357 4518">
    <p class='ocr_par' dir='ltr' id='par_1_6' title="bbox 218 4368 1357 4518">
     <span class='ocr_line' id='line_1_47' title="bbox 218 4368 1357 4454; baseline -0.004 -22"><span class='ocrx_word' id='word_1_435' title='bbox 218 4381 380 4450; x_wconf 87' lang='lat' dir='ltr'>negantem</span> <span class='ocrx_word' id='word_1_436' title='bbox 398 4374 447 4430; x_wconf 85' lang='lat' dir='ltr'>PS</span> <span class='ocrx_word' id='word_1_437' title='bbox 462 4392 578 4449; x_wconf 82' lang='lat' dir='ltr'>negans</span> <span class='ocrx_word' id='word_1_438' title='bbox 596 4376 732 4432; x_wconf 76' lang='lat' dir='ltr'>Pithoeus</span> <span class='ocrx_word' id='word_1_439' title='bbox 745 4368 759 4454; x_wconf 85' lang='grc' dir='ltr'>ΙΙ</span> <span class='ocrx_word' id='word_1_440' title='bbox 775 4384 808 4435; x_wconf 87' lang='grc'>10</span> <span class='ocrx_word' id='word_1_441' title='bbox 820 4372 1019 4432; x_wconf 89' lang='lat' dir='ltr'>adsentiendo</span> <span class='ocrx_word' id='word_1_442' title='bbox 1039 4377 1168 4448; x_wconf 81' lang='lat' dir='ltr'>Lipsius:</span> <span class='ocrx_word' id='word_1_443' title='bbox 1186 4370 1357 4429; x_wconf 82' lang='lat' dir='ltr'>adsentien-</span> 
     </span>
     <span class='ocr_line' id='line_1_48' title="bbox 218 4456 686 4518; baseline -0.004 0"><span class='ocrx_word' id='word_1_444' title='bbox 218 4468 279 4518; x_wconf 88' lang='lat' dir='ltr'>tem</span> <span class='ocrx_word' id='word_1_445' title='bbox 295 4459 344 4516; x_wconf 76' lang='lat' dir='ltr'>Pa</span> <span class='ocrx_word' id='word_1_446' title='bbox 358 4456 533 4517; x_wconf 87' lang='lat' dir='ltr'>adsentiens</span> <span class='ocrx_word' id='word_1_447' title='bbox 551 4456 686 4517; x_wconf 76' lang='lat' dir='ltr'>Pithoeus</span> 
     </span>
    </p>
   </div>
   <div class='ocr_carea' id='block_1_7' title="bbox 0 0 1615 4992">
    <p class='ocr_par' dir='ltr' id='par_1_7' title="bbox 0 0 1615 4992">
     <span class='ocr_line' id='line_1_49' title="bbox 0 0 1615 4992; baseline 0 0"><span class='ocrx_word' id='word_1_448' title='bbox 0 0 1615 4992; x_wconf 95' lang='lat' dir='ltr'> </span> 
     </span>
    </p>
   </div>
  </div>
 </body>
</html>
