3218 5000
271 404 331 468 176
770 426 902 469 ruurvu

266 571 343 636 Kal.
364 571 574 654 Decembris,
604 571 720 636 diebus
742 574 816 638 XC.
846 573 922 638 iudo
950 574 1031 637 fiunt
1051 576 1129 638 auni
1151 576 1310 639 uortemis
1339 574 1408 639 dics

267 672 463 739 CCCLXV.

157 754 270 827 ¹233*
352 786 536 838 sonsrrrrs
565 774 629 837 duo
657 783 748 838 sunt:
792 778 931 862 primum
958 792 1119 840 ursulus
1145 777 1228 839 VIII
1262 777 1333 840 lial.
1358 777 1408 840 la-

267 878 414 956 nuarias,
446 897 510 962 quo
539 873 589 938 sol
614 884 679 938 stat
702 886 734 939 ct
763 887 914 940 crescunt
943 878 1028 941 dios:
1070 878 1208 940 alterum
1233 894 1409 941 ausrwvu

268 977 349 1040 VIII
372 976 449 1041 Kal.
480 976 595 1059 Iulias,
619 999 682 1062 quo
706 977 753 1041 sol
775 987 839 1040 stat
862 988 893 1039 ct
920 990 1073 1042 crescunt
1094 989 1216 1042 noctes.
1259 978 1310 1043 his
1335 1001 1431 1042 con-u

266 1081 368 1142 traria
397 1078 461 1142 duo
488 1093 727 1152 ssovmocrm
758 1087 849 1141 suut:
899 1102 999 1158 unum
1021 1076 1198 1142 ‘vuuusns
1224 1078 1305 1142 VIII
1333 1079 1408 1142 Kal.

267 1180 408 1265 Aprilis,
431 1201 494 1263 quo
515 1178 585 1241 dies
608 1187 773 1242 crescunt:
807 1179 943 1243 alterum
967 1197 1206 1243 aurvurusus
1230 1179 1313 1243 VIII
1334 1180 1408 1243 Kal.

266 1280 436 1360 Octobris,
459 1301 523 1363 quo
539 1279 609 1343 dies
629 1282 829 1345 minuuntur.
867 1280 1041 1345 solstitium
1059 1291 1167 1344 autom
1184 1282 1302 1345 dicitur
1316 1283 1409 1365 quasi

268 1521 439 1585 alterumque
458 1519 662 1581 aequinoctium
680 1520 781 1577 librae,
807 1521 854 1583 qui
873 1521 970 1585 stipsi
989 1520 1048 1570 dies
1066 1536 1128 1570 raro
1146 1536 1200 1569 uon
1218 1521 1325 1585 aliquos
1342 1524 1410 1570 tom·

267 1595 404 1654 postauam
423 1587 595 1652 significatus
613 1588 724 1637 habeut.
760 1602 852 1637 rursus
870 1587 899 1637 hi
915 1588 1042 1638 cardines
1060 1589 1177 1652 siugulis
1200 1589 1348 1637 etiamnum
1367 1604 1409 1636 sr-
1486 1606 1490 1611 ·

268 1656 360 1706 ticulis
379 1662 528 1720 temporum
547 1655 718 1717 diuiduntur,
741 1670 790 1720 per
813 1654 905 1704 media
923 1671 1016 1705 omnes
1035 1655 1139 1704 dicrum
1158 1657 1263 1721 spatia,
1283 1656 1410 1720 quonism

267 1726 339 1773 iuter
363 1724 507 1773 solstitium
519 1728 561 1772 ‘et
583 1723 785 1786 aequinoctium
808 1724 931 1771 autumni
954 1723 1082 1772 fidiculae
1112 1738 1229 1773 occasus
1253 1730 1410 1772 autumnum

268 1792 381 1841 inchoat
398 1791 442 1840 dio
461 1790 562 1851 XLVI,
583 1795 613 1840 at
636 1791 670 1839 ab
690 1791 864 1854 aequinoctio
884 1807 915 1839 eo
931 1791 970 1840 ad
988 1792 1111 1840 brumam
1128 1791 1306 1855 uergiliarum
1324 1796 1411 1839 matu-

256 1861 341 1910 tinus
364 1873 479 1908 occasus
498 1858 614 1907 hiemem
639 1859 683 1907 dio
701 1858 822 1919 XLIIII‚
849 1859 921 1907 iuter
944 1859 1067 1907 brumam
1090 1864 1118 1907 et
1141 1859 1342 1923 aequiuoctium
1365 1859 1409 1907 dis

268 1928 342 1976 XLV
360 1927 441 1975 flatus
461 1926 553 1975 lauoui
571 1940 683 1975 uernum
697 1933 811 1990 tempus,
833 1926 867 1974 ab
887 1927 1061 1990 aequinoctio
1079 1941 1163 1975 uerno
1175 1927 1282 1975 initium
1295 1927 1410 1974 assistis

268 1995 312 2044 dio
331 1994 449 2043 XLVIII
466 1992 643 2059 uergiliarum
662 2000 755 2047 exortu
774 1992 927 2042 matutino'
951 1994 1014 2044 ⁶237:
1035 1994 1197 2061 ‘Asiauouio
1216 1994 1243 2041 in
1263 1993 1409 2057 acquinoc-

268 2065 334 2111 tIum
358 2076 471 2111 uernum
489 2060 604 2109 Caesari
626 2061 781 2126 significat,
805 2060 887 2109 XIIII
911 2061 1052 2110 Kalendas
1077 2062 1158 2110 hlart.
1182 2061 1300 2110 triduum
1322 2061 1410 2118 uaria,

269 2136 297 2178 et
313 2129 455 2179 Kalendas
474 2128 627 2178 hirundinis
650 2129 712 2178 uisu
735 2135 763 2177 et
786 2132 894 2193 postero
917 2128 962 2177 dio
986 2129 1088 2178 arcturi
1113 2134 1208 2179 exortu
1230 2126 1408 2193 uespertiuo.’

268 2195 331 2248 239:
353 2196 472 2246 ‘interim
492 2196 527 2244 ab
547 2211 578 2245 eo
591 2195 635 2245 dle
654 2196 779 2261 quisquis
793 2195 840 2245 ille
854 2195 945 2257 fuerit,
965 2212 1017 2260 quo
1035 2198 1100 2245 flare
1120 2196 1257 2259 (suetonius)
1277 2197 1408 2260 cooperit,

268 2279 322 2314 non
333 2264 427 2328 utique
440 2264 493 2312 VII
511 2263 571 2312 idus
583 2264 665 2313 Febr.
690 2265 738 2313 sed
751 2265 811 2312 siue
824 2269 903 2325 anto,
919 2264 1025 2328 quaudo
1038 2269 1213 2328 praeuernah
1233 2264 1291 2312 siuc
1304 2270 1409 2328 postas,
1510 2284 1519 2299 ·

269 2332 377 2397 quando
395 2331 499 2380 hiemat
516 2336 577 2395 post
595 2331 667 2381 diem
686 2329 803 2380 certum’
824 2347 847 2380 a.
868 2347 894 2395 q.
913 2342 935 2380 s:
971 2330 1035 2380 246:
1062 2331 1279 2395 ‘aequinoctium
1297 2345 1411 2380 uernum

269 2416 295 2449 a.
314 2400 340 2449 d.
359 2400 425 2447 VIII
444 2398 586 2447 Kalendas
603 2398 689 2463 April.
712 2397 958 2464 peragiuidetur)
994 2398 1056 2447 248:
1083 2400 1137 2448 ‘sic
1161 2399 1219 2448 fore
1243 2400 1272 2447 iu
1294 2398 1332 2446 VI
1350 2398 1411 2446 idus

269 2466 389 2530 (Maias),
410 2467 456 2530 qui
475 2472 517 2514 est
535 2467 713 2529 uergiliarum
731 2472 848 2525 exortus,
867 2466 1015 2516 decurrunt
1027 2464 1138 2515 sidera'
1174 2466 1237 2515 255:
1256 2466 1296 2515 XI
1309 2465 1409 2514 Kalen-

269 2535 319 2584 das
338 2534 449 2597 (quias)
468 2534 583 2582 Caesari
601 2533 712 2583 Orionis
730 2533 839 2597 gladius
861 2534 989 2583 occidere
1013 2532 1135 2598 incipit.’
1172 2532 1235 2582 256:
1259 2533 1335 2582 ‘VIII
1355 2535 1410 2582 Ka-

270 2602 366 2652 lendas
386 2600 473 2649 Iulias
489 2616 554 2649 uero
572 2600 747 2665 longissimus
771 2601 831 2650 diss
854 2602 938 2650 totius
962 2603 1028 2650 anui
1052 2607 1080 2650 at
1104 2617 1157 2651 nox
1174 2601 1339 2652 breuissima
1357 2601 1410 2650 sol-

270 2670 374 2719 stitium
393 2666 557 2717 coniiciunt'
594 2667 656 2716 ¹271:
677 2669 726 2716 ‘III
746 2668 806 2718 idus
825 2670 917 2732 (Any.)
936 2667 1049 2717 lidlcula
1067 2684 1168 2718 occasu
1186 2661 1234 2718 duo
1253 2674 1410 2718 autumnum

269 2736 383 2786 inchoat
399 2735 440 2784 uti
458 2736 481 2784 is
499 2735 621 2797 (Caesar)
641 2736 763 2785 adnotat.
799 2736 847 2785 sed
865 2751 933 2786 uera
950 2737 1021 2785 ratio
1040 2736 1067 2784 id
1086 2737 1145 2785 lieri
1164 2737 1271 2786 inuenit
1289 2736 1327 2784 VI
1351 2736 1412 2785 idus

228 2846 232 2855 t
271 2800 401 2854 easdam’
432 2803 470 2851 ci.
489 2801 548 2851 289.
583 2801 646 2851 309:
667 2803 794 2853 ‘Kalend
813 2804 983 2868 Septembris
1001 2804 1116 2853 Caesari
1135 2810 1163 2853 et
1180 2804 1312 2867 Assyriae
1330 2804 1412 2857 stolia
1507 2857 1512 2867 Ι

270 2886 340 2935 quae
358 2869 523 2919 uindemitor
541 2870 697 2934 appellatur
715 2871 815 2921 exoriri
833 2886 912 2920 mane
931 2871 1029 2935 incipit
1051 2872 1207 2920 uindemiae
1225 2870 1417 2920 maturitatem·

289 2934 449 2986 romittans.’
485 2935 548 2987 311:
575 2938 727 3002 ‘ipsumque
747 2938 904 3003 aequinocti
924 2939 999 2988 sidus
1017 2940 1085 2988 VIII
1102 2931 1244 2988 Kalffldas
1260 2937 1410 2988 Octobris.'

269 2955 333 3056 diti:
353 3004 404 3053 ‘111
422 3004 483 3053 idus
496 3005 587 3065 (Nou.)
601 3006 735 3070 uergiliae
748 3005 896 3055 occiduut’
909 3033 939 3041 —
951 3006 1103 3055 Columella
1115 3007 1153 3056 XI
1167 3007 1190 3065 2,
1208 3006 1251 3055 15:
1271 3006 1333 3055 ‘VII
1346 3007 1411 3055 Idus

269 3074 352 3123 Febr.
371 3071 478 3121 fauonii
495 3073 600 3136 spirare
619 3072 776 3138 Incipiunt)
815 3073 860 3121 21:
886 3074 951 3123 ‘VII
971 3073 1030 3122 Cal.
1048 3074 1143 3123 Martii
1164 3072 1280 3126 hirundo
1304 3074 1412 3138 conspi-

271 3137 359 3189 citur.’
395 3137 441 3188 36:
462 3139 585 3189 ‘Decimo
603 3140 663 3190 Gal⁴
682 3142 773 3190 Maias
791 3141 931 3206 Vergiliae
950 3156 1010 3198 cum
1029 3142 1086 3191 sole
1106 3140 1247 3192 oriuntur)
1283 3139 1329 3191 39:
1350 3141 1412 3190 ‘VII

270 3208 335 3257 Idus
352 3207 442 3257 Maias
461 3207 576 3257 aestatis
599 3207 727 3257 initium!
763 3208 811 3257 40:
838 3209 889 3258 ‘VI
912 3209 977 3258 Idus
996 3208 1136 3273 Vergilias
1160 3214 1235 3259 totas
1256 3207 1410 3273 apparent)

270 3276 316 3324 57:
336 3275 439 3323 ‘Pridie
452 3275 517 3324 Idus
528 3276 598 3339 Aug.
611 3275 689 3344 isidis
702 3276 803 3325 occidit
815 3291 895 3325 maus
909 3282 937 3325 et
955 3284 1101 3325 autumnus
1113 3274 1229 3340 incipit‘
1266 3276 1312 3325 58:
1333 3277 1411 3324 ‘XIII

270 3343 330 3393 Cal.
356 3342 431 3406 Sept.
548 3343 611 3391 lidie
629 3343 739 3392 occidit.
768 3344 874 3392 decimo
897 3344 960 3392 Kal.
985 3344 1122 3408 Septemb.
1147 3359 1180 3392 ex
1202 3343 1298 3393 eodem
1322 3343 1411 3391 sidcrc

269 3417 421 3475 tempestas
438 3410 595 3474 plerumque
615 3411 701 3459 oritur
719 3417 747 3459 ot
764 3408 877 3475 pluuia.’
913 3410 958 3459 84:
979 3412 1066 3461 ‘sexto
1084 3411 1149 3460 Idus
1167 3410 1328 3460 Nouembris
1347 3411 1411 3459 Var-
1493 3409 1496 3415 ’
1597 3424 1598 3431 ’

270 3478 355 3543 giliao
380 3493 459 3527 maus
475 3478 613 3527 occidunt
725 3479 819 3542 quinto
838 3478 951 3542 (quarto
975 3480 1138 3541 Pontedera)
1162 3479 1227 3528 Idus
1250 3478 1412 3527 Nouembris

269 3545 373 3595 hiemis.
385 3543 512 3594 initium.’
1034 3562 1041 3578 =
1416 3543 1422 3553 ’

358 3609 428 3665 123*
445 3612 566 3662 Isidorus
585 3613 619 3662 de
637 3618 738 3662 natura
755 3629 845 3663 rerum
863 3613 943 3663 VIII:
964 3614 1019 3663 ‘Ile
1038 3614 1158 3664 solstitio
1176 3619 1205 3663 et
1228 3613 1412 3678 aequinoctio.

272 3680 513 3730 Solstitia‘duo
526 3679 614 3729 sunt'
628 3696 652 3729 c.
666 3696 691 3743 q.
705 3695 726 3729 s.
743 3700 773 3715 -·-
787 3682 897 3731 Servius
910 3697 1004 3746 georg.
1017 3683 1031 3731 I
1046 3680 1094 3731 lot)
1111 3680 1193 3743 (uude
1211 3680 1309 3730 eadem
1325 3680 1412 3730 Isido-

271 3764 317 3798 rus
340 3750 427 3812 origg.
451 3748 474 3794 V
493 3747 551 3811 34):
588 3749 663 3797 ‘Iluo
686 3754 750 3797 suut
772 3749 905 3798 solstitia:
938 3763 1020 3798 uuum
1047 3750 1182 3798 aestiuum
1203 3749 1272 3798 VIII
1295 3748 1412 3797 Kalend.

272 3816 336 3866 Iulii
355 3816 409 3875 die,
429 3830 482 3879 quo
500 3822 621 3880 tempore
635 3830 758 3864 remeare
772 3816 812 3865 sol
826 3816 860 3865 ad
872 3816 1018 3865 inferiores
1030 3817 1127 3881 Incipit
1145 3815 1277 3876 circulos3
1297 3822 1325 3865 et
1338 3815 1413 3865 allud

271 3884 390 3933 hiemale
409 3883 475 3932 VIII
495 3882 682 3931 Kalendarum
700 3884 826 3932 Ianuarii
845 3883 898 3945 dio,
918 3899 970 3947 quo
988 3890 1109 3948 tempore
1123 3885 1165 3934 sol
1183 3884 1297 3933 altiores
1315 3883 1414 3947 incipit

272 3951 389 4001 circulos
407 3955 510 4014 potere.
547 3950 618 3999 unda
637 3949 762 3999 hiemalis
780 3950 893 4001 solstitii
911 3952 969 3999 dies
987 3952 1127 4011 minimus,
1147 3953 1220 4000 sicut
1237 3951 1340 4000 aestiui
1357 3966 1413 3999 ma·

271 4020 360 4068 ximus
378 4019 519 4068 inuenitur
538 4053 604 4067 .....
624 4018 677 4067 duo
695 4019 872 4082 aequinoctia
886 4033 967 4067 uuum
986 4020 1097 4069 uernale
1112 4026 1140 4069 et
1152 4018 1228 4069 aliud
1240 4018 1413 4068 auctumnal'c

359 4185 367 4234 1
392 4171 410 4225 d
426 4178 449 4230 Α
464 4167 478 4254 Η
493 4171 568 4229 XCI
586 4174 609 4228 A
624 4169 637 4249 ξ,
652 4172 733 4231 unde
750 4175 778 4227 B
792 4168 805 4254 ΙΙ
821 4173 913 4233 efiuut
932 4152 957 4230 Ᾱ
979 4174 1093 4231 fiuiuut·
1108 4169 1162 4254 ΒΗ
1178 4184 1195 4235 3
1209 4170 1413 4231 colesticiaA¹

271 4253 493 4319 solistitiaBA²
508 4252 521 4338 Η
536 4254 696 4316 hiemalem
715 4253 900 4316 A'¹Ibernale
916 4261 944 4315 B
958 4254 971 4337 ll
986 4256 1037 4315 iau
1056 4258 1299 4316 Aianuariarum
1313 4252 1354 4314 B²
1369 4255 1415 4335 lli

271 4344 353 4425 quod
370 4338 409 4399 B¹
432 4340 445 4420 ll
466 4343 545 4403 bibl.
562 4342 583 4400 k
600 4348 623 4399 Α
643 4338 655 4423 ll
675 4342 757 4422 quod
774 4338 814 4398 13¹
836 4340 849 4423 ll
870 4352 887 4404 6
913 4343 1068 4400 uernalom
1083 4347 1107 4399 A
1127 4337 1141 4423 ll
1162 4349 1177 4403 7
1197 4362 1235 4401 ex
1259 4361 1318 4420 quo
1331 4345 1384 4399 AB
1400 4339 1412 4421 ll

244 4432 247 4436 ’
271 4428 445 4489 autumnale
464 4430 491 4484 B
506 4421 519 4510 ΙΙ
535 4438 553 4491 8
567 4428 700 4485 octubris
719 4422 761 4484 B¹
776 4421 790 4508 ll
805 4426 989 4485 solesticiam
1009 4422 1046 4484 Α1
1071 4423 1246 4501 solistitium
1258 4422 1335 4486 BA?
