3202 4998
280 393 342 456 418
608 413 832 462 uvassrrouus
857 410 1081 453 eraroumuas

281 565 394 626 diserte
410 563 511 638 tradit,
530 563 626 623 Attici
641 564 755 624 nomini
770 563 846 621 haec
865 560 972 620 addita
987 572 1071 619 suut:
1087 565 1125 618 ud
1140 579 1219 637 quem
1236 566 1419 625 11111θὶ1111-

279 671 322 724 m's
339 671 470 741 epistolae
490 687 519 744 p.
548 675 610 739 us,
635 674 676 728 17.
704 684 783 744 quse
804 663 898 723 rerba
925 683 992 721 cum
1014 661 1179 721 Suetonius
1204 663 1338 722 scribere
1361 683 1421 721 non

279 769 429 845 potnerit,
450 769 497 825 cui
515 767 655 826 sufficere
671 765 775 825 debuit
797 774 916 824 atvero
937 765 1072 836 suffecit,
1095 776 1129 823 ut
1150 764 1340 824 celeberrimi
1360 764 1421 823 his·

280 869 382 941 torici,
416 876 450 926 ut
479 869 542 927 alia
568 871 718 939 omittam,
754 865 1040 945 memorismapud
1069 867 1216 946 aequales
1249 876 1420 938 revocaret,

279 971 414 1049 equitem
430 969 499 1029 'cum
520 971 689 1031 Romanum
705 969 760 1045 (cs.
782 969 887 1045 Nepos
904 968 968 1025 vita
988 969 1082 1025 Attici
1103 966 1131 1045 1)
1160 969 1347 1039 nominasse,
1367 987 1422 1046 pro

196 1104 200 1113 ,
279 1071 460 1130 emblemate
484 1071 626 1131 habenda
647 1080 730 1143 suut,
759 1069 840 1148 quod
866 1089 901 1127 eo
925 1077 1061 1146 tempore
1091 1069 1203 1128 facturn
1229 1080 1275 1128 est
1299 1069 1421 1149 quode

212 1200 224 1216 ·
278 1173 382 1231 Attico
405 1172 491 1231 nulla
513 1173 572 1231 iarn
594 1173 655 1231 alia
680 1171 788 1230 notitia
809 1180 964 1249 superstes
985 1171 1057 1242 fuit,
1084 1191 1174 1250 quam
1200 1190 1267 1229 esse
1291 1169 1329 1228 ad
1352 1190 1420 1229 oum

280 1271 438 1331 Ciceronis
465 1272 620 1351 epistulas.
667 1282 793 1352 recepta
827 1282 927 1331 autem
958 1292 995 1331 ea
1025 1282 1071 1330 ost
1098 1293 1135 1331 eu
1165 1275 1231 1350 ipso
1258 1271 1317 1330 hoc
1344 1270 1421 1331 libro

278 1394 308 1452 p.
337 1386 401 1444 105,
427 1384 468 1437 14.
521 1376 604 1454 atqui
630 1376 708 1434 hanc
735 1362 999 1453 interpolationem
1026 1373 1171 1432 Italorum
1195 1374 1338 1432 memoria
1367 1391 1420 1430 an·

279 1476 440 1553 tiquiorem
459 1496 527 1536 esse
547 1478 577 1534 in
596 1475 758 1555 propatulo
780 1487 840 1548 111,
862 1476 976 1555 quippe
991 1476 1100 1555 quibus
1120 1476 1216 1533 Attici
1235 1494 1346 1533 nomen
1368 1471 1419 1532 de·

278 1596 359 1634 muru
378 1576 617 1654 recuperandum
630 1578 723 1636 fuerit
737 1598 776 1636 ex
790 1575 961 1655 corruptela
975 1580 1057 1647 Sutti,
1072 1596 1162 1656 qnam
1175 1577 1205 1634 in
1218 1575 1420 1634 Henochiano

278 1676 386 1736 saltem
402 1679 577 1757 apographo
591 1680 684 1738 luisse
699 1698 862 1738 consensus
877 1697 1008 1736 meorum
1021 1677 1165 1736 librorum
1179 1675 1278 1736 docet.
1300 1697 1362 1736 non
1377 1677 1420 1734 ita

279 1787 363 1853 certa
378 1788 425 1838 ost
441 1789 526 1840 aetas
543 1780 620 1839 alius
637 1781 893 1859 interpolationis,
923 1799 1001 1858 quae
1016 1779 1047 1837 in
1064 1778 1193 1838 indicem
1209 1779 1418 1856 grammatico·
1504 1852 1508 1857 υ

277 1899 342 1938 rum
358 1901 388 1959 p.
403 1890 439 1943 98
461 1882 596 1960 inrepsit.
630 1881 801 1941 eiciendum
820 1882 899 1941 enim
920 1891 968 1940 set
988 1878 1060 1938 iude
1078 1879 1149 1938 Aeli
1166 1880 1348 1939 Praeconini
1365 1899 1418 1938 no·

177 2030 183 2044 .
277 2001 355 2054 men,
369 1981 499 2063 quicum
510 1983 721 2062 a'l'ranquillo
735 1984 766 2042 in
781 1983 974 2060 praefatione
988 1990 1104 2040 tantum
1117 1990 1366 2042 commemoratus
1381 1982 1421 2041 sit

278 2085 309 2142 in
323 2082 455 2144 indicem
466 2085 560 2163 recipi
573 2104 633 2143 non
645 2086 787 2164 potuerit.
811 2083 918 2143 eodem
930 2085 996 2142 iure
1008 2080 1133 2142 Servius
1146 2082 1272 2143 Clodius
1283 2083 1364 2142 hunc
1375 2083 1419 2142 lo·

278 2203 346 2243 cum
360 2185 418 2244 sibi
433 2204 561 2263 poscere
573 2195 702 2265 poterut.
725 2194 818 2265 atque
833 2195 867 2243 ut
882 2184 965 2244 sraus
983 2185 1145 2243 manifesto
1157 2184 1317 2264 prodatur,
1330 2184 1360 2243 in
1375 2185 1419 2242 in·

278 2283 347 2346 dice
369 2285 477 2345 eadem
499 2287 674 2364 corruptela
697 2289 870 2345 Praeconium
889 2295 1050 2363 conparet,
1077 2286 1208 2365 quaein
1229 2286 1419 2366 praelatione
1490 2318 1495 2326 ·

277 2407 308 2465 p.
323 2396 387 2461 101,
410 2399 441 2449 14
452 2390 598 2462 occurrit,
617 2398 650 2446 ut
661 2389 732 2446 hinc
742 2387 817 2447 illuc
829 2389 982 2446 invectum
1001 2407 1069 2446 esse
1080 2408 1189 2447 nomeu
1204 2396 1318 2467 pateat.
1342 2387 1419 2446 anti-

278 2490 454 2566 quissimum
466 2510 597 2549 11111111
609 2488 708 2548 iudice
719 2499 767 2549 est
779 2489 929 2550 emblema
946 2510 1004 2568 qno
1019 2489 1169 2548 rhetorum
1186 2488 1280 2548 index
1294 2490 1419 2566 insignis

278 2601 333 2649 111.
347 2591 399 2669 qui
412 2592 634 2650 nominastiam
646 2611 748 2650 eorum
760 2591 912 2650 rhetorum
922 2592 1067 2663 continet,
1077 2611 1202 2670 quorum
1215 2589 1254 2649 de
1266 2590 1339 2664 rita,
1352 2609 1418 2648 cum

175 2686 178 2691 ’
277 2691 441 2751 Fnldensis
456 2690 534 2751 liber
550 2693 628 2771 hanc
646 2702 764 2771 partem
778 2694 838 2753 fine
854 2701 1023 2753 truncatam
1046 2692 1235 2766 exhibuerit,
1257 2691 1420 2780 nullaoalis

276 2793 387 2851 notitia
402 2803 568 2870 superest,
586 2813 675 2873 quam
695 2814 732 2853 11
743 2814 823 2873 quae
844 2793 881 2853 ab
893 2795 1081 2873 Hieronymo
1099 2814 1138 2853 ex
1156 2795 1274 2872 integro
1291 2792 1419 2853 Santoni

277 2892 355 2953 libro
365 2904 511 2972 excerpta
528 2904 608 2953 sunt.
629 2894 739 2955 desunt
754 2905 855 2954 autem
873 2897 898 2955 si
914 2895 1052 2969 indicem·
1064 2897 1218 2975 sequimur
1230 2896 1313 2955 vitae
1323 2893 1418 2954 unde·

278 2996 337 3053 cim
348 2993 513 3054 rhetorum.
536 2993 573 3054 de
588 3005 704 3073 septem
719 2997 812 3073 igitur
827 3017 929 3057 eorum
945 3007 1091 3077 excerpta
1106 2996 1191 3057 dedit
1204 2998 1419 3076 Hieronymus,

277 3095 316 3155 de
332 3104 474 3176 quattuor
495 3096 665 3156 rhetoribus
683 3098 748 3156 solu
766 3098 1031 3158 nomiua'residus
1047 3108 1125 3158 sunt.
1142 3100 1282 3158 iamvero
1294 3096 1418 3157 ultimus
1461 3110 1470 3132 ‘

278 3217 381 3256 eorum
394 3207 464 3275 post
475 3197 699 3275 Quintilianum
715 3198 892 3277 producitur
907 3200 1003 3261 Iulius
1014 3200 1097 3259 Tiro.
1122 3211 1154 3259 at
1166 3199 1316 3259 rhetorem
1329 3200 1419 3259 huius

249 3308 254 3316 '
277 3282 405 3358 nominis
419 3298 513 3359 fuisse
528 3299 588 3359 alio
597 3301 769 3361 testimonio
787 3321 848 3360 non
862 3292 991 3361 constat.
1028 3301 1087 3359 hoc
1103 3311 1220 3361 tantum
1235 3301 1352 3362 Plinius
1368 3321 1418 3381 ep.

277 3401 322 3460 VI
334 3411 365 3463 31
379 3399 488 3475 tradit,
501 3400 652 3461 hominem
664 3403 811 3482 aliquem,
826 3402 874 3461 cni
890 3402 967 3461 illud
981 3422 1090 3463 nomen
1103 3403 1168 3477 suit,
1180 3413 1329 3463 mortuum
1339 3422 1418 3476 csse,

277 3520 344 3560 cum
359 3496 512 3561 Traianus
523 3502 554 3561 in
568 3503 668 3562 Dacia
684 3513 775 3562 esset.
798 3499 910 3562 deiude
927 3505 1130 3583 suspicionem
1142 3513 1259 3577 movet,
1278 3503 1360 3585 quod
1376 3505 1419 3562 ita

276 3601 470 3662 statuendum
486 3612 567 3663 esset
582 3614 652 3681 post
666 3604 888 3682 Quintilianum
907 3604 985 3664 alius
1008 3607 1099 3664 etiam
1112 3605 1241 3665 rhetoris
1256 3607 1349 3664 vitam
1364 3623 1418 3684 po·

277 3703 374 3763 suisse
386 3702 580 3778 Suetonium,
593 3704 675 3784 quod
692 3724 729 3764 eo
745 3705 840 3782 magis
852 3705 1022 3765 mirandum
1038 3717 1131 3787 11111,
1151 3706 1231 3788 quod
1246 3707 1306 3765 iam
1321 3704 1418 3782 Quin-

276 3804 401 3864 tilianus
413 3803 452 3863 de
465 3805 602 3865 omnibus
619 3805 795 3866 inlustribus
808 3807 880 3866 viris
895 3809 1034 3886 proxime
1046 3808 1085 3868 ad
1099 3807 1273 3887 Tranquilli
1286 3815 1419 3866 aetatem

277 3903 405 3963 accedit.
432 3907 517 3985 atqui
534 3905 617 3984 apud
634 3907 854 3987 Hieronymum
872 3909 951 3968 alius
967 3910 1090 3968 'l'ironis
1107 3910 1218 3967 mentio
1234 3908 1283 3985 fit,
1299 3908 1419 3968 scilicet

278 4005 437 4064 clarissimi
448 4006 530 4066 illius
543 4008 700 4068 Ciceronis
716 4008 827 4069 liberti.
851 4009 905 4070 sed
917 4008 1029 4069 dixerit
1044 4012 1210 4089 quispiam:
1223 4009 1362 4068 nescisne
1375 4009 1417 4070 M.

210 4152 217 4167 ,
275 4104 413 4165 Tullium
429 4107 575 4168 Tironem
592 4129 651 4169 non
669 4109 763 4171 faisse
781 4111 933 4171 rhetorem
951 4130 1012 4169 nec
1026 4112 1051 4170 si
1069 4110 1178 4170 fuisset
1199 4110 1335 4189 potuisse
1348 4128 1417 4169 eum

276 4214 346 4284 post
358 4205 580 4286 Quintilianum
598 4210 695 4289 poni?
717 4209 824 4285 audio;
844 4211 899 4271 sed
917 4210 1103 4271 contendere
1119 4211 1219 4280 uolui,
1235 4229 1254 4268 a
1269 4210 1418 4271 Suetonio

277 4306 335 4366 hoc
350 4308 464 4399 iactum
481 4329 556 4370 esse·
576 4312 697 4389 quaeris
713 4310 793 4369 unde
808 4312 867 4371 huc
885 4314 949 4371 eius
966 4332 1076 4387 nornen
1095 4310 1282 4389 inrepserit?
1304 4319 1338 4370 ut
1356 4311 1418 4369 iam

276 4425 358 4467 nunc
375 4409 489 4482 dicam,
510 4409 591 4488 quod
611 4412 691 4470 infra
709 4412 871 4472 coniuncta
885 4413 1072 4491 conplurium
1084 4410 1266 4487 indiciorum
1285 4412 1417 4470 1111111·
