3218 5000
260 412 321 475 208
762 428 893 473 rasura

259 574 427 640 zodiacum
441 572 556 639 lustret
569 583 602 639 et
613 576 742 661 singula
754 578 879 663 (signa)
894 578 1029 643 tricenis
1041 576 1157 643 diebus
1175 577 1331 666 denisque
1343 579 1398 644 ho-

259 679 305 741 ris
328 697 367 740 ac
389 678 525 741 semisse
549 685 764 762 transcurrat,
791 680 991 744 incremento
1014 679 1222 744 dimidiarum
1246 680 1396 746 horarum

258 788 375 865 quarto
387 800 472 843 anno
483 801 583 843 unum
596 780 681 844 diem
692 779 840 868 complet,
852 804 946 868 quem
958 780 1121 846 bisextum
1134 791 1333 869 nuncupant,
1342 785 1397 870 qui

258 880 328 945 dies
353 879 523 945 conficitur
544 903 586 945 ex
607 881 854 969 quadrantibus.
899 905 974 948 uam
1002 906 1075 948 cum
1103 883 1276 949 duodecies
1299 886 1397 949 semis

257 1004 317 1047 sex
337 983 434 1048 horas
457 983 601 1069 integras
623 984 748 1048 faciant
769 985 802 1049 id
827 995 876 1049 est
897 986 1126 1072 quadrantem,
1154 985 1207 1050 hic
1230 986 1418 1075 quadraus⁵

258 1093 373 1172 quater
400 1086 516 1149 ductus
544 1085 663 1168 uiginti
690 1096 841 1173 quattuor
870 1086 966 1152 horas
993 1088 1134 1175 perficit,
1165 1088 1199 1152 id
1228 1097 1279 1152 est
1296 1111 1396 1153 unum

257 1187 344 1251 diem
366 1209 439 1252 eum
463 1208 522 1250 sua
536 1198 632 1252 nocte
646 1187 798 1273 complet,
820 1189 907 1254 etin
929 1198 1045 1277 quarto
1059 1190 1225 1255 bisextum
1247 1200 1283 1256 ut
1303 1213 1396 1279 prae·

258 1288 319 1352 lati
341 1310 452 1352 sumus
475 1287 586 1352 efficit.

153 1455 251 1529 131*
343 1492 465 1539 Lunna
493 1474 626 1562 quidam
658 1474 924 1563 philosophorum
952 1476 1067 1542 dieunt
1094 1442 1261 1565 proprium
1287 1475 1394 1542 lumen

258 1638 288 1682 ut
305 1632 463 1682 obseruatio
486 1631 640 1681 umbrarum
660 1632 719 1682 eius
737 1632 834 1682 redeat
857 1632 891 1682 ad
913 1638 994 1684 notus
1017 1635 1115 1699 quinas
1135 1635 1215 1684 aunis
1239 1634 1298 1684 dies
1321 1632 1412 1683 adici'

257 1715 392 1765 superque
412 1704 537 1764 quartam
555 1706 660 1765 partem
679 1701 744 1750 diei.
780 1717 861 1766 quam
880 1701 914 1750 ob
933 1716 1044 1751 eausam
1064 1704 1159 1767 quinto
1178 1718 1250 1752 anno
1267 1717 1336 1751 uuus
1354 1703 1395 1751 in·

258 1767 403 1818 terealaris
422 1768 481 1816 dies
500 1767 623 1827 additur,
650 1773 680 1817 ut
702 1774 852 1834 temporum
871 1770 942 1819 ratio
960 1769 1026 1819 solis
1045 1771 1139 1820 itineri
1157 1769 1310 1836 congruat)

252 1892 253 1896 ,
344 1832 413 1889 ttl*
431 1835 588 1885 Scholiasta
607 1836 766 1887 Germanici
784 1853 810 1901 p.
830 1836 891 1885 109:
912 1838 1001 1887 ‘Hanc
1020 1839 1153 1903 quidam
1195 1838 1394 1904 hilosopho-

258 1902 338 1955 rum’
359 1923 383 1955 e.
403 1922 428 1970 q.
447 1921 469 1953 s.
505 1903 684 1954 scholiastam
709 1907 855 1970 exscripsit
872 1905 991 1955 Isidorus
1010 1907 1096 1971 origg.
1115 1907 1155 1955 III
1171 1854 1214 1969 22,
1235 1905 1257 1955 l.
1277 1933 1310 1940 —
1345 1907 1395 1955 lsi-

203 2019 208 2028 ,
256 1974 337 2023 dorus
359 1974 393 2023 de
416 1977 517 2021 natura
539 1987 628 2021 rerum
651 1973 757 2034 XVIII,
786 1973 872 2022 1-4:
904 1973 960 2023 ‘De
984 1973 1085 2023 lumine
1114 1974 1206 2024 lunae.
1247 1976 1293 2024 Ait
1315 1989 1394 2024 sauc-

257 2048 300 2092 tus
328 2041 496 2107 Augustinus
523 2040 552 2088 iu
582 2040 680 2106 psalmi
708 2041 809 2091 decimi
838 2042 1023 2106 expositione:
1057 2042 1208 2104 Quaeritur
1235 2042 1320 2105 enim,
1353 2043 1394 2091 in·

257 2110 331 2175 quid,
349 2109 421 2159 unde
439 2108 543 2157 habeat
560 2108 626 2157 luna
644 2108 744 2158 lumen.
774 2109 844 2159 duae
868 2116 974 2158 tantum
998 2110 1141 2175 opiniones
1164 2111 1322 2174 traduntur,
1345 2110 1394 2159 sed

257 2194 327 2243 quae
356 2179 393 2227 sit
421 2176 516 2225 harum
545 2191 646 2237 uerax,
678 2176 789 2226 dubium
813 2178 901 2227 fertur
924 2192 1005 2242 posse
1029 2192 1190 2242 quemquam
1214 2179 1294 2228 scire.
1339 2178 1394 2227 Alii

256 2262 374 2311 namque
399 2244 494 2294 dicunt
519 2245 690 2309 proprium
717 2260 788 2294 eam
818 2245 944 2295 habere
974 2246 1097 2308 lumen,
1130 2246 1293 2311 globique
1321 2247 1394 2295 eius

257 2329 353 2364 sinam
371 2318 502 2379 partem
521 2327 596 2362 esse
616 2312 814 2375 lucifluam,
834 2314 948 2362 alteram
968 2313 1112 2363 obscuram
1131 2320 1159 2363 et
1177 2315 1239 2363 dum
1252 2320 1396 2364 moueatur

256 2384 284 2432 in
310 2380 413 2432 circulo
432 2396 495 2442 suo,
521 2381 637 2430 eandem
655 2386 762 2446 partem
780 2397 834 2446 qua
852 2381 927 2431 lucet
943 2382 1076 2447 paulatim
1095 2382 1130 2430 ad
1148 2388 1237 2431 terras
1261 2383 1393 2443 conuerti,

256 2456 285 2500 ut
303 2450 392 2500 uideri
410 2465 428 2499 a
445 2448 524 2498 nobis
543 2451 643 2514 possit,
664 2455 692 2498 ct
711 2450 772 2499 ideo
790 2450 866 2514 prius
885 2451 965 2513 quasi
986 2449 1157 2500 corniculato
1175 2450 1278 2500 lumine
1296 2449 1393 2515 fulget.

256 2534 319 2568 rrum
338 2523 366 2567 st
383 2517 407 2567 si
426 2518 526 2567 formes
544 2517 629 2582 pilam
654 2534 686 2567 ex
709 2522 789 2582 parte
808 2518 899 2567 media
926 2517 1072 2568 candidam
1092 2523 1171 2567 etex
1194 2524 1272 2583 parte
1296 2519 1393 2567 obscu-

255 2602 322 2649 ram,
341 2592 407 2636 tunc
426 2601 486 2634 eam
505 2591 611 2649 partem
630 2599 701 2649 quoe
719 2585 836 2635 obscura
861 2591 903 2635 est
921 2587 945 2635 si
970 2601 1061 2635 coram
1084 2586 1172 2635 oeulis
1196 2586 1301 2635 habeas
1324 2585 1394 2634 nihil

257 2655 384 2704 candoris
409 2653 543 2718 aspicies;
571 2668 633 2702 cum
657 2654 781 2717 coeperis
804 2653 880 2702 illam
904 2653 1050 2704 candidam
1073 2659 1178 2718 partem
1201 2654 1334 2720 paulatim
1359 2653 1394 2702 ad

257 2723 351 2773 oculos
369 2726 540 2781 conuertere,
559 2721 673 2786 primum
693 2720 780 2770 ueluti
800 2737 902 2770 cornua
922 2722 1049 2771 candoris
1066 2722 1187 2785 uidebis,
1213 2721 1313 2772 dehine
1331 2736 1393 2770 sen-

256 2793 307 2841 sim
326 2791 442 2850 erescit,
470 2788 559 2837 donee
583 2794 642 2837 tota
663 2804 727 2854 pars
746 2790 867 2839 candens
886 2796 1039 2854 opponatur
1057 2789 1145 2839 oeulis
1164 2797 1190 2839 et
1209 2789 1278 2839 nihil
1296 2790 1393 2839 obseu-

256 2875 313 2908 rum
332 2857 446 2908 alterius
464 2857 552 2921 partis
571 2856 707 2919 uideatur,
726 2872 807 2921 quam
825 2859 848 2907 si
863 2858 951 2907 demto
969 2856 1103 2922 paulatim
1122 2858 1306 2919 conuerteris,
1325 2858 1393 2906 iuei-

256 2928 298 2992 pit
310 2927 465 2975 obscuritas
478 2939 612 2989 apparere
632 2930 659 2973 et
678 2925 781 2974 candor
797 2925 892 2987 minui,
912 2925 999 2974 donee
1013 2928 1111 2975 iterum
1130 2926 1163 2974 ad
1182 2941 1285 2975 cornua
1298 2925 1395 2974 redeat

257 3011 289 3045 ue
309 2995 350 3043 sie
362 2998 437 3043 totus
456 2994 558 3042 candor
576 2993 611 3041 ab
630 2993 717 3042 oeulis
736 2999 878 3043 auertatur
897 2998 924 3041 et
942 2993 1001 3042 sola
1013 2993 1112 3043 iterum
1126 2994 1243 3044 obscura
1255 3008 1320 3059 pars
1332 3010 1392 3058 pos-

257 3063 293 3111 sit
310 3061 408 3110 uideri.
446 3061 516 3125 quod
535 3060 595 3110 lieri
612 3060 721 3123 dieunt,
747 3077 808 3111 curn
826 3062 918 3111 lumen
935 3060 1018 3110 lunae
1036 3062 1145 3111 uidetur
1164 3077 1288 3111 creseere
1307 3077 1392 3127 usque

258 3131 292 3179 ad
311 3131 434 3193 quintam
453 3129 589 3177 desimam
608 3136 636 3178 et
655 3145 746 3179 rursus
764 3145 849 3194 usque
869 3129 904 3179 ad
922 3130 1092 3179 tricesimam
1104 3131 1190 3180 minui
1204 3136 1232 3179 et
1249 3130 1338 3179 redire
1358 3129 1392 3178 ad

257 3214 369 3261 cornua,
389 3198 476 3247 donec
494 3199 603 3262 penitus
622 3197 690 3247 nihil
709 3199 736 3246 in
756 3214 790 3247 ea
808 3198 876 3247 lueis
895 3203 1037 3262 appareat.
1075 3203 1212 3247 utcontra
1231 3198 1280 3247 alii
1298 3198 1394 3247 dicunt

256 3267 348 3315 limam
372 3281 426 3315 non
450 3281 498 3315 suo
522 3265 629 3330 fulgere
653 3266 754 3315 lumine
779 3266 827 3314 sed
849 3282 866 3314 a
888 3265 946 3315 sole
970 3266 1097 3330 accipere
1124 3266 1224 3315 lumen.
1260 3265 1301 3315 sol
1320 3266 1393 3315 enim

255 3335 297 3384 illi
315 3334 376 3385 loco
394 3335 519 3399 superior
542 3340 593 3383 est.
629 3334 693 3383 hine
718 3334 812 3383 euenit
834 3339 864 3382 ut
882 3333 990 3398 quando
1009 3334 1058 3383 sub
1078 3333 1125 3383 illo
1150 3342 1192 3384 est
1215 3340 1294 3399 parte
1313 3349 1392 3399 sirpe-

256 3404 326 3452 riore
344 3401 447 3460 luceat,
466 3402 596 3451 interiore
615 3417 679 3452 uero
698 3418 777 3466 quam
796 3401 881 3451 habet
899 3401 933 3451 ad
951 3408 1040 3451 terras
1053 3402 1170 3452 obscura
1188 3403 1232 3451 sit.
1254 3416 1314 3451 eum
1326 3418 1392 3451 uero

256 3469 353 3520 abillo
371 3469 505 3519 decedere
525 3471 657 3535 coeperit,
676 3470 837 3519 inlustretur
854 3470 936 3519 etiam
956 3484 989 3519 ex
1008 3486 1041 3519 ea
1059 3477 1137 3535 parte
1157 3486 1237 3535 quam
1255 3469 1339 3520 habet
1358 3469 1393 3518 ad

254 3545 343 3588 terras
366 3539 504 3603 iucipiens
534 3554 550 3588 a
575 3538 712 3588 cornibus.
759 3538 853 3602 sieque
876 3537 1010 3602 paulatim
1033 3538 1090 3588 sole
1114 3539 1222 3603 longius
1243 3540 1391 3587 recedente

254 3622 318 3673 pars
336 3608 424 3656 oruuis
442 3606 578 3656 subterior
596 3606 787 3667 inluminatur,
815 3606 902 3655 donec
921 3605 1060 3655 efficiatur
1078 3608 1173 3670 quinta
1191 3607 1298 3656 decima
1316 3607 1391 3656 luna.

254 3680 317 3741 post
334 3675 475 3724 dimidium
494 3681 585 3724 autem
603 3690 725 3724 mensem
743 3690 803 3722 eum
823 3676 947 3739 eoeperit
965 3690 997 3724 ex
1017 3675 1072 3724 alio
1090 3675 1264 3725 semicirculo
1282 3677 1391 3740 propiu-

256 3759 340 3808 quare
359 3742 420 3805 soli,
440 3750 542 3807 quanto
560 3744 649 3808 usagio
668 3759 684 3792 a
703 3742 842 3807 superiore
862 3748 939 3808 parte
958 3742 1131 3803 inlustratur,
1152 3748 1229 3792 tauto
1248 3744 1338 3808 magis
1356 3742 1392 3791 ab

256 3828 289 3861 es
302 3816 381 3878 parte
395 3826 476 3876 quam
489 3811 570 3860 terris
584 3813 687 3860 auertit
699 3826 752 3859 nou
765 3814 857 3875 potest
871 3811 997 3875 excipere
1010 3811 1103 3861 radios
1115 3811 1183 3861 solis
1201 3816 1228 3860 et
1244 3815 1391 3876 propterea

255 3880 364 3930 uidetur
387 3879 556 3929 decrescere.
599 3878 665 3928 Illud
683 3880 861 3928 manifestum
880 3884 923 3928 est
946 3883 974 3928 et
993 3878 1108 3929 cuilibet
1126 3880 1283 3929 aduertenti
1307 3879 1391 3928 facile

255 3950 410 4013 cognitum,
434 3948 505 4012 quod
527 3948 593 3996 luna
615 3962 669 3996 nou
693 3952 829 4012 augeatur
856 3947 889 3996 ad
914 3946 1008 3996 oculos
1032 3952 1140 3997 nostros
1161 3948 1216 3996 nisi
1239 3947 1332 3996 asole
1351 3963 1392 3995 rc-

256 4017 378 4066 cedendo
397 4031 485 4080 neque
504 4016 642 4064 minuatur
660 4016 714 4064 nisi
733 4016 768 4064 ud
786 4015 872 4063 solem
892 4019 1021 4079 exparte
1041 4015 1098 4064 alia
1116 4014 1332 4080 propinquando.
1356 4016 1391 4063 ab

255 4084 303 4133 illo
328 4100 393 4149 ergo
417 4084 522 4147 aecipIt
544 4082 635 4132 lumen
659 4088 687 4132 et
710 4098 770 4132 cum
794 4083 844 4131 sub
863 4082 911 4132 illo
929 4088 972 4131 est
995 4099 1102 4148 semper
1125 4084 1226 4148 exigua
1250 4088 1305 4141 θεῖς
1330 4098 1390 4131 eum

254 4168 320 4203 uero
345 4152 380 4201 ab
404 4152 452 4201 illo
475 4151 584 4214 lougius
608 4152 788 4211 abseesserit,
816 4151 846 4200 fit
870 4150 961 4216 ampla
984 4165 1087 4214 suoque
1111 4150 1215 4199 ambitu
1239 4150 1331 4214 plena.
1367 4152 1390 4198 si

256 4223 327 4270 enim
347 4236 395 4269 suo
414 4219 516 4268 lumine
534 4224 666 4281 uteretur,
687 4235 800 4269 necesso
820 4226 880 4269 erat
897 4234 1006 4283 semper
1024 4234 1085 4267 eam
1102 4234 1164 4269 esso
1177 4217 1320 4282 aequalem
1338 4234 1391 4267 uec

291 4326 351 4332 -.m-
361 4324 456 4331 -ι-ιι

344 4387 352 4435 Ι
370 4374 458 4452 sigma
475 4378 574 4432 addidi
586 4370 600 4458 ΙΙ
615 4385 631 4436 ·2
647 4375 772 4433 semisse
788 4374 818 4433 id
837 4382 883 4431 est
900 4372 1025 4432 dimidia
1037 4372 1111 4432 hora
1124 4374 1217 4431 Scltol.
1236 4376 1331 4434 Germ.
1345 4368 1359 4456 ΙΙ
1374 4382 1392 4435 3

256 4460 421 4521 bissextum
436 4462 530 4517 Bulrlc
547 4462 599 4533 (aie
612 4470 713 4535 posteo
730 4466 853 4535 quoque)
869 4457 882 4540 ,l,
898 4471 914 4520 ε’)
931 4459 960 4517 id
977 4469 1024 4518 cst
1038 4464 1156 4534 scripsi.-
1171 4459 1251 4518 idem
1273 4463 1366 4519 Buble
