3202 4998
699 454 803 495 curve
826 456 838 494 r
1276 435 1337 498 385
1386 418 1389 425 ¹

286 604 350 664 Sed
365 612 399 662 ut
415 605 510 662 oratio
531 613 702 663 revertatur
724 604 763 662 ad
779 602 965 680 excerpendi
984 604 1130 664 rationem
1144 605 1337 685 Hieronymi,

200 707 260 764 iam
282 707 392 765 certius
415 724 452 764 ea
476 705 514 763 de
535 725 568 763 re
594 704 696 763 verbis
717 706 781 764 eius
804 703 843 763 ad
864 704 1001 763 codicum
1024 704 1205 784 scripturam
1223 706 1337 765 refictis

200 807 335 865 indicare
353 808 437 868 licet.
468 807 627 865 audiamus
646 808 738 885 igitur
754 827 832 885 quae
848 808 915 885 ipse
936 804 974 864 de
993 806 1110 865 ratione
1125 827 1180 865 sua
1196 806 1337 866 chronico

200 910 356 987 praefatus
388 918 436 967 est
463 908 560 985 (VIII
586 896 615 987 p.
638 917 653 970 ‘l
676 909 797 987 Valli:
828 929 845 965 c
878 911 965 965 Troia
987 925 1078 981 usquc
1107 912 1146 966 acl
1172 913 1337 967 uicesimum

203 1000 381 1070 Constantini
399 1028 506 1066 annum
528 1029 606 1068 nunc
626 1015 724 1069 addita
746 1031 823 1069 nurse
844 1015 936 1067 misia
954 1018 1022 1067 suut
1040 1014 1183 1082 plurimu,
1207 1028 1281 1084 quae
1303 1015 1338 1069 de

204 1115 371 1184 Tranquillo
393 1120 420 1169 et
437 1115 540 1169 cctcris
563 1115 722 1171 illustribus
746 1116 888 1171 historicis
914 1115 1107 1170 curiosissime
1130 1116 1337 1185 excerpsimus.

199 1214 287 1273 vides
309 1215 407 1293 ipsum
428 1232 532 1271 curam
553 1232 638 1271 suam
664 1213 860 1292 praedicare,
890 1231 981 1290 quam
1002 1219 1102 1270 tamen
1121 1211 1242 1271 landem
1270 1233 1338 1272 eum

201 1335 261 1373 non
287 1314 434 1374 meruisse
460 1315 593 1373 clamant
618 1315 824 1387 fcreomnes,
852 1315 905 1393 qui
926 1314 1089 1374 occasione
1111 1314 1183 1372 data
1210 1313 1247 1373 de
1273 1315 1338 1373 eius

201 1415 407 1475 notationibus
434 1415 635 1495 disputarunt.
680 1436 716 1474 ac
739 1415 975 1474 demonstratum
1005 1424 1052 1473 est
1079 1435 1097 1473 a
1121 1414 1290 1474 liitschelio
1316 1415 1337 1474 l·

203 1539 229 1576 c.
253 1528 306 1582 623
333 1538 400 1598 sqq.
430 1518 648 1596 conparatione
677 1517 816 1575 instituta
840 1519 919 1576 inter
947 1528 1094 1596 excerpta
1115 1516 1340 1595 chronographi

202 1630 233 1679 et
261 1619 369 1678 librum
394 1618 433 1677 de
460 1620 665 1695 grammaticis
694 1627 724 1677 et
749 1618 934 1691 rhetoribus,
965 1627 1112 1698 conputus
1135 1618 1199 1676 eius
1224 1620 1256 1678 in
1281 1618 1339 1677 hae

202 1721 326 1800 quidem
337 1730 423 1800 parte
435 1722 509 1779 satis
521 1719 667 1779 inbecilla
679 1721 795 1778 ratione
807 1721 872 1778 niti.
894 1741 964 1779 nam
977 1721 1042 1779 fere
1052 1739 1173 1799 semper
1185 1740 1253 1778 cum
1263 1719 1339 1779 Sue·

206 1824 307 1881 tonius
323 1824 507 1899 generalitor
521 1832 637 1882 tantum
651 1831 807 1900 tempora,
829 1822 937 1900 quibus
959 1822 1147 1899 grammatici
1162 1823 1340 1881 rhetoresre

201 1927 367 1996 vixissent,
384 1924 603 2000 significasset,
620 1924 828 2001 Hieronymus
844 1915 990 1982 audacter
1006 1931 1089 1981 certo
1106 1942 1189 2003 anno·
1200 1923 1340 1982 floruisse

202 2046 255 2085 eos
272 2024 392 2097 scribit,
415 2046 503 2105 quem
523 2046 583 2084 non
600 2032 722 2103 poterat
744 2025 803 2083 nisi
824 2026 1000 2084 coniectura
1020 2043 1118 2104 eaque
1133 2042 1228 2101 saepe
1246 2023 1337 2081 levis·

202 2127 279 2185 sima
298 2126 436 2205 adsequi.
481 2124 536 2185 sod
561 2126 639 2184 hacc
660 2123 833 2184 tolerabilia
855 2135 972 2201 essent,
998 2127 1056 2185 nisi
1077 2125 1169 2183 latius
1200 2124 1264 2182 eius
1285 2128 1342 2181 neJ

202 2229 358 2306 glegentia
383 2236 518 2307 pateret,
550 2246 618 2286 cum
647 2227 738 2285 etiam
764 2226 815 2285 ubi
846 2229 956 2286 aetatis
985 2235 1070 2286 certa
1098 2224 1232 2285 definitio
1258 2223 1339 2303 apud

202 2329 379 2389 Suetonium
404 2328 529 2388 extabat
555 2329 671 2387 incuria
693 2348 748 2386 sua
765 2349 872 2407 passus
890 2330 930 2387 sit
947 2347 1167 2408 saepenumero
1189 2346 1256 2385 earn
1272 2346 1337 2384 cor·

202 2431 310 2510 rumpi.
351 2432 437 2490 cuius
464 2429 679 2508 neglegentiae
706 2429 910 2489 emendationi
934 2432 1077 2489 maiorem
1103 2427 1194 2487 fidem
1220 2446 1337 2486 accres-

203 2552 273 2592 cere
290 2553 379 2592 nemo
398 2552 459 2590 non
474 2530 574 2601 videt,
596 2531 680 2590 sica
701 2551 756 2609 per
778 2533 929 2610 quaedam
951 2531 1040 2610 qnasi
1060 2549 1176 2608 genera
1195 2527 1338 2587 describi·

203 2643 265 2707 tur,
288 2654 377 2714 quarn
401 2635 427 2691 si
447 2641 479 2691 ut
495 2630 594 2690 adhuc
610 2632 723 2691 factum
740 2641 787 2691 est
803 2633 923 2713 singula
941 2634 1006 2692 eius
1022 2631 1164 2710 exempla
1179 2631 1338 2709 proferun-

202 2745 261 2797 tur.
295 2737 339 2794 sic
355 2733 510 2794 commode
526 2733 709 2811 explicatur,
733 2755 791 2814 quo
808 2742 899 2813 pacto
916 2736 1029 2793 facturn
1045 2734 1099 2806 sit,
1123 2731 1205 2812 quod
1225 2733 1340 2790 factum

204 2856 271 2895 esse
287 2845 372 2896 certa
385 2834 536 2894 Ritscbeli
557 2835 787 2896 ratiocinatione
804 2842 938 2908 constat,
957 2844 989 2893 ut
1003 2835 1035 2893 in
1053 2836 1206 2914 excerptis
1222 2834 1260 2893 de
1276 2835 1341 2892 vita

203 2939 305 2998 Plauti
322 2938 441 3016 (fragm.
456 2934 509 3012 7³⁸²)
526 2956 581 3014 pro
596 2941 695 2994 clerus
709 2941 831 2996 babetur
846 2939 990 3016 scriptum
1006 2938 1045 2995 sit
1060 2942 1191 2998 moritur.
1223 2956 1292 2996 nam
1308 2933 1341 2993 id

204 3041 286 3119 quod
304 3060 364 3099 uno
383 3037 522 3118 exemplo
539 3038 592 3097 vix
612 3039 728 3116 patiare
751 3038 805 3098 tibi
825 3038 1021 3118 persuaderi,
1044 3039 1266 3118 Hieronymum
1283 3039 1339 3096 has

204 3140 279 3200 duas
301 3142 439 3199 notiones
462 3137 652 3212 confudisse,
672 3140 790 3199 duobus
808 3140 875 3198 aliis
899 3140 1035 3199 eiusdem
1057 3136 1217 3197 socordiae
1238 3158 1339 3197 exem·

203 3242 263 3320 plis
278 3241 474 3321 patefaciam.
506 3239 629 3300 Gallum
651 3242 730 3300 enim
751 3238 892 3299 Asinium
912 3240 984 3299 diris
1005 3239 1163 3318 suppliciis
1180 3258 1199 3296 a
1215 3237 1340 3297 Tiberio

204 3351 363 3402 enecatum
388 3361 455 3401 esse
476 3342 598 3421 (fragm.
616 3340 685 3417 68²²)
712 3361 747 3399 eo
770 3361 849 3400 anno
873 3341 981 3413 trudit,
1004 3345 1063 3420 quo
1085 3341 1213 3417 primum
1234 3336 1341 3397 Tiberi

204 3445 334 3504 animum
357 3444 422 3503 eius
443 3441 569 3501 libertas
586 3442 728 3515 offendit,
748 3442 911 3523 qnoquesi
932 3439 1113 3499 attendisset
1134 3441 1340 3519 Hieronymus

205 3565 320 3605 emore
336 3543 560 3624 ipsiusclarum
577 3563 644 3602 eum
666 3546 761 3603 fuisse
783 3541 978 3602 scribendum
999 3550 1074 3600 erat.
1109 3540 1215 3600 eadem
1235 3539 1339 3615 negle-

194 3648 308 3722 gentia
330 3645 495 3727 conspicua
520 3655 566 3705 cst
589 3646 620 3703 in
642 3647 686 3705 eis
708 3652 786 3725 qua'e
808 3644 845 3703 de
862 3642 1042 3702 Fenestella
1059 3640 1180 3719 (fragm.
1198 3640 1271 3718 78¹³)
1296 3639 1339 3698 di·

206 3756 323 3807 cuntur.
365 3767 455 3827 quem
478 3766 545 3804 curn
563 3747 726 3806 novissimo
746 3728 858 3805 Tiberi
871 3744 1043 3824 principatu
1061 3743 1162 3802 obisse
1177 3741 1259 3802 Plini
1281 3748 1341 3798 tes»

204 3847 328 3906 timonio
342 3850 486 3920 sciamus,
502 3849 707 3927 Hieronymus
721 3869 756 3907 eo
768 3858 904 3926 tempore
919 3863 987 3904 eum
1008 3854 1156 3925 mortuum
1178 3862 1246 3901 csse
1267 3841 1340 3899 scri·

206 3948 249 4008 bit
272 3969 332 4028 quo
356 3952 421 4010 iure
452 3949 607 4028 suspicere
639 3950 754 4008 clarum
778 3968 846 4007 eum
869 3947 972 4005 fuisse.
1005 3947 1104 4005 levius
1132 3953 1178 4004 est
1208 3942 1341 4002 incuriae

205 4070 301 4127 genus
316 4069 376 4130 quo
393 4051 533 4111 consules
552 4050 747 4128 cognomines
765 4048 910 4108 confudit.
948 4050 987 4107 cf.
1003 4049 1110 4126 fragm·
1131 4047 1189 4106 22*
1201 4046 1260 4109 23*
1275 4044 1339 4107 60³³.
1383 4083 1386 4089 »

204 4173 265 4211 nuo
280 4151 392 4212 deinde
403 4152 471 4213 loco
490 4152 603 4213 accidit
617 4138 816 4228 Hieronymo,
834 4157 868 4208 ut
885 4169 1017 4209 errorem
1034 4149 1111 4208 Acci
1127 4166 1217 4227 quem
1233 4145 1340 4204 Sueto-

205 4255 273 4314 nius
300 4257 368 4315 sine
393 4255 484 4315 dubio
507 4262 577 4334 post
600 4254 768 4313 Varronem
791 4260 823 4310 et
844 4250 1024 4310 Ciceronem
1048 4250 1259 4326 exagitaverat
1286 4263 1340 4324 pro

206 4375 280 4415 vera
297 4358 453 4417 notatione
472 4357 628 4434 arriperet.
668 4352 750 4433 quod
771 4353 884 4411 factum
902 4371 969 4411 csse
991 4350 1132 4432 equidem
1149 4356 1222 4426 puto
1237 4347 1269 4403 in
1289 4363 1340 4402 ex·

207 4459 320 4536 carptis
333 4457 372 4518 <le
387 4459 456 4539 Livi
470 4457 639 4515 Andronici
655 4456 719 4514 uita
733 4456 855 4535 (fragm.
869 4453 933 4530 5³³).
964 4470 1042 4529 quae
1056 4446 1197 4526 exempla
1210 4447 1254 4504 ita
1271 4463 1340 4503 cou-

274 4572 393 4607 srrronr
414 4572 475 4605 unu.
1099 4546 1139 4606 25
