3194 5004
531 415 558 456 F·
575 412 756 457 arescerem
773 414 1013 459 COMMENTARIVS

355 568 459 636 Ouinio
478 553 540 625 loco
556 575 622 626 acta
636 568 782 641 Adebsboe
792 570 931 641 plausum
945 572 1040 627 ib'rlcm
1060 574 1141 628 tulit:

356 668 475 727 Sr'mitur
493 672 614 729 Hecura
630 678 714 727 sexta
731 673 881 728 exclusust
891 672 1004 745 fabula.

203 771 308 830 Mirari
334 790 411 831 sane
432 771 505 830 lieet
531 771 699 831 secundam
726 773 828 851 potius
850 773 996 852 Hecyrae
1018 775 1170 832 actionem
1190 793 1209 832 a
1230 775 1341 833 Volca-

204 872 246 931 tio
267 882 463 931 memoratam
486 893 576 953 quam
597 874 718 933 tertiam
739 895 801 954 qna
820 874 933 954 placita
949 884 995 935 est
1010 875 1116 934 fabula
1135 884 1215 935 teste
1237 875 1340 935 didas-

205 974 298 1042 calia,
325 994 391 1033 cam
416 974 495 1033 ludis
518 972 679 1053 (Romania
698 984 733 1034 at
751 974 885 1053 videtur)
910 996 928 1035 a
949 976 988 1055 Q.
1003 978 1114 1036 Fulvio
1130 976 1289 1037 Nobiliore
1303 978 1341 1036 L.

203 1076 319 1136 Marcio
336 1075 507 1135 Censorino
522 1074 672 1136 aedilibus
695 1076 845 1137 curulibus
868 1079 958 1137 sactis
979 1077 1083 1138 denuo
1099 1080 1200 1138 relata
1223 1089 1269 1138 est
1291 1098 1341 1138 eo-

206 1176 275 1239 dem
290 1197 374 1237 anno
387 1185 449 1242 594.
493 1178 607 1238 Verum
621 1198 685 1238 non
701 1187 749 1237 est
768 1187 871 1239 tamen
889 1179 978 1238 nimis
1001 1180 1173 1240 mirandum
1188 1178 1342 1261 quaedam

204 1280 236 1339 in
264 1278 322 1338 hoc
343 1299 458 1357 genere
482 1287 605 1338 veteres
625 1280 696 1343 illos
718 1280 966 1360 piuaoographos
991 1282 1106 1341 saeculi
1131 1293 1180 1340 vu
1206 1283 1340 1360 fugisse:

207 1379 291 1459 (nam
305 1381 381 1441 illud
399 1380 438 1439 de
457 1390 505 1440 ter
521 1390 588 1441 acta
603 1382 730 1461 Hecyra
751 1382 811 1441 nisi
826 1382 961 1460 fugisset
975 1384 1163 1458 Volcatium,
1185 1404 1249 1443 non
1269 1404 1339 1463 pro·

204 1482 285 1551 fecto
302 1484 347 1543 sic
359 1484 404 1542 ati
418 1483 493 1543 fecit
506 1484 681 1562 scripsisset
689 1481 710 1561 :)
727 1502 816 1564 quam
834 1485 989 1544 enim-nec
1005 1494 1088 1544 certa
1108 1505 1168 1545 nec
1188 1486 1247 1545 sibi
1268 1506 1341 1545 eon·

204 1594 289 1647 stans
304 1586 451 1645 memoria
465 1585 520 1644 illa
534 1585 632 1644 omnis
647 1584 833 1645 didascalica
848 1586 955 1660 fucrit,
977 1607 1043 1646 cum
1065 1588 1133 1647 aliis
1150 1587 1340 1648 documentis

205 1697 348 1771 apparet,
376 1696 439 1747 tam
466 1707 507 1747 ex
527 1687 571 1746 eis
597 1688 791 1764 cognoscitur
812 1688 950 1767 quae‘dc
978 1689 1145 1748 earundem
1169 1689 1342 1749 fabularum

205 1789 331 1849 duarum
354 1788 542 1869 temporibus
565 1786 610 1867 (in
625 1788 673 1846 his
688 1796 722 1848 at
736 1809 818 1847 nunc
833 1788 1007 1866 subsistam)
1031 1792 1063 1849 in
1080 1789 1257 1849 didascaliis
1272 1790 1342 1849 libri

203 1890 346 1950 Bembini
360 1890 484 1971 prodita
499 1898 579 1949 sunt.
623 1890 737 1948 Levius
752 1889 852 1949 videri
874 1900 977 1969 potest
992 1892 1073 1972 quod
1090 1891 1146 1966 ibi,
1170 1912 1293 1971 prorsus
1308 1902 1343 1952 nt

205 1993 286 2071 apud
302 1993 473 2065 Donatum,
496 1992 619 2053 inverso
642 1990 751 2053 ordine
767 1993 875 2071 quinta
895 1991 1001 2053 fabula
1014 1994 1141 2072 Hecyra
1155 2002 1340 2067 numeratur,

204 2093 370 2172 Adclpboe
386 2101 489 2151 sexta:
506 2092 627 2173 quaesi
644 2091 753 2151 eodem
768 2078 851 2151 anno
871 2074 1051 2174 eisdemque
1065 2094 1145 2154 ludis
1161 2076 1353 2155 funebribus

206 2194 406 2266 docebantur,
421 2193 550 2252 liberum
563 2213 640 2252 sane
655 2202 721 2252 erat
736 2203 804 2254 utra
818 2195 904 2273 prior
918 2204 1138 2264 numeraretur,
1153 2206 1223 2256 atra
1237 2205 1341 2276 poste-

204 2297 275 2357 rior.
320 2294 512 2381 Quamquam
526 2296 579 2355 vel
593 2295 638 2354 sic
652 2303 754 2355 tamen
770 2315 872 2356 rursus
886 2298 997 2356 mirem
1013 2298 1088 2378 qaid
1110 2299 1150 2357 sit
1171 2319 1224 2357 cur
1238 2300 1340 2378 potius

205 2420 268 2458 non
284 2406 411 2477 peracta
425 2397 531 2457 fabula
545 2398 726 2476 respiciatur
740 2418 831 2477 qnam
851 2407 978 2478 peracta
992 2419 1079 2480 quae
1100 2409 1220 2460 sextum
1243 2401 1342 2460 locum

203 2500 345 2560 tuebatur
360 2500 435 2559 citra
450 2500 699 2559 controversiam.
742 2500 857 2560 Veram
872 2501 965 2577 longo
981 2502 1103 2578 gravius
1120 2501 1264 2582 estquod
1281 2522 1341 2561 om·

204 2602 279 2665 nino
298 2602 389 2661 aliam
403 2620 527 2681 prorsus
548 2602 700 2660 rationem
721 2602 904 2661 numerandi
923 2602 1090 2662 Bembinus
1117 2603 1217 2663 codex
1238 2603 1341 2683 seqni-

203 2713 265 2778 tur,
283 2704 399 2784 quippe
415 2704 467 2783 qni
481 2722 545 2763 non
561 2711 644 2763 actas
659 2703 779 2763 fabulas
794 2713 827 2762 nt
842 2704 1014 2778 Volcatius,
1031 2704 1088 2763 sed
1105 2705 1220 2765 ‘factas’
1236 2725 1341 2764 nnme-

202 2815 265 2866 ret:
293 2805 395 2885 quode
415 2804 552 2884 pluribus
574 2806 747 2885 expositum
772 2806 961 2884 estParerg,
982 2827 1012 2885 p.
1033 2814 1087 2869 263
1106 2826 1175 2887 sqq.
1220 2806 1340 2885 Quodsi

204 2910 384 2987 plerumque
405 2926 481 2967 sane
497 2927 560 2966 non
577 2907 701 2966 diversa
722 2907 847 2969 fuerunt
865 2907 1014 2968 factarum
1035 2917 1231 2988 setarumque
1253 2908 1339 2968 fabu-

203 3011 300 3071 larum
313 3019 466 3089 tempora,
489 3017 519 3067 at
539 3010 703 3087 singularis
724 3010 782 3069 fuit
802 3011 898 3089 ipsius
914 3011 1059 3089 Hecyrae
1080 3010 1237 3071 condicio:
1262 3030 1342 3090 quae

203 3114 229 3175 si
255 3113 315 3170 iam
341 3132 422 3170 anno
449 3119 501 3173 589
525 3121 593 3172 acta
619 3120 667 3171 est
690 3112 743 3170 vel
762 3113 871 3171 saltem
892 3111 942 3190 agi
964 3121 1087 3191 coepta,
1114 3114 1254 3191 profecto
1278 3133 1341 3171 non

204 3223 251 3274 est
267 3214 374 3294 quinta
389 3214 626 3292 spectassem,
643 3211 700 3273 sed
715 3213 863 3273 secunda.
909 3212 1161 3273 Consentaneum
1183 3223 1231 3273 est
1250 3216 1343 3292 igitur

203 3316 282 3377 nihil
296 3314 336 3374 de
349 3315 474 3373 actione
490 3315 545 3373 illa
559 3315 657 3393 prima
673 3316 702 3373 ei
724 3315 862 3395 quisquis
885 3315 942 3373 fuit
963 3315 1149 3387 innotuisse,
1174 3316 1226 3394 qni
1247 3316 1342 3375 facta·

202 3438 268 3477 ram
295 3415 436 3476 ordinem
462 3415 495 3473 in
515 3416 665 3475 Bembina
687 3416 842 3494 proditum
865 3415 1006 3474 instituit.
1038 3415 1211 3494 -Similique
1236 3416 1342 3477 condi-

203 3521 292 3579 cione
307 3517 465 3577 Volcatius
480 3535 553 3575 usus
569 3526 603 3598 et¹
614 3517 742 3595 primam
759 3525 789 3575 et
803 3517 926 3575 tertiam
941 3516 1113 3593 ignorabat.

288 3621 388 3699 Quam
404 3626 505 3677 autem
520 3618 672 3677 concinna
686 3615 839 3677 brevitate
854 3619 887 3677 in
909 3617 987 3677 libro
1011 3621 1055 3676 ‘cle
1067 3617 1170 3692 poetis‘
1191 3639 1246 3679 suo
1270 3617 1342 3697 (nec

169 3752 174 3762 ·
204 3722 285 3781 enim
312 3722 351 3780 de
377 3721 437 3779 alio
465 3716 674 3797 cogitandam)
704 3719 863 3779 Volcatius
890 3718 1047 3797 Sedigitas
1073 3719 1231 3778 materiam
1259 3722 1342 3779 illam

204 3844 338 3891 omnem,
361 3842 441 3902 qnae
463 3821 502 3881 ad
526 3829 685 3901 poetarum
711 3829 742 3879 et
761 3821 841 3879 vitas
863 3828 893 3879 et
919 3821 1034 3901 scripta
1058 3820 1234 3901 spectabat,
1263 3843 1342 3880 com-

203 3927 311 4005 plexus
328 3924 383 3997 sit,
411 3944 478 3983 cum
496 3924 565 4003 ipsa
588 3922 627 3983 de
642 3924 769 4002 Hecyra
783 3923 930 3981 memoria
944 3924 999 3983 illa
1014 3923 1129 3983 indicio
1146 3932 1206 3998 est,
1228 3933 1292 3983 tum
1313 3926 1341 3983 ei

204 4028 256 4107 qai
283 4025 322 4085 de
342 4033 439 4085 morte
461 4025 601 4085 Terentii
622 4034 685 4085 tres
706 4025 820 4084 senarii
840 4024 922 4082 infra
942 4025 1035 4103 positi
1055 4037 1127 4084 sunt
1148 4046 1166 4083 a
1182 4025 1340 4098 Suetonio,

202 4139 266 4187 tarn
280 4128 374 4205 longe
389 4127 631 4187 luculentissimo
649 4126 832 4185 documento
854 4125 1002 4184 tredecim
1024 4127 1138 4185 senarii
1158 4127 1203 4185 illi
1220 4136 1343 4207 cremat

203 4251 222 4288 a
244 4229 345 4291 Gellio
371 4228 487 4306 proditi
509 4230 610 4308 capite
634 4237 669 4289 Ἃ
689 4226 758 4286 libri
773 4239 836 4299 xv,
865 4226 973 4308 quibus
996 4227 1173 4287 comoediae
1195 4228 1342 4307 palliatae

202 4332 305 4411 poetis
321 4336 406 4389 saum
427 4331 555 4408 singulis
574 4331 705 4410 pretium
727 4329 877 4389 statuitur.
922 4327 1015 4389 Vnde
1036 4349 1160 4409 prorsus
1183 4328 1342 4409 probabile

189 4434 236 4492 ,fit
251 4433 283 4491 in
298 4429 460 4491 tractando
476 4441 656 4510 argumento
673 4432 845 4511 Sedigitum
867 4428 900 4489 id
921 4431 1040 4489 consilii
1062 4438 1197 4491 secutam
1218 4449 1287 4490 esse
1307 4440 1341 4490 ut
