3202 4998
252 400 313 459 438
573 414 795 463 stssrloees
820 411 1046 453 svsroslsem:

251 568 409 647 suppletur
423 565 476 625 illa
491 567 653 643 Vgutionis
670 565 813 622 memoris
829 564 908 621 alius
927 562 1018 621 medii
1042 564 1110 621 aevi
1132 562 1288 640 scriptoris
1305 564 1394 622 testi-

251 743 328 785 ccssis
347 738 407 783 locis
426 737 498 783 uictos
517 737 653 793 collocent,
672 749 703 782 ue
716 733 817 781 celrdrer
832 734 901 794 fetes
919 734 1009 791 uiolet,
1029 720 1194 795 ἀμέθυστον
1213 748 1309 799 quoque
1328 736 1395 780 ieter

250 823 332 883 peritos
350 823 402 867 eius
415 820 524 882 lapidem
537 819 659 881 reperiri,
680 834 728 883 peto
740 821 822 866 oredo
834 832 931 864 rceeenu
948 823 1110 879 superentur.
1142 832 1237 865 eornm.
1252 816 1280 863 in
1293 815 1393 865 Ezeeh.

253 903 374 951 titillet
388 908 451 953 toln.
465 904 488 951 V
507 919 532 967 p.
551 902 614 951 595:
645 907 716 951 airmt
734 908 814 950 uetere
833 903 876 965 pei
893 902 924 949 de
943 902 1101 948 orrimnelium
1117 903 1245 963 scripsere
1259 903 1357 949 nutriris
1370 904 1395 949 et

248 990 425 1051 proprietate,
439 991 482 1053 pei
493 978 640 1037 ἁλιευτικὰ
653 994 704 1035 tam
716 986 810 1035 Latino
823 1001 895 1050 qeeom
909 986 1007 1034 Groeco
1020 986 1133 1034 didicere
1147 983 1209 1047 (sio)
1220 1000 1347 1046 semnoee,
1363 987 1395 1034 de

253 1072 339 1138 quibus
359 1072 489 1137 Oppianus
508 1072 631 1121 cillere
653 1077 732 1135 poeta
754 1072 924 1128 doctissimus,
948 1075 1044 1118 ceuieuu
1068 1073 1249 1134 qletuquapinta
1270 1074 1322 1119 tria
1339 1085 1396 1120 esse

253 1172 350 1221 penora
366 1159 479 1221 piscium.
506 1171 601 1205 eornm.
622 1155 650 1203 in
669 1154 741 1203 Osee
760 1155 801 1204 111
822 1153 850 1202 ll
872 1159 934 1203 lom.
954 1155 991 1203 vl
1009 1171 1034 1219 p.
1057 1154 1117 1203 138:
1145 1159 1214 1207 aient
1233 1158 1276 1220 qui
1290 1157 1322 1204 de
1340 1155 1395 1205 bes-

252 1244 343 1290 ticmum
359 1243 488 1305 scripsere
504 1243 614 1296 naturis,
641 1243 709 1288 inter
726 1256 810 1287 omnes
825 1240 899 1301 seros
913 1239 975 1287 nibil
991 1254 1046 1288 esse
1060 1256 1120 1288 urse
1132 1244 1244 1297 saeuius,
1264 1256 1317 1289 cem
1334 1256 1395 1303 per·

253 1328 348 1375 diderit
366 1329 462 1374 caletos
479 1326 521 1373 uei
537 1325 674 1387 indipuerit
696 1324 772 1372 cibis:
795 1330 820 1372 et
843 1340 892 1372 non
913 1327 998 1389 solum·
1012 1325 1153 1387 perliberee
1174 1325 1256 1388 perdi
1277 1330 1302 1373 et
1321 1340 1396 1373 ersoe

251 1414 375 1473 ferocium
393 1411 567 1465 comminatur,
586 1410 634 1457 sed
650 1412 730 1457 leonis
748 1424 845 1473 qeopee
864 1413 888 1455 et
911 1409 1014 1457 omnium
1039 1407 1187 1471 bestiarum,
1213 1425 1277 1474 pune
1294 1414 1397 1473 pipmin-

254 1502 295 1543 ter
318 1500 343 1543 in
365 1494 479 1544 saltibus.
505 1509 600 1542 comm.
624 1493 653 1540 in
670 1492 780 1541 Daniel.
805 1497 868 1541 tom.
888 1492 912 1541 V
936 1508 961 1557 p.
980 1490 1043 1540 664:
1078 1495 1149 1541 aiunt
1172 1494 1236 1543 enim
1258 1494 1284 1542 bi
1306 1495 1349 1557 pei
1365 1495 1397 1543 de

254 1578 389 1627 bestiarum
405 1581 534 1641 scripsere
554 1582 651 1626 reaturis
669 1580 772 1627 leaenae
789 1592 844 1626 esse
860 1577 1004 1638 ferociores
1017 1576 1177 1641 (leonibus),
1195 1580 1302 1627 esurires
1319 1583 1344 1627 si
1354 1594 1397 1628 ce-

254 1667 319 1711 teles
337 1664 465 1719 nutriunt,
485 1668 510 1710 ct
527 1678 627 1725 sereper
643 1664 738 1725 pertire
757 1663 792 1711 ad
808 1663 906 1711 coliem.
944 1677 1039 1713 nomm.
1064 1662 1091 1710 in
1111 1662 1193 1712 Zaeh.
1214 1663 1226 1711 1
1243 1662 1260 1709 s
1278 1669 1341 1712 tom.
1361 1663 1399 1711 VI

255 1763 280 1810 p.
300 1745 350 1794 sill
368 1760 440 1810 sqq.:
484 1737 610 1809 ἐρωδιῶν
638 1763 735 1811 petoque
758 1748 784 1795 lei
805 1747 848 1811 pei
869 1747 900 1794 de
924 1750 1049 1795 uolucrem
1071 1750 1201 1810 scripsere
1225 1751 1323 1796 uotiuis
1346 1748 1398 1796 tria

253 1826 350 1895 persero
368 1838 510 1879 ueteeenet:
543 1847 615 1879 riuum
633 1830 713 1880 elbum
732 1832 801 1879 olircd
817 1833 942 1879 stellatum
965 1832 1066 1879 tertium
1084 1835 1191 1895 rrtprurn,
1217 1833 1284 1897 quod
1300 1838 1325 1881 et
1342 1848 1398 1881 sae·

255 1918 376 1964 rctssimure
389 1923 426 1965 est
445 1922 470 1965 et
487 1919 676 1980 surepuieuriem
694 1921 719 1965 et
734 1931 865 1979 pepecns,
885 1916 921 1963 ed
936 1916 1027 1964 eoitem
1045 1919 1177 1979 impatiens
1195 1918 1232 1965 ltu
1249 1922 1275 1963 et
1292 1932 1327 1966 er
1339 1932 1397 1966 ocu-

255 2005 285 2049 tis
303 2016 388 2049 eorem
406 2007 520 2065 erurepat
538 2017 631 2073 creor?
648 2017 756 2065 upupam
775 2006 869 2055 aetem,
889 2016 962 2064 qucum
979 2015 1025 2049 nos
1043 2002 1074 2049 de
1094 2001 1188 2049 (ir-neci
1209 2003 1314 2055 nominis
1330 2001 1398 2049 seni·

256 2087 358 2134 litudine
371 2090 496 2136 traximus
511 2111 539 2119 —
554 2101 611 2134 nam
623 2092 648 2135 et
661 2088 711 2148 ipsi
723 2078 816 2134 ἔποπα
835 2088 966 2149 appellant
984 2084 1015 2133 ob
1033 2101 1063 2134 eo
1080 2087 1150 2150 peod
1166 2093 1284 2134 stercore
1293 2085 1400 2134 buteone

255 2172 400 2220 consideret
417 2197 450 2205 —
467 2186 538 2220 necere
556 2172 641 2219 eliceret
659 2185 713 2219 esse
731 2171 931 2233 spurcissimam,
948 2186 1049 2234 semper
1066 2175 1091 2219 ie
1109 2172 1233 2233 sepulcris
1249 2186 1350 2235 semper
1372 2173 1397 2220 in

255 2254 359 2307 lercreouo
383 2262 498 2305 stercore
520 2260 727 2305 eorrueorantem:
751 2256 857 2319 denique
880 2261 905 2303 et
929 2256 1012 2303 nidum
1035 2270 1070 2304 ex
1092 2271 1122 2304 eo
1143 2255 1233 2318 facere
1257 2256 1350 2305 dieitur
1372 2263 1398 2305 et

254 2343 337 2402 pellas
353 2355 412 2389 seros
431 2342 462 2390 de
480 2340 622 2389 uermicetis
638 2341 762 2389 stercoris
780 2342 850 2388 alere
872 2340 1052 2402 putrescentis.
1088 2355 1181 2388 comm.
1203 2339 1231 2387 in
1249 2339 1365 2388 Abellam
1386 2339 1398 2389 l

258 2428 319 2473 lom.
339 2424 376 2473 VI
394 2441 419 2489 p.
439 2423 502 2474 308:
539 2426 647 2489 aquilam
665 2430 747 2472 uectem
765 2426 860 2471 eunctis
882 2423 970 2472 ouibus
988 2426 1063 2472 altius
1080 2427 1189 2473 eotitere
1212 2425 1286 2473 etitem
1310 2424 1336 2473 lei
1358 2426 1401 2489 qui

257 2509 288 2557 de
307 2515 400 2557 notem
417 2512 498 2558 meiere
516 2510 647 2573 disputant
663 2511 797 2557 mensurius
813 2508 997 2571 prodiderunt,
1016 2513 1129 2573 tantique
1148 2510 1271 2558 conteritur
1289 2523 1345 2557 esse
1363 2509 1400 2557 ds·-

257 2596 334 2650 citer,
353 2599 380 2641 el
398 2610 452 2642 cum
468 2609 546 2657 seper
563 2598 645 2642 morio
661 2592 778 2643 immobili
790 2609 879 2656 penna
894 2594 998 2653 lerator
1015 2608 1061 2642 nee
1083 2593 1195 2642 mimante
1217 2599 1307 2656 patent
1328 2592 1399 2643 obtu-

256 2678 333 2734 tibus,
353 2679 384 2727 de
403 2683 476 2727 terete
492 2678 642 2745 subtimitate
657 2680 794 2742 pisciculos
812 2683 904 2727 natare
922 2679 1020 2739 uideat,
1045 2684 1069 2726 et
1092 2694 1145 2727 eum
1168 2681 1242 2727 iustu
1260 2680 1328 2727 littus
1343 2679 1400 2739 scre·

256 2761 309 2810 rint
327 2765 446 2811 tormenti
462 2766 545 2812 instar
563 2763 719 2812 descendere
737 2768 886 2828 raptamque
901 2764 1029 2826 praedam
1043 2763 1137 2826 pennis
1160 2763 1196 2811 od
1212 2765 1281 2811 litters
1295 2768 1401 2826 pertra-
1431 2766 1436 2771 '

257 2848 327 2895 icere.
364 2862 459 2896 comm.
480 2847 508 2895 in
526 2847 609 2896 Zseh.
629 2847 668 2895 111
689 2845 719 2894 ll
738 2851 802 2895 tom.
821 2847 859 2895 vl
878 2863 904 2911 p.
923 2846 986 2897 932:
1024 2847 1095 2896 aieret
1117 2848 1207 2896 medici
1224 2853 1248 2895 et
1266 2847 1400 2911 liquide

257 2931 376 2981 arborum
393 2937 418 2980 et
436 2930 569 2980 berberem
586 2935 716 2995 scripsere
735 2937 845 2988 noteris,
871 2932 978 2997 quodsi
996 2932 1051 2996 quis
1070 2931 1158 2995 liorem
1179 2933 1267 2980 salicis
1283 2934 1337 2980 siue
1353 2947 1400 2994 po·

256 3017 311 3080 pult
326 3018 429 3065 reixtrtm
447 3032 514 3080 apuu
531 3015 636 3074 biberit,
659 3019 739 3065 orrenis
762 3017 788 3065 in
810 3030 840 3066 eo
861 3016 988 3081 fripeseut
1011 3018 1083 3065 calor
1100 3022 1125 3064 et
1143 3016 1253 3065 libidinis
1271 3032 1336 3065 scena
1352 3018 1402 3065 sie·

258 3108 330 3149 cette*
347 3103 463 3165 ultroque
482 3101 550 3161 lilios
566 3116 693 3164 pererrare
711 3118 761 3151 uon
782 3103 874 3165 possit.
911 3115 1006 3151 comm.
1026 3101 1054 3148 in
1073 3100 1154 3150 Amos
1176 3100 1251 3149 1117
1274 3104 1339 3150 tom.
1363 3099 1401 3149 VI

258 3203 284 3251 p.
304 3184 413 3249 sisse:
450 3185 482 3233 de
501 3184 659 3243 Xenocrate,
679 3188 722 3250 qei
737 3186 826 3236 scribit
844 3201 922 3249 seper
944 3186 1053 3247 tapidum
1074 3199 1273 3251 peesnomueque
1292 3186 1399 3242 uideris,

257 3287 342 3335 porea
354 3270 433 3320 uerba
441 3277 582 3335 ponentes:
611 3272 717 3320 adamas
728 3274 768 3320 sei
784 3271 888 3319 nominis
904 3273 970 3333 lapis
988 3286 1058 3336 quem
1074 3270 1168 3317 Latine
1186 3271 1327 3319 indomitum
1336 3285 1398 3333 pos-

257 3371 340 3404 sumus
353 3358 499 3419 appellere,
513 3372 542 3405 eo
555 3357 623 3421 quod
635 3358 696 3405 nulli
706 3357 782 3405 cedet
793 3358 915 3403 neuteriae
929 3369 975 3404 nec
983 3354 1058 3416 ferro
1072 3354 1170 3419 peridem
1185 3370 1208 3402 e.
1224 3369 1248 3418 q.
1262 3369 1284 3403 s.
1303 3354 1331 3402 in
1344 3353 1402 3418 qui·

259 3440 311 3489 bus
322 3442 427 3493 eertum
441 3445 506 3505 puto
519 3441 716 3503 Hieronymum
728 3439 796 3488 illud
808 3440 968 3504 scriptorum
983 3454 1068 3503 genem
1082 3453 1142 3487 eum
1155 3437 1326 3502 significaret
1337 3437 1403 3487 Sue-

260 3526 318 3575 toni
337 3525 407 3575 bene
420 3541 566 3576 memorem
586 3525 686 3586 fuisse;
716 3524 764 3574 sed
783 3539 846 3573 num
858 3525 935 3589 ipses
952 3522 1016 3573 illes
1033 3523 1242 3574 observationes
1258 3523 1283 3571 ei
1302 3522 1405 3573 debeat

262 3610 344 3660 valde
362 3611 556 3676 ambigendum
570 3615 623 3673 est,
643 3610 668 3660 si
685 3608 756 3659 talis
774 3608 891 3674 legimus
909 3606 1016 3671 (comm.
1036 3610 1142 3659 inlesi.
1155 3610 1204 3659 XV
1222 3608 1255 3657 bl
1273 3608 1404 3657 tom.1111

261 3712 286 3759 p.
307 3693 382 3757 638):
413 3698 445 3745 de
464 3702 557 3745 notura
575 3701 657 3745 aretem
674 3696 806 3745 duodecim
822 3695 932 3758 lapidum
950 3701 1025 3760 atque
1042 3710 1192 3759 pemurnrem
1209 3711 1259 3745 reon
1277 3700 1315 3742 est
1333 3694 1404 3742 buius

260 3786 381 3845 temporis
398 3782 497 3839 dicere,
516 3797 569 3830 eree
587 3787 612 3831 et
632 3781 786 3830 Graecorum
805 3781 909 3843 plurimi
925 3782 1076 3844 scripserint
1094 3787 1119 3830 et
1138 3780 1300 3837 Latinorum
1319 3795 1333 3828 e
1351 3782 1403 3843 qei-

260 3864 305 3913 bes
323 3866 386 3914 duos
403 3871 498 3914 loretum
515 3865 662 3927 nominabo,
682 3870 762 3915 uirum
778 3871 884 3914 selectae
903 3871 928 3914 et
940 3864 1092 3915 uenerabilis
1109 3868 1242 3913 memoriae
1260 3866 1405 3928 episcopum

262 3949 443 4013 Epipboeium„
463 3953 505 4015 qui
522 3953 627 4016 insipeis
645 3950 717 3999 nobis
735 3952 830 4015 inperii
852 3956 877 3999 et
899 3950 1053 3999 eruditionis
1074 3966 1136 3999 suae
1159 3950 1261 4015 relipeit
1284 3952 1403 4001 uoleoeen,

261 4036 330 4099 quod
340 4037 471 4097 inscripsit
484 4031 549 4098 περὶ
562 4034 666 4093 λίθων,
685 4041 709 4083 ct
725 4036 833 4085 Plinium
845 4034 999 4096 Secundum,
1018 4037 1121 4084 eundem
1139 4035 1210 4098 apud
1221 4035 1329 4082 Latinos
1346 4047 1405 4081 ora-

260 4126 340 4169 torem
363 4125 389 4168 et
410 4118 594 4183 pbilosopiene,
620 4123 662 4185 pei
683 4125 707 4169 ie
731 4136 810 4184 apeme
832 4122 1000 4183 pulcherrimo
1024 4121 1149 4169 natlemlis
1165 4120 1289 4168 historiae
1307 4118 1405 4165 tricesi-

260 4221 323 4253 mum
339 4208 470 4267 septimum
486 4206 586 4261 librum,
606 4209 690 4270 quiet
709 4213 838 4254 celeseum
856 4212 908 4262 est,
933 4206 1042 4267 lepidum
1061 4212 1135 4270 ntpec
1152 4212 1303 4267 pemmor‘em
1321 4203 1406 4264 dispu-

261 4294 358 4339 tatioee
376 4293 517 4354 rcereplcuii.
546 4290 582 4338 ef.
603 4290 663 4339 alle.
684 4292 770 4340 levin.
790 4292 816 4340 Π
835 4299 897 4339 toln.
917 4292 941 4339 ll
961 4307 987 4353 p,
1007 4288 1069 4337 33⁴2:
1089 4293 1156 4351 tepet
1175 4291 1218 4352 qui
1234 4292 1285 4335 ere
1305 4288 1406 4336 Aristo·

262 4380 334 4423 telem
352 4384 376 4423 et
402 4377 599 4439 'l'lceopbrestum
616 4392 710 4438 prose.
732 4376 880 4423 .liur·cellere
894 4377 1004 4423 ¹S'icletcte
1023 4380 1047 4421 'el
1067 4381 1177 4423 nostrum
1197 4374 1308 4421 Firmium
1326 4372 1406 4420 beam-

266 4462 352 4509 melris
370 4462 483 4510 uersibus
501 4462 668 4515 disserentes,
690 4462 794 4509 Plinium
813 4476 910 4523 qererqee
929 4459 1069 4506 Secereiem
1088 4465 1112 4506 et
1131 4458 1306 4511 efemeridem
1323 4462 1348 4503 et
1365 4470 1406 4503 ce·
