3200 4992
110 1226 226 1301 tw*

235 358 293 427 too
740 375 872 429 rasrsst
952 370 957 379 ’

232 531 294 598 hoc
315 551 433 598 nomen
459 541 519 597 est,
563 546 795 597 conrlcnuvot
819 531 950 619 quando
976 551 1088 599 omnes
1117 528 1232 615 silent3
1274 526 1376 596 conti·

232 655 363 699 cessere
379 635 465 698 enim
484 631 580 698 silere
600 643 660 698 est.
696 650 919 697 tnrnnrssrs
934 634 967 697 id
984 642 1036 698 est
1053 634 1228 719 inportuna
1245 632 1376 719 quando

232 735 286 818 agi
311 734 524 821 nihil·potest
543 745 578 799 et
601 738 711 800 omnia
738 736 849 822 quieta
878 744 964 799 sunt.
1007 750 1242 799 astntmruvu
1266 741 1374 797 autem

234 836 357 900 dictum
386 844 437 900 est
463 845 597 923 propter
618 836 723 921 gallos
752 835 834 900 lueis
856 836 1080 921 praenuntios.
1124 849 1376 899 ossrvscvnvu

233 953 442 1001 ntsrvmnvn
463 937 548 1001 inter
565 935 755 1001 abscessum
776 938 882 1000 noctis
905 945 937 1000 et
958 936 1023 999 diei
1045 936 1232 1002 aduentum.
1263 935 1399 1020 (nitu-⁶

233 1055 352 1102 cvnvu
372 1038 468 1124 quasi
483 1038 554 1101 iam
575 1039 735 1123 incipiens
758 1059 861 1126 parua
884 1035 951 1102 diei
972 1037 1041 1102 lux.
1080 1037 1162 1102 haec
1181 1046 1214 1101 et
1234 1048 1376 1100 evaeus

233 1160 317 1226 quse
340 1137 439 1202 solem
463 1138 655 1226 praecedit.)

321 1255 542 1303 sunnonem
569 1240 656 1326 apud
679 1242 823 1306 Graecos
839 1250 885 1311 ‚et
906 1240 1070 1306 Romanos
1098 1248 1223 1326 septem
1250 1239 1377 1303 dierum

233 1364 332 1406 cursu
362 1342 539 1428 peragitur.
589 1336 677 1427 apud
706 1342 869 1407 Romanos
899 1341 932 1404 hi
963 1341 1034 1405 dies
1061 1362 1081 1404 a
1109 1338 1306 1426 planetisid
1329 1347 1379 1402 est

234 1444 381 1508 erraticis
403 1441 506 1505 stellis
529 1444 660 1507 nomina
678 1426 844 1528 ceperunt.
886 1443 1027 1529 primurn
1051 1440 1137 1507 enim
1160 1441 1245 1505 diem
1268 1462 1288 1503 a
1309 1437 1412 1504 soleto

233 1664 280 1717 nel
298 1663 488 1729 crepusculum
505 1666 678 1727 matutinum,
698 1672 805 1731 ternpus
823 1665 894 1731 quod
907 1670 973 1715 aute
985 1664 1071 1715 solstn
1084 1662 1145 1715 est’
1175 1664 1213 1713 cf.
1231 1668 1378 1728 praeterea

235 1734 322 1783 Varro
347 1734 380 1781 L.
404 1734 437 1782 L.
460 1733 499 1783 VI
522 1730 539 1781 o
561 1748 620 1798 sqq.
644 1733 810 1783 Censorinus
831 1734 865 1781 24
888 1732 1000 1783 Servius
1017 1734 1086 1782 Aen.
1112 1733 1143 1781 11-
1156 1729 1215 1781 268.
1244 1730 1378 1796 exscripsi

236 1801 272 1851 ad
287 1802 372 1865 Frag.
394 1797 469 1851 113*.
497 1801 619 1851 Isidorus
637 1802 725 1866 origg.
737 1801 762 1850 V
774 1798 817 1861 31,
831 1801 848 1849 4
860 1816 931 1864 sqq:
952 1801 1057 1850 ‘Noctis
1069 1806 1164 1865 partes
1176 1804 1282 1864 septem
1300 1802 1377 1848 sunt:

235 1884 334 1932 uesper
353 1867 542 1932 crepusculum
561 1869 741 1917 conticinium
759 1868 953 1933 intempestum
971 1866 1145 1932 gallicinium
1162 1867 1326 1916 matutinum
1338 1864 1379 1914 di-

235 1935 364 1985 luculum.
379 1950 479 2000 uesper
497 1935 609 1985 astella
626 1935 796 1986 occidentali
808 1941 925 1984 uocetur
943 1950 1013 1998 quac
1032 1935 1117 1984 solent
1130 1934 1275 1984 occiduum
1288 1933 1378 1997 sequi-

234 2009 279 2053 tur
292 2010 320 2051 et
337 2002 467 2052 tenebras
484 2008 633 2066 sequentes
649 2003 802 2068 praecedit.
821 2003 854 2053 de
872 2017 925 2067 qua
938 2002 1070 2066 Virgilius
1084 2003 1113 2064 11
1126 2004 1204 2063 su).-
1222 2003 1294 2051 Ante
1306 2000 1379 2049 diem

236 2070 331 2120 clauso
355 2076 500 2134 componet
517 2085 617 2135 uesper
636 2070 669 2119 Ol
691 2087 760 2135 mpo.
797 2070 928 2120 tenebrae
948 2076 1040 2119 autem
1058 2069 1151 2119 dictae
1170 2068 1241 2133 quod
1264 2072 1380 2118 tenesnt

235 2138 354 2193 umbras.
392 2135 580 2201 crepusculum
604 2145 646 2188 est
705 2138 753 2187 his
776 2137 831 2186 lux.
867 2152 932 2187 nam
955 2152 1096 2201 creperum
1119 2137 1230 2186 dubium
1252 2135 1378 2197 dicimus,

211 2240 215 2251 .
236 2205 287 2255 hoc
306 2210 348 2255 est
366 2206 439 2254 inter
456 2194 544 2253 lucem
564 2211 592 2254 et
610 2204 747 2255 tenebras.
784 2205 964 2254 conticinium
982 2210 1025 2254 est
1043 2204 1151 2269 quando
1169 2203 1261 2253 omnia
1285 2203 1379 2264 silent,

236 2274 425 2323 conticescere
444 2274 517 2321 enim
536 2272 619 2323 silere
638 2278 688 2323 est.
719 2274 913 2336 intempestum
926 2272 1045 2323 medium
1065 2277 1093 2321 et
1105 2272 1277 2322 inactuosum
1289 2271 1380 2323 noctis

237 2345 279 2389 est
296 2345 414 2407 tempus,
433 2339 542 2404 quando
560 2340 629 2389 nihil
649 2340 696 2405 agi
713 2345 803 2405 potest
821 2345 849 2389 et
867 2340 960 2389 omnia
979 2341 1073 2402 quieta
1091 2345 1155 2389 sunt
1172 2354 1278 2404 sopore.
1315 2353 1380 2387 nem

197 2465 200 2470 ¹
235 2414 342 2472 tempus
353 2423 404 2472 per
421 2422 450 2456 se
469 2422 524 2457 non
541 2408 707 2472 intelligitur
723 2408 780 2457 nisi
797 2423 845 2472 per
863 2414 942 2457 actus
959 2407 1092 2457 humanos
1155 2405 1286 2470 (seruamr
1302 2406 1381 2455 verba

235 2477 320 2525 Seruii
341 2490 405 2540 quae
428 2481 487 2523 onte
508 2474 663 2539 perscripsi)
688 2481 766 2524 caret
789 2481 920 2539 tempore.
961 2474 1134 2539 gallicinium
1156 2480 1268 2539 propter
1290 2472 1380 2538 gallos

235 2542 305 2592 lucis
328 2543 508 2607 praenuntios
532 2542 644 2592 dictum.
680 2543 845 2593 matutinum
869 2549 911 2592 est
935 2542 1008 2591 inter
1026 2542 1185 2593 abscessum
1203 2538 1379 2591 tenebrarum

237 2616 265 2659 et
283 2625 398 2660 aurorae
417 2608 564 2659 aduentum
582 2616 611 2660 et
628 2610 731 2661 dictum
750 2611 923 2673 matutinum,
943 2609 1014 2674 quod
1032 2610 1084 2660 hoc
1103 2616 1210 2674 tempus
1229 2608 1378 2658 inchoante

236 2692 317 2727 mane
340 2678 385 2727 sit.
422 2676 571 2727 diluculum
589 2678 669 2742 quasi
687 2677 743 2727 iam
760 2677 897 2742 incipiens
915 2692 1002 2742 parua
1019 2676 1077 2729 diei
1099 2678 1152 2727 lux.
1188 2675 1260 2727 haec
1284 2681 1313 2727 st
1330 2691 1378 2726 su-

236 2760 309 2807 rore,
329 2759 399 2809 quae
417 2744 503 2794 solem
521 2744 683 2810 praecedit)

324 2842 370 2899 ill
379 2841 411 2877 **
422 2845 543 2895 Isidorus
556 2846 590 2896 ds
603 2852 702 2895 natura
713 2861 803 2895 rerum
816 2846 872 2895 III:
887 2845 939 2895 ‘De
952 2818 1138 2895 hebdomade.⁴
1156 2844 1378 2896 Hebdomada

237 2912 324 2978 apud
343 2913 497 2963 Graecos
516 2919 548 2963 et
566 2913 737 2963 Romanos
759 2920 893 2978 septem
912 2913 1041 2963 dierum
1065 2928 1166 2962 cursu
1183 2914 1376 2978 peragitur.

236 2981 309 3046 apud
326 2980 470 3029 Hebraeos
489 2987 581 3030 sutem
599 2987 706 3047 septem
724 2982 789 3031 anni
808 2986 884 3042 sunt;
909 2981 1034 3033 declarat
1056 2979 1108 3029 hoo
1131 2981 1233 3031 Daniel
1251 2981 1286 3030 de
1303 2981 1380 3030 Lxx

234 3047 459 3103 hebdomadibus.
470 3047 643 3098 hebdomada
653 3056 745 3098 autem
755 3056 860 3114 septem
872 3048 949 3099 feriis
959 3053 1076 3098 constat.
1089 3048 1160 3098 seris
1171 3055 1262 3098 sutem
1273 3048 1380 3097 asaudo

236 3116 311 3165 dicta
329 3117 407 3181 quasi
426 3116 509 3174 foria,
527 3116 573 3165 uel
591 3132 622 3165 eo
641 3117 712 3181 qnod
729 3112 758 3165 in
776 3117 919 3166 creatione
932 3115 1023 3164 mundi
1038 3132 1087 3180 per
1104 3117 1226 3181 singulos
1239 3116 1298 3171 dies
1312 3116 1381 3164 dixit
1464 3107 1472 3127 ⁸

236 3184 316 3232 deus:
330 3182 403 3245 Fiat,
416 3184 483 3231 item
493 3185 559 3247 quia
571 3183 630 3233 dies
640 3185 753 3234 sabbati
764 3185 798 3233 ab
811 3184 891 3233 initio
902 3184 1019 3233 feriatus
1028 3183 1155 3233 habetur.
1169 3184 1233 3233 inde
1244 3183 1305 3233 dies
1315 3184 1380 3232 solis

236 3252 325 3315 prima
344 3251 415 3300 seria
433 3255 615 3314 nuncupetur,
635 3252 700 3316 quis
717 3254 821 3316 primus
835 3258 877 3301 est
890 3267 907 3300 a
925 3252 1006 3314 feria,
1025 3252 1093 3300 item
1110 3251 1192 3301 lunae
1211 3251 1324 3316 proinde
1338 3266 1380 3301 se·

237 3319 327 3368 cunda
346 3319 427 3381 seria,
446 3318 512 3382 quia
529 3319 666 3368 secundus
685 3326 728 3369 est
746 3335 762 3368 a
782 3319 863 3368 seria.
898 3320 940 3368 sic
963 3324 991 3367 et
1013 3319 1101 3368 ceteri
1124 3318 1184 3369 dies
1206 3319 1258 3369 tali
1282 3335 1315 3369 ex
1332 3334 1381 3368 nu-

180 3408 184 3415 ·
236 3402 310 3435 mero
323 3391 497 3449 sumpserunt
509 3387 654 3436 uocabula.
669 3387 757 3451 apud
769 3387 936 3437 Romanos
954 3391 1046 3435 autem
1059 3386 1092 3435 hi
1106 3386 1179 3437 dies
1248 3402 1381 3437 cursum

237 3469 336 3503 suum.
354 3454 496 3519 proinde
510 3452 1012 3518 sutom'gcntileseuhisseptem
1083 3452 1296 3505 tarditatem.
1315 3455 1381 3504 talis
1444 3486 1453 3507 a

237 3520 507 3612 qnippngentilibus
525 3522 619 3601 extitit
635 3522 770 3637 stultitias,
799 3522 921 3612 (1118111
936 3521 1072 3602 linxerunt
1090 3527 1147 3571 tam
1165 3523 1315 3603 ridiculosa.
1332 3522 1380 3587 fig-

236 3587 1381 3724 tittttlttlttttttttttltintermittittttt’ttt‘tttt'tttlt:

236 3729 336 3772 uerunt
353 3730 380 3772 ct
397 3731 592 3789 quaererentur
609 3738 687 3789 risque
699 3726 735 3773 ad
745 3722 896 3788 figmenta)
911 3752 944 3758 —-
955 3725 1112 3775 Herodotus
1131 3726 1158 3775 II
1176 3724 1222 3774 82:
1240 3723 1299 3776 Καὶ
1312 3720 1382 3775 τάδε

237 3780 310 3865 {ilo
333 3786 517 3855 Αἰγυπτίοισί
537 3782 594 3840 ἔστι
619 3783 810 3856 ἐξευρημένα,
837 3790 901 3857 μείς
923 3806 954 3842 τε
980 3788 1030 3842 καὶ
1056 3784 1148 3858 ἡμέρη
1174 3783 1278 3859 ἑκάστη
1302 3791 1382 3844 θεῶν
1416 3848 1419 3852 ,

239 3872 304 3913 oreo
323 3850 391 3908 ἐστί.
428 3858 535 3908 Gellius
553 3859 596 3908 111
616 3856 660 3923 10,
681 3857 694 3906 l
714 3875 768 3924 sq.:
794 3860 845 3909 ι111.
865 3860 952 3909 Varro
974 3859 1107 3925 inprime
1126 3860 1256 3910 librorum
1275 3863 1321 3925 qui
1340 3862 1381 3909 in-

326 4059 334 4106 t
354 4055 402 4105 est
415 4065 527 4124 uesper
538 4048 566 4102 B
580 4041 594 4126 11
610 4048 811 4106 conticiscere
825 4043 904 4104 A¹B¹
921 4042 934 4128 11
949 4056 965 4106 a
985 4055 1032 4104 est
1046 4067 1099 4105 om.
1120 4041 1160 4103 Βι
1176 4040 1191 4127 11
1204 4048 1385 4126 intempesta

239 4133 268 4188 B
282 4125 295 4212 11
311 4132 492 4209 inoportuna
507 4133 532 4187 Α
545 4131 706 4208 inportuni
720 4135 748 4189 B
762 4126 778 4213 11
790 4142 807 4193 3
819 4132 913 4190 nichil
931 4126 968 4189 B¹
984 4127 997 4211 11
1013 4130 1113 4207 gallus
1129 4127 1164 4187 Α1
1178 4131 1328 4207 gallorum
1344 4124 1383 4189 Α2

241 4210 254 4295 11
270 4215 481 4293 tpronunoios
497 4219 521 4271 A
535 4217 769 4292 prenunciorum
782 4219 810 4273 B
823 4213 837 4295 11
853 4216 1064 4294 crepusculum
1080 4214 1142 4273 &A
1156 4208 1170 4296 11
1185 4217 1384 4277 omatitinum

239 4304 264 4357 A
285 4296 289 4379 1
319 4298 498 4357 abscessum
520 4295 557 4355 B¹
581 4294 594 4380 11
617 4295 966 4381 dieA¹118ebdomads
986 4294 1058 4358 AB²
1077 4320 1130 4358 om.
1147 4296 1188 4358 B¹
1205 4295 1218 4382 11
1233 4308 1383 4362 tcursum

239 4378 279 4441 B¹
304 4379 309 4464 1
323 4383 456 4462 planites
471 4380 509 4440 B¹
526 4380 539 4466 11
557 4397 589 4448 10
605 4384 644 4445 od
662 4383 799 4444 erraticis
814 4388 842 4443 B
856 4380 869 4466 11
885 4385 1062 4464 acciperunt
1080 4380 1121 4443 B¹
1143 4392 1328 4466 acceperunt
1344 4380 1385 4442 Β2
