3200 4992
234 376 276 441 96
613 398 654 441 ns
677 396 762 441 trare
784 397 997 443 innueramus

234 549 472 633 immanemque
505 555 615 611 natum
644 555 677 612 et
703 549 805 612 sensit
833 549 896 611 cito
926 556 959 613 et
985 546 1146 613 indicauit
1169 550 1254 612 inter
1277 548 1372 613 fami-

234 646 331 712 liares
359 647 472 714 solitus
503 648 627 730 dicere,
656 671 720 713 non
745 648 821 713 fieri
843 671 942 714 saeuo
968 650 1023 741 illi
1034 650 1120 715 leoni
1145 654 1221 737 quia
1241 660 1372 736 gustato

234 750 333 815 semel
357 749 497 816 bominis
518 771 632 815 mucre
655 752 803 837 ingenita
824 751 936 816 redeat
957 754 1105 817 saeuitia.

148 883 222 959 88*
319 888 433 952 Iunius
448 885 556 953 Gallio
572 886 831 952 freter.Senecae
853 889 1005 974 egregius
1028 888 1223 954 declamator
1241 890 1372 977 propria

233 1011 268 1054 se
290 1011 388 1055 manu
410 988 563 1054 interficit
585 995 616 1068 (†
633 1016 660 1053 11.
684 999 762 1069 817).
1382 1013 1395 1051 s

125 1246 136 1268 “
233 1266 330 1301 necem
353 1249 498 1317 compulit,
523 1249 648 1313 quamuis
671 1264 755 1312 saepe
774 1254 954 1299 commeatum
976 1249 1082 1314 petenti
1109 1250 1243 1315 bonisque
1261 1249 1373 1299 cedenti

233 1325 378 1385 persancte
390 1320 523 1379 iurasset,
543 1321 700 1382 suspectum
713 1331 743 1365 se
755 1316 857 1367 frustra
869 1318 1072 1383 parituramque
1088 1319 1178 1383 potius
1198 1332 1277 1382 qnam
1295 1318 1371 1367 noci-

233 1393 322 1437 turum
340 1386 386 1437 ei!
417 1387 453 1437 cf.
472 1386 588 1435 TacItue
607 1400 669 1434 ann.
689 1385 771 1433 XIIII
789 1384 885 1450 5‘2sqq.
904 1383 938 1434 5ss
955 1386 1004 1435 XV
1021 1387 1062 1435 45.
1082 1385 1123 1436 56.
1142 1386 1238 1451 bosqq.
1258 1386 1371 1437 Cassius

233 1457 287 1506 Dio
299 1454 347 1518 62,
361 1456 459 1520 24sqq.
473 1482 504 1490 -
518 1452 665 1502 Suetonius
678 1453 767 1516 Galig.
781 1452 828 1503 53:
844 1453 941 1502 ‘leuius
950 1456 1119 1520 cointiusqne
1133 1453 1272 1504 scribendi
1284 1468 1372 1520 genus

234 1525 303 1574 adeo
322 1530 500 1574 contemnens
516 1526 548 1569 ut
565 1520 700 1570 Senecam
718 1526 776 1569 tum
793 1523 911 1572 maxime
924 1522 1080 1587 placentem
1093 1522 1297 1572 commissiones
1315 1538 1370 1571 me-

233 1608 278 1642 ras
313 1607 475 1657 componere
507 1589 695 1639 et‘harenam
724 1603 784 1638 case
813 1590 874 1639 sine
904 1590 981 1639 calce
1005 1589 1134 1641 diceret)
1179 1592 1243 1641 Ner.
1266 1591 1312 1640 52:
1344 1590 1370 1640 ‘a

234 1662 393 1726 cognitione
415 1664 540 1709 ueterum
562 1661 701 1707 oratorum
722 1658 830 1706 Seneca
851 1665 1016 1724 praeceptor
1039 1656 1167 1721 (auertit),
1193 1675 1245 1724 quo
1268 1659 1371 1708 diutina

233 1731 262 1778 iu
275 1728 457 1778 admiratione
470 1727 513 1776 sui
524 1722 682 1775 detineret'
707 1724 896 1787 Quintilianus
908 1727 933 1775 X
947 1726 974 1789 l,
996 1726 1056 1776 125:
1074 1725 1120 1777 ‘ex
1138 1727 1274 1777 Industria
1286 1726 1369 1777 Sene-

234 1812 296 1846 cam
306 1798 333 1846 11]
347 1799 420 1847 omni
433 1810 534 1862 genere
548 1793 722 1858 eloquentiae
736 1793 830 1843 distuli
842 1799 954 1859 propter
965 1794 1107 1859 uolgatam
1121 1795 1192 1846 falso
1205 1795 1238 1845 de
1251 1811 1294 1844 me
1312 1796 1369 1861 opi-

232 1866 356 1927 nionem,
388 1880 442 1929 qna
464 1863 595 1912 damnare
618 1877 679 1911 eum
704 1866 732 1910 et
759 1862 878 1911 inuisum
901 1877 1008 1928 quoque
1031 1863 1133 1913 habere
1157 1879 1216 1913 snm
1240 1864 1369 1913 creditus.

233 1932 304 1998 quod
326 1932 431 1982 accidit
453 1930 534 1993 milri,
563 1929 625 1978 dum
650 1934 805 1994 corruptum
828 1936 857 1979 et
880 1932 1005 1981 omnibns
1021 1931 1101 1981 uitiis
1124 1932 1240 1981 fractum
1260 1931 1372 1981 dicendi

232 2016 319 2066 genus
338 2014 469 2050 reuocare
484 1997 519 2047 ad
536 1998 678 2047 seueriora
690 1997 794 2048 iudicia
807 1999 957 2059 contendo,
976 2005 1033 2049 tum
1051 2004 1143 2049 autem
1156 1999 1229 2049 solua
1246 1999 1293 2049 hic
1311 2000 1371 2049 scre

233 2071 261 2118 in
284 2070 411 2118 manibus
437 2066 654 2118 adolescentium
677 2064 740 2115 fuit.
781 2082 860 2131 quern
884 2082 937 2116 non
966 2067 1092 2132 equidem
1115 2069 1224 2118 omnino
1249 2067 1371 2117 conabar

233 2143 376 2199 excutere,
396 2135 445 2186 sed
461 2134 615 2202 potioribus
634 2134 769 2199 praeferri
782 2150 836 2184 nou
854 2132 992 2198 sinebam,
1014 2151 1080 2200 quos
1099 2136 1145 2185 ille
1158 2151 1211 2185 non
1224 2136 1371 2185 destiterat

232 2207 386 2267 incessere,
407 2220 466 2254 curn
485 2203 588 2253 diuersi
601 2202 655 2251 sibi
668 2203 795 2252 conscius
807 2204 918 2267 generis
930 2203 1041 2269 placere
1061 2220 1090 2254 se
1108 2204 1137 2253 in
1150 2204 1266 2253 dicendo
1278 2219 1368 2269 posse,

233 2274 331 2339 quibus
349 2273 391 2322 illi
409 2272 534 2339 placent,
554 2270 702 2321 diffideret.
739 2271 876 2341 amabant,
893 2277 985 2321 autem
1009 2288 1070 2321 eum
1093 2274 1181 2338 magis
1204 2287 1286 2337 quam
1309 2273 1370 2320 imi·

232 2343 363 2392 tabantur
381 2346 541 2405 tantumque
560 2339 594 2388 ab
615 2356 646 2388 eo
665 2339 836 2399 defluebant,
856 2345 987 2404 quantum
1005 2340 1053 2390 ille
1072 2340 1106 2390 ab
1124 2340 1244 2404 antiquis
1256 2340 1369 2389 descen·

231 2411 311 2460 derat
323 2442 691 2459 ..................
711 2409 845 2456 tractauit
863 2409 948 2457 etiam
961 2423 1067 2458 omnem
1081 2409 1139 2459 fere
1151 2408 1301 2457 studiorum
1313 2424 1370 2457 ma·

231 2479 338 2527 teriam.
375 2492 439 2526 nem
458 2481 486 2526 ct
503 2477 644 2527 orationes
663 2475 722 2523 eius
741 2481 769 2524 et
786 2482 915 2540 poemata
939 2482 967 2525 et
990 2476 1126 2543 epistolae
1150 2482 1178 2525 et
1201 2476 1305 2541 dialogi
1330 2476 1369 2525 Ie·

231 2552 335 2595 runtur.
353 2547 383 2594 in
400 2543 574 2610 phIIosophia
592 2558 687 2608 parum
705 2543 987 2609 diIIgerrs,0gregius
1005 2550 1098 2595 tamen
1110 2545 1238 2594 uitiorum
1251 2545 1370 2593 insecta-
1436 2573 1441 2582 ·

231 2619 275 2665 tor
286 2612 349 2663 fuit’
364 2630 387 2664 e.
401 2628 426 2677 q.
441 2627 461 2662 s.
476 2612 514 2661 cf.
528 2612 644 2661 Tacitus
657 2626 719 2660 anu.
735 2611 802 2660 XIII
816 2612 842 2661 3:
858 2614 1031 2676 ‘quamquam
1044 2614 1133 2663 oratio
1147 2629 1163 2663 a
1176 2612 1284 2662 Seneca
1297 2627 1368 2662 com-

231 2684 322 2747 posita
340 2681 453 2730 multum
473 2680 562 2730 cultus
579 2677 752 2745 praeferret’
780 2680 848 2729 XIII
865 2680 910 2728 42:
931 2680 998 2730 ‘uec
1016 2680 1129 2731 Suillius
1148 2686 1245 2745 questu
1258 2685 1306 2730 aut
1324 2696 1368 2729 ex-

230 2751 407 2815 probratione
427 2747 602 2810 abstinebat,
620 2754 731 2813 praeter
744 2749 876 2806 ferociam
895 2749 980 2799 animi
999 2754 1122 2799 extrema
1133 2754 1277 2798 senectute
1289 2748 1369 2811 liber,

231 2823 260 2868 et
283 2818 419 2868 Senecam
442 2817 590 2881 increpans
613 2815 750 2867 infensum
774 2816 872 2865 amicis
896 2815 1019 2879 Claudii,
1051 2817 1101 2867 sub
1120 2832 1172 2882 quo
1191 2817 1369 2867 iustIssimum

232 2885 529 2950 exiliumpertnlisset.
557 2882 637 2935 simul
655 2883 754 2933 studiis
767 2884 901 2934 inertibus
915 2890 942 2933 et
959 2885 1088 2935 iuuenum
1101 2885 1249 2951 inperitiae
1262 2891 1369 2934 suetum

230 2953 317 3003 liuere
336 2954 371 3003 iis
389 2953 436 3018 qui
454 2952 576 3001 uiuidum
595 2957 623 3001 et
636 2953 822 3017 incorruptam
841 2951 1027 3017 eloquentiam
1043 2953 1152 3003 tuendis
1166 2953 1273 3003 ciuibus
1292 2968 1368 3002 exer·

231 3027 335 3072 cerent.
371 3037 400 3070 se
420 3026 592 3085 quaestorem
611 3020 782 3082 Germanici,
810 3018 886 3069 illum
905 3020 999 3070 domus
1018 3022 1077 3070 eius
1095 3020 1248 3070 adulterum
1272 3021 1366 3070 luisse.

231 3106 267 3140 an
286 3090 398 3155 grauius
418 3088 627 3138 existimandum
646 3095 743 3153 sponte
766 3088 917 3153 litigatoris
935 3089 1086 3153 praemium
1108 3088 1243 3139 honestae
1266 3103 1368 3153 operae

231 3158 360 3223 adsequi,
379 3172 461 3222 quam
479 3172 650 3221 corrumpere
670 3156 799 3205 cubicula
811 3157 965 3221 principum
984 3158 1164 3206 seminarum?
1187 3172 1241 3221 qua
1258 3157 1368 3221 sapien-

230 3227 285 3290 tia,
304 3225 402 3291 quibus
420 3224 641 3291 philosophorum
659 3225 817 3289 praeceptis
841 3225 915 3274 iutra
934 3225 1141 3290 quadriennium
1160 3226 1253 3289 regiae
1273 3225 1368 3274 amici·

230 3295 288 3344 tiae
312 3300 355 3355 ter
377 3292 497 3343 milliens
521 3294 679 3342 sestertium
703 3293 876 3357 parauisset?
916 3293 1019 3344 Romae
1047 3299 1215 3343 testamenta
1238 3298 1266 3342 et
1289 3288 1380 3342 orbos'

229 3362 307 3413 uelut
326 3361 456 3428 indagine
475 3362 535 3411 eius
555 3361 631 3426 capi,
652 3358 764 3409 ltaliam
784 3367 811 3410 ct
823 3361 981 3425 prouincias
994 3362 1118 3411 inmenso
1131 3362 1225 3411 fenore
1243 3358 1367 3410 hauriri'

231 3431 376 3481 Severiora
395 3431 480 3480 etiam
504 3429 721 3494 antiquariorum
742 3428 845 3478 iudicia
864 3434 960 3479 extant
979 3429 1051 3495 apud
1069 3430 1235 3479 Frontonem
1255 3430 1288 3479 de
1308 3444 1367 3478 ora·

201 3524 203 3531 1
230 3498 351 3549 tionibus
371 3498 406 3548 ad
423 3499 460 3551 M-
480 3496 629 3547 Caesarem
646 3513 672 3562 p.
692 3496 743 3548 239
761 3502 789 3547 et
807 3496 927 3547 Gellium
944 3498 998 3549 XII
1015 3497 1040 3547 2.

314 3596 370 3653 116*
386 3599 570 3663 Hieronymus
593 3598 637 3649 01.
660 3599 722 3660 210,
745 3599 769 3648 11.
807 3597 919 3649 Cassius
943 3600 997 3649 Dio
1021 3598 1067 3661 62,
1092 3599 1138 3648 25:
1169 3595 1218 3649 καὶ
1240 3589 1368 3649 0111611.-

231 3665 282 3733 (pol
300 3658 418 3731 tietmar
437 3659 627 3718 11111πῶ11110.
655 3667 770 3717 Tacitus
789 3666 852 3717 auir.
872 3669 922 3717 XV
939 3667 986 3718 73:
1012 3667 1128 3718 ‘Iunium
1146 3666 1301 3717 Galli0nem
1321 3666 1369 3717 sea

231 3753 317 3786 nacae
336 3737 418 3785 fatris
436 3740 522 3785 morte
534 3735 664 3801 pauidum
682 3740 711 3785 et
728 3751 776 3800 pro
788 3751 838 3785 sua
856 3736 1047 3786 incolumitate
1060 3735 1213 3801 supplicem
1231 3737 1370 3800 increpuIt

230 3805 359 3855 Salienus
377 3804 505 3853 Clemens
527 3804 634 3854 hostem
648 3808 676 3853 et
693 3805 858 3868 parricidam
877 3803 1001 3854 uocans.’
1047 3805 1175 3869 sequenti
1193 3805 1278 3869 igitur
1297 3819 1368 3852 anno

231 3872 440 3922 adscrIbendum
464 3877 532 3924 erat.
577 3872 706 3921 Ceterum
729 3873 814 3921 etium
837 3872 929 3921 Gallio
951 3871 1023 3921 filius
1048 3873 1176 3937 egregius
1199 3871 1369 3921 declamator

230 3942 316 3990 fuisse
339 3941 462 4004 videtur,
485 3945 588 3990 utnon
609 3941 646 3989 sit
664 3954 713 3989 our
730 3955 791 3989 oum
806 3940 965 3991 Hermanno
984 3946 1012 3989 et
1029 3941 1197 3989 Mommseno
1216 3940 1250 3988 de
1273 3940 1367 3988 corifu-

229 4009 308 4059 sione
327 4008 484 4058 Gallienum
501 4009 590 4073 patris
609 4013 637 4058 et
653 4008 705 4057 filii
723 4009 839 4074 cogites.
875 4008 911 4057 cl.
932 4007 1180 4114 Quintilianua·lll
1200 4007 1228 4071 I,
1247 4007 1287 4063 21.

229 4163 431 4174 ——...

315 4278 329 4329 l
342 4265 489 4325 indicauit
500 4268 613 4338 Lipsius
624 4269 664 4323 ed
674 4268 810 4324 Senecam
821 4284 852 4347 p.
865 4267 988 4324 XXVI:
998 4265 1149 4341 mitiganit
1164 4266 1245 4322 Vallo
1258 4263 1366 4341 indigi·

229 4351 307 4411 tauit
326 4353 592 4425 Sebartzsleirrlrins
607 4346 620 4431 ll
634 4361 651 4410 ’1
663 4352 727 4409 lieri
742 4355 860 4425 sampsi:
875 4352 939 4409 fore
955 4353 1035 4408 Valla
1050 4350 1146 4433 fidere
1160 4370 1194 4409 ae
1214 4352 1336 4408 Orellius
1353 4345 1365 4429 ll

230 4448 247 4500 3
262 4439 414 4496 scaeuitia
433 4440 528 4507 Vallo,
543 4440 664 4539 carseta-i
1154 4447 1162 4461 ’
