<?xml version="1.0" encoding="UTF-8"?>
<!DOCTYPE html PUBLIC "-//W3C//DTD XHTML 1.0 Transitional//EN"
    "http://www.w3.org/TR/xhtml1/DTD/xhtml1-transitional.dtd">
<html xmlns="http://www.w3.org/1999/xhtml" xml:lang="en" lang="en">
 <head>
  <title>
</title>
<meta http-equiv="Content-Type" content="text/html;charset=utf-8" />
  <meta name='ocr-system' content='tesseract 3.04.00' />
  <meta name='ocr-capabilities' content='ocr_page ocr_carea ocr_par ocr_line ocrx_word'/>
</head>
<body>
  <div class='ocr_page' id='page_1' title='image "./csuetonitranqui01ritsgoog_0262.png"; bbox 0 0 3218 5000; ppageno 0'>
   <div class='ocr_carea' id='block_1_1' title="bbox 620 426 1363 493">
    <p class='ocr_par' dir='ltr' id='par_1_1' title="bbox 620 426 1363 493">
     <span class='ocr_line' id='line_1_1' title="bbox 620 426 1363 493; baseline 0 -2"><span class='ocrx_word' id='word_1_1' title='bbox 620 450 663 492; x_wconf 87' lang='lat' dir='ltr'><strong>ns</strong></span> <span class='ocrx_word' id='word_1_2' title='bbox 686 448 827 492; x_wconf 78' lang='lat' dir='ltr'><strong>narrans</strong></span> <span class='ocrx_word' id='word_1_3' title='bbox 850 448 959 490; x_wconf 73' lang='lat' dir='ltr'><strong>rssnvn</strong></span> <span class='ocrx_word' id='word_1_4' title='bbox 1162 462 1167 468; x_wconf 92' lang='lat'><strong>·</strong></span> <span class='ocrx_word' id='word_1_5' title='bbox 1300 426 1363 493; x_wconf 80' lang='lat'><strong>235</strong></span> 
     </span>
    </p>
   </div>
   <div class='ocr_carea' id='block_1_2' title="bbox 198 591 1364 1493">
    <p class='ocr_par' dir='ltr' id='par_1_2' title="bbox 198 591 1364 1493">
     <span class='ocr_line' id='line_1_2' title="bbox 220 591 1363 684; baseline -0.008 -21"><span class='ocrx_word' id='word_1_6' title='bbox 220 597 347 665; x_wconf 80' lang='lat' dir='ltr'>incolae</span> <span class='ocrx_word' id='word_1_7' title='bbox 368 592 522 662; x_wconf 89' lang='lat' dir='ltr'><strong>sentiunt.</strong></span> <span class='ocrx_word' id='word_1_8' title='bbox 561 598 672 684; x_wconf 89' lang='lat' dir='ltr'><strong>itaque</strong></span> <span class='ocrx_word' id='word_1_9' title='bbox 694 604 826 683; x_wconf 88' lang='lat' dir='ltr'><strong>propter</strong></span> <span class='ocrx_word' id='word_1_10' title='bbox 841 597 997 681; x_wconf 84' lang='lat' dir='ltr'><strong>impeturn</strong></span> <span class='ocrx_word' id='word_1_11' title='bbox 1013 602 1160 680; x_wconf 81' lang='lat' dir='ltr'>pugnant</span> <span class='ocrx_word' id='word_1_12' title='bbox 1180 591 1250 657; x_wconf 87' lang='lat' dir='ltr'><strong>siue</strong></span> <span class='ocrx_word' id='word_1_13' title='bbox 1274 601 1363 655; x_wconf 88' lang='lat' dir='ltr'><strong>metu</strong></span> 
     </span>
     <span class='ocr_line' id='line_1_3' title="bbox 220 694 1362 764; baseline -0.005 -1"><span class='ocrx_word' id='word_1_14' title='bbox 220 720 263 764; x_wconf 90' lang='lat' dir='ltr'><strong>ne</strong></span> <span class='ocrx_word' id='word_1_15' title='bbox 284 699 474 763; x_wconf 88' lang='lat' dir='ltr'><strong>deferantur</strong></span> <span class='ocrx_word' id='word_1_16' title='bbox 497 701 530 764; x_wconf 89' lang='lat' dir='ltr'><strong>in</strong></span> <span class='ocrx_word' id='word_1_17' title='bbox 552 698 663 764; x_wconf 82' lang='lat' dir='ltr'><strong>littora</strong></span> <span class='ocrx_word' id='word_1_18' title='bbox 689 699 760 761; x_wconf 89' lang='lat' dir='ltr'><strong>siue</strong></span> <span class='ocrx_word' id='word_1_19' title='bbox 786 705 902 760; x_wconf 89' lang='lat' dir='ltr'><strong>natura</strong></span> <span class='ocrx_word' id='word_1_20' title='bbox 929 717 970 759; x_wconf 89' lang='lat' dir='ltr'><strong>ne</strong></span> <span class='ocrx_word' id='word_1_21' title='bbox 997 715 1187 759; x_wconf 88' lang='lat' dir='ltr'><strong>auersorum</strong></span> <span class='ocrx_word' id='word_1_22' title='bbox 1217 694 1362 757; x_wconf 85' lang='lat' dir='ltr'><strong>ceruices</strong></span> 
     </span>
     <span class='ocr_line' id='line_1_4' title="bbox 219 793 1364 887; baseline -0.007 -22"><span class='ocrx_word' id='word_1_23' title='bbox 219 800 309 865; x_wconf 86' lang='lat' dir='ltr'><strong>unda</strong></span> <span class='ocrx_word' id='word_1_24' title='bbox 335 801 539 887; x_wconf 86' lang='lat' dir='ltr'><strong>praecipitet.</strong></span> <span class='ocrx_word' id='word_1_25' title='bbox 588 798 668 887; x_wconf 90' lang='lat' dir='ltr'><strong>qnid</strong></span> <span class='ocrx_word' id='word_1_26' title='bbox 695 797 799 881; x_wconf 81' lang='lat' dir='ltr'><strong>ergo?</strong></span> <span class='ocrx_word' id='word_1_27' title='bbox 843 795 990 884; x_wconf 87' lang='lat' dir='ltr'><strong>delphini</strong></span> <span class='ocrx_word' id='word_1_28' title='bbox 1017 803 1144 858; x_wconf 89' lang='lat' dir='ltr'><strong>tantum</strong></span> <span class='ocrx_word' id='word_1_29' title='bbox 1171 793 1255 858; x_wconf 87' lang='lat' dir='ltr'><strong>hanc</strong></span> <span class='ocrx_word' id='word_1_30' title='bbox 1280 794 1364 859; x_wconf 89' lang='lat' dir='ltr'><strong>iniu-</strong></span> 
     </span>
     <span class='ocr_line' id='line_1_5' title="bbox 220 896 1363 984; baseline -0.008 -17"><span class='ocrx_word' id='word_1_31' title='bbox 220 904 303 967; x_wconf 89' lang='lat' dir='ltr'><strong>riam</strong></span> <span class='ocrx_word' id='word_1_32' title='bbox 325 902 465 966; x_wconf 74' lang='lat' dir='ltr'><strong>timenti</strong></span> <span class='ocrx_word' id='word_1_33' title='bbox 511 905 609 967; x_wconf 88' lang='lat' dir='ltr'><strong>immo</strong></span> <span class='ocrx_word' id='word_1_34' title='bbox 631 909 663 964; x_wconf 89' lang='lat' dir='ltr'><strong>et</strong></span> <span class='ocrx_word' id='word_1_35' title='bbox 683 899 782 963; x_wconf 87' lang='lat' dir='ltr'><strong>ceteri</strong></span> <span class='ocrx_word' id='word_1_36' title='bbox 802 898 927 984; x_wconf 80' lang='lat' dir='ltr'><strong>pisces:</strong></span> <span class='ocrx_word' id='word_1_37' title='bbox 970 896 1027 961; x_wconf 89' lang='lat' dir='ltr'><strong>sed</strong></span> <span class='ocrx_word' id='word_1_38' title='bbox 1049 897 1082 961; x_wconf 86' lang='lat' dir='ltr'><strong>bi</strong></span> <span class='ocrx_word' id='word_1_39' title='bbox 1108 904 1236 959; x_wconf 88' lang='lat' dir='ltr'><strong>tantum</strong></span> <span class='ocrx_word' id='word_1_40' title='bbox 1265 916 1363 983; x_wconf 86' lang='lat' dir='ltr'><strong>appa·</strong></span> 
     </span>
     <span class='ocr_line' id='line_1_6' title="bbox 198 997 1363 1089; baseline -0.005 -23"><span class='ocrx_word' id='word_1_41' title='bbox 198 1010 308 1086; x_wconf 79' lang='lat' dir='ltr'><strong>arent,</strong></span> <span class='ocrx_word' id='word_1_42' title='bbox 338 1006 416 1089; x_wconf 88' lang='lat' dir='ltr'><strong>quia</strong></span> <span class='ocrx_word' id='word_1_43' title='bbox 435 1002 602 1067; x_wconf 85' lang='lat' dir='ltr'><strong>exiliunt’</strong></span> <span class='ocrx_word' id='word_1_44' title='bbox 648 1003 726 1065; x_wconf 88' lang='lat' dir='ltr'><strong>item</strong></span> <span class='ocrx_word' id='word_1_45' title='bbox 748 998 853 1063; x_wconf 88' lang='lat' dir='ltr'><strong>Varro</strong></span> <span class='ocrx_word' id='word_1_46' title='bbox 874 997 955 1063; x_wconf 91' lang='lat' dir='ltr'><strong>dicit</strong></span> <span class='ocrx_word' id='word_1_47' title='bbox 975 998 1104 1084; x_wconf 89' lang='lat' dir='ltr'><strong>signum</strong></span> <span class='ocrx_word' id='word_1_48' title='bbox 1128 1016 1199 1062; x_wconf 86' lang='lat' dir='ltr'><strong>esse</strong></span> <span class='ocrx_word' id='word_1_49' title='bbox 1226 1003 1363 1083; x_wconf 79' lang='lat' dir='ltr'><strong>temp&#39;es-</strong></span> 
     </span>
     <span class='ocr_line' id='line_1_7' title="bbox 219 1098 1364 1191; baseline -0.006 -22"><span class='ocrx_word' id='word_1_50' title='bbox 219 1107 297 1170; x_wconf 88' lang='lat' dir='ltr'><strong>tatis</strong></span> <span class='ocrx_word' id='word_1_51' title='bbox 323 1105 400 1169; x_wconf 91' lang='lat' dir='ltr'><strong>dum</strong></span> <span class='ocrx_word' id='word_1_52' title='bbox 427 1103 467 1168; x_wconf 87' lang='lat' dir='ltr'><strong>de</strong></span> <span class='ocrx_word' id='word_1_53' title='bbox 490 1111 583 1191; x_wconf 90' lang='lat' dir='ltr'><strong>parte</strong></span> <span class='ocrx_word' id='word_1_54' title='bbox 610 1099 772 1189; x_wconf 88' lang='lat' dir='ltr'><strong>aquilonis</strong></span> <span class='ocrx_word' id='word_1_55' title='bbox 798 1100 904 1185; x_wconf 82' lang='lat' dir='ltr'><strong>fulget</strong></span> <span class='ocrx_word' id='word_1_56' title='bbox 934 1108 1064 1164; x_wconf 89' lang='lat' dir='ltr'><strong>etcum</strong></span> <span class='ocrx_word' id='word_1_57' title='bbox 1093 1098 1133 1163; x_wconf 89' lang='lat' dir='ltr'><strong>de</strong></span> <span class='ocrx_word' id='word_1_58' title='bbox 1165 1108 1259 1184; x_wconf 89' lang='lat' dir='ltr'><strong>parte</strong></span> <span class='ocrx_word' id='word_1_59' title='bbox 1293 1101 1364 1162; x_wconf 85' lang='lat' dir='ltr'><strong>euri</strong></span> 
     </span>
     <span class='ocr_line' id='line_1_8' title="bbox 219 1197 1364 1290; baseline -0.005 -21"><span class='ocrx_word' id='word_1_60' title='bbox 219 1207 355 1272; x_wconf 85' lang='lat' dir='ltr'><strong>intonat.</strong></span> <span class='ocrx_word' id='word_1_61' title='bbox 409 1204 564 1289; x_wconf 78' lang='lat' dir='ltr'><strong>Nigidius</strong></span> <span class='ocrx_word' id='word_1_62' title='bbox 594 1224 723 1290; x_wconf 89' lang='lat' dir='ltr'><strong>quoque</strong></span> <span class='ocrx_word' id='word_1_63' title='bbox 750 1202 796 1265; x_wconf 92' lang='lat' dir='ltr'><strong>nit</strong></span> <span class='ocrx_word' id='word_1_64' title='bbox 824 1201 904 1265; x_wconf 87' lang='lat' dir='ltr'><strong>luna</strong></span> <span class='ocrx_word' id='word_1_65' title='bbox 934 1202 962 1266; x_wconf 91' lang='lat' dir='ltr'><strong>si</strong></span> <span class='ocrx_word' id='word_1_66' title='bbox 984 1222 1109 1265; x_wconf 90' lang='lat' dir='ltr'><strong>summo</strong></span> <span class='ocrx_word' id='word_1_67' title='bbox 1136 1200 1170 1264; x_wconf 90' lang='lat' dir='ltr'><strong>in</strong></span> <span class='ocrx_word' id='word_1_68' title='bbox 1198 1197 1364 1264; x_wconf 89' lang='lat' dir='ltr'><strong>corniculo</strong></span> 
     </span>
     <span class='ocr_line' id='line_1_9' title="bbox 219 1288 1363 1390; baseline -0.005 -20"><span class='ocrx_word' id='word_1_69' title='bbox 219 1305 365 1370; x_wconf 87' lang='lat' dir='ltr'><strong>maculas</strong></span> <span class='ocrx_word' id='word_1_70' title='bbox 387 1307 499 1390; x_wconf 88' lang='lat' dir='ltr'><strong>nigras</strong></span> <span class='ocrx_word' id='word_1_71' title='bbox 521 1304 673 1370; x_wconf 87' lang='lat' dir='ltr'><strong>habuerit</strong></span> <span class='ocrx_word' id='word_1_72' title='bbox 696 1305 729 1367; x_wconf 94' lang='lat' dir='ltr'><strong>in</strong></span> <span class='ocrx_word' id='word_1_73' title='bbox 757 1303 870 1390; x_wconf 87' lang='lat' dir='ltr'><strong>primis</strong></span> <span class='ocrx_word' id='word_1_74' title='bbox 894 1301 1043 1389; x_wconf 89' lang='lat' dir='ltr'><strong>partibus</strong></span> <span class='ocrx_word' id='word_1_75' title='bbox 1072 1303 1208 1383; x_wconf 86' lang='lat' dir='ltr'><strong>mensis,</strong></span> <span class='ocrx_word' id='word_1_76' title='bbox 1243 1288 1363 1365; x_wconf 74' lang='lat' dir='ltr'><strong>imbres</strong></span> 
     </span>
     <span class='ocr_line' id='line_1_10' title="bbox 220 1401 1364 1493; baseline -0.003 -21"><span class='ocrx_word' id='word_1_77' title='bbox 220 1408 307 1491; x_wconf 63' lang='lat' dir='ltr'><strong>fore,</strong></span> <span class='ocrx_word' id='word_1_78' title='bbox 333 1408 415 1471; x_wconf 89' lang='lat' dir='ltr'><strong>siin</strong></span> <span class='ocrx_word' id='word_1_79' title='bbox 439 1407 547 1471; x_wconf 86' lang='lat' dir='ltr'><strong>media</strong></span> <span class='ocrx_word' id='word_1_80' title='bbox 574 1414 652 1470; x_wconf 88' lang='lat' dir='ltr'><strong>tnnc</strong></span> <span class='ocrx_word' id='word_1_81' title='bbox 675 1426 747 1468; x_wconf 86' lang='lat' dir='ltr'><strong>oum</strong></span> <span class='ocrx_word' id='word_1_82' title='bbox 770 1402 868 1493; x_wconf 83' lang='lat' dir='ltr'><strong>plena</strong></span> <span class='ocrx_word' id='word_1_83' title='bbox 896 1405 1017 1469; x_wconf 88' lang='lat' dir='ltr'><strong>sintin</strong></span> <span class='ocrx_word' id='word_1_84' title='bbox 1040 1423 1079 1467; x_wconf 88' lang='lat' dir='ltr'><strong>ea</strong></span> <span class='ocrx_word' id='word_1_85' title='bbox 1106 1401 1288 1487; x_wconf 85' lang='lat' dir='ltr'><strong>cornicula,</strong></span> <span class='ocrx_word' id='word_1_86' title='bbox 1315 1423 1364 1468; x_wconf 87' lang='lat' dir='ltr'><strong>se·</strong></span> 
     </span>
    </p>
   </div>
   <div class='ocr_carea' id='block_1_3' title="bbox 218 1610 1393 2624">
    <p class='ocr_par' dir='ltr' id='par_1_3' title="bbox 218 1610 1393 2624">
     <span class='ocr_line' id='line_1_11' title="bbox 220 1610 1364 1678; baseline -0.002 -15"><span class='ocrx_word' id='word_1_87' title='bbox 220 1613 335 1664; x_wconf 88' lang='lat' dir='ltr'><strong>militari</strong></span> <span class='ocrx_word' id='word_1_88' title='bbox 352 1613 377 1663; x_wconf 86' lang='lat' dir='ltr'>V</span> <span class='ocrx_word' id='word_1_89' title='bbox 397 1611 441 1663; x_wconf 92' lang='lat' dir='ltr'><strong>ll:</strong></span> <span class='ocrx_word' id='word_1_90' title='bbox 472 1613 579 1663; x_wconf 72' lang='lat' dir='ltr'><strong>‘atmiis</strong></span> <span class='ocrx_word' id='word_1_91' title='bbox 599 1628 703 1678; x_wconf 88' lang='lat' dir='ltr'><strong>quoqne</strong></span> <span class='ocrx_word' id='word_1_92' title='bbox 728 1613 816 1677; x_wconf 85' lang='lat' dir='ltr'><strong>signis</strong></span> <span class='ocrx_word' id='word_1_93' title='bbox 838 1617 868 1660; x_wconf 88' lang='lat' dir='ltr'><strong>et</strong></span> <span class='ocrx_word' id='word_1_94' title='bbox 891 1611 923 1661; x_wconf 84' lang='lat' dir='ltr'><strong>do</strong></span> <span class='ocrx_word' id='word_1_95' title='bbox 948 1611 1097 1676; x_wconf 86' lang='lat' dir='ltr'><strong>tranquillo</strong></span> <span class='ocrx_word' id='word_1_96' title='bbox 1120 1611 1260 1676; x_wconf 79' lang='lat' dir='ltr'><strong>procellae</strong></span> <span class='ocrx_word' id='word_1_97' title='bbox 1284 1610 1364 1662; x_wconf 88' lang='lat' dir='ltr'><strong>etde</strong></span> 
     </span>
     <span class='ocr_line' id='line_1_12' title="bbox 220 1678 1363 1747; baseline -0.001 -17"><span class='ocrx_word' id='word_1_98' title='bbox 220 1681 432 1747; x_wconf 76' lang='lat' dir='ltr'><strong>tempestatibus</strong></span> <span class='ocrx_word' id='word_1_99' title='bbox 460 1696 559 1730; x_wconf 88' lang='lat' dir='ltr'><strong>serena</strong></span> <span class='ocrx_word' id='word_1_100' title='bbox 586 1681 752 1745; x_wconf 85' lang='lat' dir='ltr'><strong>produntur,</strong></span> <span class='ocrx_word' id='word_1_101' title='bbox 775 1695 846 1745; x_wconf 88' lang='lat' dir='ltr'><strong>quae</strong></span> <span class='ocrx_word' id='word_1_102' title='bbox 875 1678 951 1728; x_wconf 83' lang='lat' dir='ltr'><strong>uelut</strong></span> <span class='ocrx_word' id='word_1_103' title='bbox 980 1679 1008 1728; x_wconf 89' lang='lat' dir='ltr'><strong>in</strong></span> <span class='ocrx_word' id='word_1_104' title='bbox 1036 1681 1148 1743; x_wconf 88' lang='lat' dir='ltr'><strong>speculo</strong></span> <span class='ocrx_word' id='word_1_105' title='bbox 1176 1679 1260 1729; x_wconf 89' lang='lat' dir='ltr'><strong>lunae</strong></span> <span class='ocrx_word' id='word_1_106' title='bbox 1288 1679 1363 1729; x_wconf 86' lang='lat' dir='ltr'><strong>orbis</strong></span> 
     </span>
     <span class='ocr_line' id='line_1_13' title="bbox 220 1747 1363 1812; baseline -0.003 -14"><span class='ocrx_word' id='word_1_107' title='bbox 220 1749 350 1799; x_wconf 80' lang='lat' dir='ltr'><strong>ostendit.</strong></span> <span class='ocrx_word' id='word_1_108' title='bbox 397 1749 564 1798; x_wconf 86' lang='lat' dir='ltr'><strong>rubicundas</strong></span> <span class='ocrx_word' id='word_1_109' title='bbox 593 1750 666 1798; x_wconf 90' lang='lat' dir='ltr'><strong>enim</strong></span> <span class='ocrx_word' id='word_1_110' title='bbox 694 1747 770 1797; x_wconf 91' lang='lat' dir='ltr'><strong>color</strong></span> <span class='ocrx_word' id='word_1_111' title='bbox 796 1752 907 1809; x_wconf 85' lang='lat' dir='ltr'><strong>uentos,</strong></span> <span class='ocrx_word' id='word_1_112' title='bbox 942 1747 1086 1797; x_wconf 89' lang='lat' dir='ltr'><strong>caeruleas</strong></span> <span class='ocrx_word' id='word_1_113' title='bbox 1114 1747 1221 1796; x_wconf 83' lang='lat' dir='ltr'><strong>indicet</strong></span> <span class='ocrx_word' id='word_1_114' title='bbox 1243 1747 1363 1812; x_wconf 86' lang='lat' dir='ltr'><strong>pluuias,</strong></span> 
     </span>
     <span class='ocr_line' id='line_1_14' title="bbox 221 1814 1363 1881; baseline -0.001 -16"><span class='ocrx_word' id='word_1_115' title='bbox 221 1832 254 1866; x_wconf 80' lang='lat' dir='ltr'><strong>ex</strong></span> <span class='ocrx_word' id='word_1_116' title='bbox 280 1822 395 1881; x_wconf 85' lang='lat' dir='ltr'><strong>utroque</strong></span> <span class='ocrx_word' id='word_1_117' title='bbox 420 1817 580 1866; x_wconf 77' lang='lat' dir='ltr'><strong>commixtus</strong></span> <span class='ocrx_word' id='word_1_118' title='bbox 604 1816 710 1865; x_wconf 82' lang='lat' dir='ltr'><strong>nimbos</strong></span> <span class='ocrx_word' id='word_1_119' title='bbox 733 1821 761 1864; x_wconf 86' lang='lat' dir='ltr'><strong>et</strong></span> <span class='ocrx_word' id='word_1_120' title='bbox 784 1815 907 1864; x_wconf 83' lang='lat' dir='ltr'><strong>furentes</strong></span> <span class='ocrx_word' id='word_1_121' title='bbox 930 1814 1077 1879; x_wconf 79' lang='lat' dir='ltr'><strong>procellas.</strong></span> <span class='ocrx_word' id='word_1_122' title='bbox 1117 1815 1208 1865; x_wconf 85' lang='lat' dir='ltr'><strong>laetus</strong></span> <span class='ocrx_word' id='word_1_123' title='bbox 1231 1814 1305 1864; x_wconf 92' lang='lat' dir='ltr'><strong>orbis</strong></span> <span class='ocrx_word' id='word_1_124' title='bbox 1329 1829 1363 1864; x_wconf 86' lang='lat' dir='ltr'><strong>ac</strong></span> 
     </span>
     <span class='ocr_line' id='line_1_15' title="bbox 219 1882 1363 1948; baseline -0.002 -15"><span class='ocrx_word' id='word_1_125' title='bbox 219 1884 327 1933; x_wconf 88' lang='lat' dir='ltr'><strong>lucidus</strong></span> <span class='ocrx_word' id='word_1_126' title='bbox 350 1884 529 1933; x_wconf 78' lang='lat' dir='ltr'><strong>serenitatem</strong></span> <span class='ocrx_word' id='word_1_127' title='bbox 553 1884 675 1947; x_wconf 88' lang='lat' dir='ltr'><strong>nauigiis</strong></span> <span class='ocrx_word' id='word_1_128' title='bbox 697 1883 877 1948; x_wconf 82' lang='lat' dir='ltr'><strong>repromittit,</strong></span> <span class='ocrx_word' id='word_1_129' title='bbox 902 1896 982 1946; x_wconf 88' lang='lat' dir='ltr'><strong>quam</strong></span> <span class='ocrx_word' id='word_1_130' title='bbox 1007 1887 1099 1946; x_wconf 86' lang='lat' dir='ltr'><strong>gestat</strong></span> <span class='ocrx_word' id='word_1_131' title='bbox 1118 1883 1145 1931; x_wconf 92' lang='lat' dir='ltr'><strong>in</strong></span> <span class='ocrx_word' id='word_1_132' title='bbox 1163 1882 1255 1931; x_wconf 84' lang='lat' dir='ltr'><strong>uultu:</strong></span> <span class='ocrx_word' id='word_1_133' title='bbox 1283 1897 1363 1947; x_wconf 86' lang='lat' dir='ltr'><strong>prae·</strong></span> 
     </span>
     <span class='ocr_line' id='line_1_16' title="bbox 220 1948 1363 2016; baseline -0.002 -16"><span class='ocrx_word' id='word_1_134' title='bbox 220 1952 300 2016; x_wconf 87' lang='lat' dir='ltr'><strong>cipue</strong></span> <span class='ocrx_word' id='word_1_135' title='bbox 319 1953 343 2000; x_wconf 87' lang='lat' dir='ltr'><strong>si</strong></span> <span class='ocrx_word' id='word_1_136' title='bbox 362 1957 459 2016; x_wconf 86' lang='lat' dir='ltr'><strong>quarto</strong></span> <span class='ocrx_word' id='word_1_137' title='bbox 479 1956 553 2014; x_wconf 84' lang='lat' dir='ltr'><strong>ortu,</strong></span> <span class='ocrx_word' id='word_1_138' title='bbox 577 1966 666 2015; x_wconf 87' lang='lat' dir='ltr'><strong>neque</strong></span> <span class='ocrx_word' id='word_1_139' title='bbox 691 1950 796 1999; x_wconf 75' lang='lat' dir='ltr'><strong>obtusis</strong></span> <span class='ocrx_word' id='word_1_140' title='bbox 821 1949 949 1997; x_wconf 86' lang='lat' dir='ltr'><strong>cornibus</strong></span> <span class='ocrx_word' id='word_1_141' title='bbox 974 1948 1059 1999; x_wconf 89' lang='lat' dir='ltr'><strong>rutila</strong></span> <span class='ocrx_word' id='word_1_142' title='bbox 1077 1964 1165 2014; x_wconf 87' lang='lat' dir='ltr'><strong>neque</strong></span> <span class='ocrx_word' id='word_1_143' title='bbox 1190 1948 1280 1999; x_wconf 83' lang='lat' dir='ltr'><strong>infuso</strong></span> <span class='ocrx_word' id='word_1_144' title='bbox 1304 1949 1363 1999; x_wconf 84' lang='lat' dir='ltr'><strong>fue·</strong></span> 
     </span>
     <span class='ocr_line' id='line_1_17' title="bbox 220 2016 1363 2083; baseline -0.001 -16"><span class='ocrx_word' id='word_1_145' title='bbox 220 2019 255 2068; x_wconf 92' lang='lat' dir='ltr'><strong>rit</strong></span> <span class='ocrx_word' id='word_1_146' title='bbox 283 2019 395 2068; x_wconf 88' lang='lat' dir='ltr'><strong>humore</strong></span> <span class='ocrx_word' id='word_1_147' title='bbox 425 2018 544 2068; x_wconf 87' lang='lat' dir='ltr'><strong>fuscata.</strong></span> <span class='ocrx_word' id='word_1_148' title='bbox 592 2018 635 2071; x_wconf 89' lang='lat' dir='ltr'><strong>sol</strong></span> <span class='ocrx_word' id='word_1_149' title='bbox 663 2033 770 2083; x_wconf 82' lang='lat' dir='ltr'><strong>quoqne</strong></span> <span class='ocrx_word' id='word_1_150' title='bbox 801 2017 929 2066; x_wconf 79' lang='lat' dir='ltr'><strong>exoriens</strong></span> <span class='ocrx_word' id='word_1_151' title='bbox 957 2018 1001 2065; x_wconf 83' lang='lat' dir='ltr'><strong>nel</strong></span> <span class='ocrx_word' id='word_1_152' title='bbox 1029 2016 1102 2066; x_wconf 86' lang='lat' dir='ltr'><strong>diam</strong></span> <span class='ocrx_word' id='word_1_153' title='bbox 1131 2017 1251 2066; x_wconf 88' lang='lat' dir='ltr'><strong>condens</strong></span> <span class='ocrx_word' id='word_1_154' title='bbox 1279 2016 1363 2067; x_wconf 90' lang='lat' dir='ltr'><strong>iuter·</strong></span> 
     </span>
     <span class='ocr_line' id='line_1_18' title="bbox 221 2083 1363 2151; baseline -0.001 -16"><span class='ocrx_word' id='word_1_155' title='bbox 221 2093 262 2135; x_wconf 88' lang='lat' dir='ltr'><strong>cst</strong></span> <span class='ocrx_word' id='word_1_156' title='bbox 285 2092 374 2137; x_wconf 86' lang='lat' dir='ltr'><strong>utrum</strong></span> <span class='ocrx_word' id='word_1_157' title='bbox 399 2086 562 2150; x_wconf 72' lang='lat' dir='ltr'><strong>normalibus</strong></span> <span class='ocrx_word' id='word_1_158' title='bbox 580 2084 701 2151; x_wconf 87' lang='lat' dir='ltr'><strong>gaudeat</strong></span> <span class='ocrx_word' id='word_1_159' title='bbox 724 2083 811 2134; x_wconf 87' lang='lat' dir='ltr'><strong>radiis</strong></span> <span class='ocrx_word' id='word_1_160' title='bbox 835 2099 870 2134; x_wconf 88' lang='lat' dir='ltr'><strong>nn</strong></span> <span class='ocrx_word' id='word_1_161' title='bbox 893 2083 1005 2134; x_wconf 86' lang='lat' dir='ltr'><strong>obiecta</strong></span> <span class='ocrx_word' id='word_1_162' title='bbox 1023 2084 1095 2134; x_wconf 88' lang='lat' dir='ltr'><strong>nube</strong></span> <span class='ocrx_word' id='word_1_163' title='bbox 1115 2083 1250 2145; x_wconf 87' lang='lat' dir='ltr'><strong>uarietur;</strong></span> <span class='ocrx_word' id='word_1_164' title='bbox 1274 2089 1363 2134; x_wconf 88' lang='lat' dir='ltr'><strong>utrum</strong></span> 
     </span>
     <span class='ocr_line' id='line_1_19' title="bbox 220 2151 1393 2218; baseline -0.003 -15"><span class='ocrx_word' id='word_1_165' title='bbox 220 2154 308 2203; x_wconf 89' lang='lat' dir='ltr'><strong>solido</strong></span> <span class='ocrx_word' id='word_1_166' title='bbox 335 2153 481 2218; x_wconf 87' lang='lat' dir='ltr'><strong>splendore</strong></span> <span class='ocrx_word' id='word_1_167' title='bbox 510 2152 632 2218; x_wconf 82' lang='lat' dir='ltr'><strong>fulgidus</strong></span> <span class='ocrx_word' id='word_1_168' title='bbox 661 2169 698 2202; x_wconf 86' lang='lat' dir='ltr'><strong>aa</strong></span> <span class='ocrx_word' id='word_1_169' title='bbox 728 2152 820 2202; x_wconf 88' lang='lat' dir='ltr'><strong>uentis</strong></span> <span class='ocrx_word' id='word_1_170' title='bbox 846 2152 1008 2216; x_wconf 86' lang='lat' dir='ltr'><strong>urgentibus</strong></span> <span class='ocrx_word' id='word_1_171' title='bbox 1040 2152 1152 2216; x_wconf 85' lang='lat' dir='ltr'><strong>igneus,</strong></span> <span class='ocrx_word' id='word_1_172' title='bbox 1184 2167 1254 2201; x_wconf 91' lang='lat' dir='ltr'><strong>neue</strong></span> <span class='ocrx_word' id='word_1_173' title='bbox 1281 2151 1363 2217; x_wconf 88' lang='lat' dir='ltr'><strong>palli·</strong></span> <span class='ocrx_word' id='word_1_174' title='bbox 1390 2164 1393 2169; x_wconf 85' lang='lat'>&#39;</span> 
     </span>
     <span class='ocr_line' id='line_1_20' title="bbox 220 2220 1363 2286; baseline -0.002 -16"><span class='ocrx_word' id='word_1_175' title='bbox 220 2220 269 2271; x_wconf 91' lang='lat' dir='ltr'><strong>dus</strong></span> <span class='ocrx_word' id='word_1_176' title='bbox 292 2220 338 2271; x_wconf 85' lang='lat' dir='ltr'><strong>nel</strong></span> <span class='ocrx_word' id='word_1_177' title='bbox 361 2221 456 2286; x_wconf 85' lang='lat' dir='ltr'><strong>plqua</strong></span> <span class='ocrx_word' id='word_1_178' title='bbox 482 2222 519 2269; x_wconf 92' lang='lat' dir='ltr'><strong>sit</strong></span> <span class='ocrx_word' id='word_1_179' title='bbox 546 2220 722 2286; x_wconf 85' lang='lat' dir='ltr'><strong>impendente</strong></span> <span class='ocrx_word' id='word_1_180' title='bbox 751 2220 915 2269; x_wconf 83' lang='lat' dir='ltr'><strong>maculosus.</strong></span> <span class='ocrx_word' id='word_1_181' title='bbox 958 2235 1005 2269; x_wconf 89' lang='lat' dir='ltr'><strong>aer</strong></span> <span class='ocrx_word' id='word_1_182' title='bbox 1028 2234 1093 2270; x_wconf 90' lang='lat' dir='ltr'><strong>uero</strong></span> <span class='ocrx_word' id='word_1_183' title='bbox 1121 2227 1149 2268; x_wconf 90' lang='lat' dir='ltr'><strong>et</strong></span> <span class='ocrx_word' id='word_1_184' title='bbox 1177 2235 1252 2269; x_wconf 90' lang='lat' dir='ltr'><strong>mare</strong></span> <span class='ocrx_word' id='word_1_185' title='bbox 1275 2221 1363 2285; x_wconf 90' lang='lat' dir='ltr'><strong>ipsum</strong></span> 
     </span>
     <span class='ocr_line' id='line_1_21' title="bbox 219 2286 1364 2353; baseline 0 -16"><span class='ocrx_word' id='word_1_186' title='bbox 219 2289 385 2353; x_wconf 88' lang='lat' dir='ltr'><strong>nubiumque</strong></span> <span class='ocrx_word' id='word_1_187' title='bbox 405 2287 565 2353; x_wconf 81' lang='lat' dir='ltr'><strong>magnitudo</strong></span> <span class='ocrx_word' id='word_1_188' title='bbox 588 2288 633 2338; x_wconf 88' lang='lat' dir='ltr'><strong>uel</strong></span> <span class='ocrx_word' id='word_1_189' title='bbox 656 2288 764 2353; x_wconf 87' lang='lat' dir='ltr'><strong>species</strong></span> <span class='ocrx_word' id='word_1_190' title='bbox 782 2286 918 2336; x_wconf 88' lang='lat' dir='ltr'><strong>sollicitos</strong></span> <span class='ocrx_word' id='word_1_191' title='bbox 942 2286 1053 2337; x_wconf 87' lang='lat' dir='ltr'><strong>instruit</strong></span> <span class='ocrx_word' id='word_1_192' title='bbox 1075 2293 1183 2337; x_wconf 84' lang='lat' dir='ltr'><strong>nautas.</strong></span> <span class='ocrx_word' id='word_1_193' title='bbox 1220 2287 1364 2352; x_wconf 80' lang='lat' dir='ltr'><strong>aliquanta</strong></span> 
     </span>
     <span class='ocr_line' id='line_1_22' title="bbox 220 2353 1362 2421; baseline -0.002 -16"><span class='ocrx_word' id='word_1_194' title='bbox 220 2356 255 2405; x_wconf 91' lang='lat' dir='ltr'><strong>ab</strong></span> <span class='ocrx_word' id='word_1_195' title='bbox 274 2356 386 2418; x_wconf 83' lang='lat' dir='ltr'><strong>auibus,</strong></span> <span class='ocrx_word' id='word_1_196' title='bbox 410 2354 556 2421; x_wconf 79' lang='lat' dir='ltr'><strong>eliquanto</strong></span> <span class='ocrx_word' id='word_1_197' title='bbox 581 2372 598 2405; x_wconf 89' lang='lat' dir='ltr'><strong>a</strong></span> <span class='ocrx_word' id='word_1_198' title='bbox 615 2356 738 2421; x_wconf 86' lang='lat' dir='ltr'><strong>piscibus</strong></span> <span class='ocrx_word' id='word_1_199' title='bbox 757 2353 958 2419; x_wconf 85' lang='lat' dir='ltr'><strong>significantur.</strong></span> <span class='ocrx_word' id='word_1_200' title='bbox 995 2370 1066 2418; x_wconf 90' lang='lat' dir='ltr'><strong>quac</strong></span> <span class='ocrx_word' id='word_1_201' title='bbox 1082 2354 1218 2419; x_wconf 80' lang='lat' dir='ltr'><strong>Virgilius</strong></span> <span class='ocrx_word' id='word_1_202' title='bbox 1239 2356 1266 2404; x_wconf 89' lang='lat' dir='ltr'><strong>in</strong></span> <span class='ocrx_word' id='word_1_203' title='bbox 1285 2369 1362 2419; x_wconf 83' lang='lat' dir='ltr'><strong>geor-</strong></span> 
     </span>
     <span class='ocr_line' id='line_1_23' title="bbox 239 2421 1363 2488; baseline -0.001 -16"><span class='ocrx_word' id='word_1_204' title='bbox 239 2423 291 2474; x_wconf 89' lang='lat' dir='ltr'><strong>icis</strong></span> <span class='ocrx_word' id='word_1_205' title='bbox 320 2423 414 2473; x_wconf 89' lang='lat' dir='ltr'><strong>diuino</strong></span> <span class='ocrx_word' id='word_1_206' title='bbox 442 2439 530 2487; x_wconf 88' lang='lat' dir='ltr'><strong>paene</strong></span> <span class='ocrx_word' id='word_1_207' title='bbox 560 2423 768 2488; x_wconf 87' lang='lat' dir='ltr'><strong>comprehendit</strong></span> <span class='ocrx_word' id='word_1_208' title='bbox 797 2423 911 2487; x_wconf 89' lang='lat' dir='ltr'><strong>ingenio</strong></span> <span class='ocrx_word' id='word_1_209' title='bbox 941 2428 969 2472; x_wconf 85' lang='lat' dir='ltr'><strong>ot</strong></span> <span class='ocrx_word' id='word_1_210' title='bbox 991 2423 1079 2472; x_wconf 85' lang='lat' dir='ltr'><strong>Varro</strong></span> <span class='ocrx_word' id='word_1_211' title='bbox 1107 2423 1135 2473; x_wconf 91' lang='lat' dir='ltr'><strong>in</strong></span> <span class='ocrx_word' id='word_1_212' title='bbox 1158 2422 1306 2472; x_wconf 88' lang='lat' dir='ltr'><strong>naualibus</strong></span> <span class='ocrx_word' id='word_1_213' title='bbox 1329 2421 1363 2471; x_wconf 92' lang='lat' dir='ltr'><strong>li·</strong></span> 
     </span>
     <span class='ocr_line' id='line_1_24' title="bbox 219 2440 1363 2555; baseline -0.001 -15"><span class='ocrx_word' id='word_1_214' title='bbox 219 2440 276 2541; x_wconf 72' lang='lat' dir='ltr'><strong>bris</strong></span> <span class='ocrx_word' id='word_1_215' title='bbox 294 2491 445 2555; x_wconf 82' lang='lat' dir='ltr'><strong>dlligenter</strong></span> <span class='ocrx_word' id='word_1_216' title='bbox 462 2490 591 2540; x_wconf 75' lang='lat' dir='ltr'><strong>excoluit.</strong></span> <span class='ocrx_word' id='word_1_217' title='bbox 617 2493 687 2541; x_wconf 87' lang='lat' dir='ltr'><strong>haee</strong></span> <span class='ocrx_word' id='word_1_218' title='bbox 707 2491 906 2555; x_wconf 84' lang='lat' dir='ltr'><strong>gubernatores</strong></span> <span class='ocrx_word' id='word_1_219' title='bbox 919 2492 942 2540; x_wconf 91' lang='lat' dir='ltr'><strong>si</strong></span> <span class='ocrx_word' id='word_1_220' title='bbox 961 2507 990 2538; x_wconf 81' lang='lat' dir='ltr'><strong>se</strong></span> <span class='ocrx_word' id='word_1_221' title='bbox 1009 2490 1082 2540; x_wconf 88' lang='lat' dir='ltr'><strong>scire</strong></span> <span class='ocrx_word' id='word_1_222' title='bbox 1100 2486 1271 2554; x_wconf 87' lang='lat' dir='ltr'><strong>profitentur,</strong></span> <span class='ocrx_word' id='word_1_223' title='bbox 1291 2489 1363 2555; x_wconf 86' lang='lat' dir='ltr'><strong>peri·</strong></span> 
     </span>
     <span class='ocr_line' id='line_1_25' title="bbox 218 2555 1364 2624; baseline -0.003 -15"><span class='ocrx_word' id='word_1_224' title='bbox 218 2555 276 2609; x_wconf 83' lang='lat' dir='ltr'><strong>tiae</strong></span> <span class='ocrx_word' id='word_1_225' title='bbox 295 2559 384 2623; x_wconf 86' lang='lat' dir='ltr'><strong>magis</strong></span> <span class='ocrx_word' id='word_1_226' title='bbox 402 2573 466 2608; x_wconf 88' lang='lat' dir='ltr'><strong>usus</strong></span> <span class='ocrx_word' id='word_1_227' title='bbox 487 2558 607 2608; x_wconf 87' lang='lat' dir='ltr'><strong>instituit</strong></span> <span class='ocrx_word' id='word_1_228' title='bbox 631 2574 710 2624; x_wconf 87' lang='lat' dir='ltr'><strong>quarn</strong></span> <span class='ocrx_word' id='word_1_229' title='bbox 730 2558 813 2608; x_wconf 85' lang='lat' dir='ltr'><strong>altior</strong></span> <span class='ocrx_word' id='word_1_230' title='bbox 831 2557 958 2607; x_wconf 84' lang='lat' dir='ltr'><strong>doctrina</strong></span> <span class='ocrx_word' id='word_1_231' title='bbox 976 2556 1119 2607; x_wconf 55' lang='lat' dir='ltr'><strong>lirnrauitst</strong></span> <span class='ocrx_word' id='word_1_232' title='bbox 1156 2557 1301 2622; x_wconf 83' lang='lat' dir='ltr'><strong>exscripsit</strong></span> <span class='ocrx_word' id='word_1_233' title='bbox 1310 2558 1364 2608; x_wconf 85' lang='lat' dir='ltr'><strong>Ve-</strong></span> 
     </span>
    </p>
   </div>
   <div class='ocr_carea' id='block_1_4' title="bbox 219 2624 1447 2692">
    <p class='ocr_par' dir='ltr' id='par_1_4' title="bbox 219 2624 1447 2692">
     <span class='ocr_line' id='line_1_26' title="bbox 219 2624 1447 2692; baseline -0.003 -15"><span class='ocrx_word' id='word_1_234' title='bbox 219 2628 323 2692; x_wconf 83' lang='lat' dir='ltr'><strong>getium</strong></span> <span class='ocrx_word' id='word_1_235' title='bbox 341 2626 400 2676; x_wconf 89' lang='lat' dir='ltr'><strong>Ion.</strong></span> <span class='ocrx_word' id='word_1_236' title='bbox 414 2625 634 2677; x_wconf 74' lang='lat' dir='ltr'><strong>saresberiensis</strong></span> <span class='ocrx_word' id='word_1_237' title='bbox 653 2627 780 2691; x_wconf 88' lang='lat' dir='ltr'><strong>policrat.</strong></span> <span class='ocrx_word' id='word_1_238' title='bbox 797 2625 862 2675; x_wconf 83' lang='lat'>112.</span> <span class='ocrx_word' id='word_1_239' title='bbox 882 2625 988 2675; x_wconf 82' lang='lat' dir='ltr'><strong>Plinius</strong></span> <span class='ocrx_word' id='word_1_240' title='bbox 1001 2625 1033 2675; x_wconf 90' lang='lat' dir='ltr'><strong>N.</strong></span> <span class='ocrx_word' id='word_1_241' title='bbox 1053 2625 1088 2675; x_wconf 86' lang='lat' dir='ltr'><strong>II.</strong></span> <span class='ocrx_word' id='word_1_242' title='bbox 1108 2624 1202 2675; x_wconf 85' lang='lat' dir='ltr'>XVIII</span> <span class='ocrx_word' id='word_1_243' title='bbox 1220 2624 1270 2676; x_wconf 78' lang='lat'><strong>342</strong></span> <span class='ocrx_word' id='word_1_244' title='bbox 1288 2640 1362 2691; x_wconf 85' lang='lat' dir='ltr'><strong>sqq.:</strong></span> <span class='ocrx_word' id='word_1_245' title='bbox 1442 2636 1447 2644; x_wconf 93' lang='grc'><strong><em>·</em></strong></span> 
     </span>
    </p>
   </div>
   <div class='ocr_carea' id='block_1_5' title="bbox 218 2694 1364 3235">
    <p class='ocr_par' dir='ltr' id='par_1_5' title="bbox 218 2694 1364 3235">
     <span class='ocr_line' id='line_1_27' title="bbox 221 2694 1363 2759; baseline -0.001 -16"><span class='ocrx_word' id='word_1_246' title='bbox 221 2696 399 2759; x_wconf 87' lang='lat' dir='ltr'><strong>‘primumque</strong></span> <span class='ocrx_word' id='word_1_247' title='bbox 424 2710 440 2742; x_wconf 92' lang='lat' dir='ltr'><strong>a</strong></span> <span class='ocrx_word' id='word_1_248' title='bbox 458 2694 521 2743; x_wconf 80' lang='lat' dir='ltr'><strong>sole</strong></span> <span class='ocrx_word' id='word_1_249' title='bbox 546 2695 688 2759; x_wconf 86' lang='lat' dir='ltr'><strong>capiemus</strong></span> <span class='ocrx_word' id='word_1_250' title='bbox 711 2694 868 2759; x_wconf 86' lang='lat' dir='ltr'><strong>praesagia.</strong></span> <span class='ocrx_word' id='word_1_251' title='bbox 910 2709 993 2759; x_wconf 86' lang='lat' dir='ltr'><strong>parus</strong></span> <span class='ocrx_word' id='word_1_252' title='bbox 1020 2694 1111 2743; x_wconf 86' lang='lat' dir='ltr'><strong>oriens</strong></span> <span class='ocrx_word' id='word_1_253' title='bbox 1130 2700 1212 2757; x_wconf 85' lang='lat' dir='ltr'><strong>atque</strong></span> <span class='ocrx_word' id='word_1_254' title='bbox 1236 2709 1291 2743; x_wconf 91' lang='lat' dir='ltr'><strong>non</strong></span> <span class='ocrx_word' id='word_1_255' title='bbox 1309 2694 1363 2743; x_wconf 79' lang='lat' dir='ltr'><strong>t‘cr·</strong></span> 
     </span>
     <span class='ocr_line' id='line_1_28' title="bbox 218 2761 1364 2829; baseline 0.002 -19"><span class='ocrx_word' id='word_1_256' title='bbox 218 2778 287 2811; x_wconf 89' lang='lat' dir='ltr'><strong>nens</strong></span> <span class='ocrx_word' id='word_1_257' title='bbox 315 2776 443 2812; x_wconf 88' lang='lat' dir='ltr'><strong>serenum</strong></span> <span class='ocrx_word' id='word_1_258' title='bbox 471 2761 697 2822; x_wconf 72' lang='lat' dir='ltr'><strong>diem&#39;nuntiat‚</strong></span> <span class='ocrx_word' id='word_1_259' title='bbox 728 2768 757 2811; x_wconf 88' lang='lat' dir='ltr'><strong>at</strong></span> <span class='ocrx_word' id='word_1_260' title='bbox 778 2762 922 2811; x_wconf 84' lang='lat' dir='ltr'><strong>hibernam</strong></span> <span class='ocrx_word' id='word_1_261' title='bbox 946 2761 1067 2829; x_wconf 86' lang='lat' dir='ltr'><strong>pallidus</strong></span> <span class='ocrx_word' id='word_1_262' title='bbox 1085 2761 1257 2825; x_wconf 87' lang='lat' dir='ltr'><strong>grandinem.</strong></span> <span class='ocrx_word' id='word_1_263' title='bbox 1293 2762 1317 2811; x_wconf 90' lang='lat' dir='ltr'><strong>si</strong></span> <span class='ocrx_word' id='word_1_264' title='bbox 1336 2766 1364 2813; x_wconf 85' lang='lat' dir='ltr'><strong>et</strong></span> 
     </span>
     <span class='ocr_line' id='line_1_29' title="bbox 220 2827 1363 2894; baseline 0.002 -16"><span class='ocrx_word' id='word_1_265' title='bbox 220 2829 325 2879; x_wconf 88' lang='lat' dir='ltr'><strong>occidit</strong></span> <span class='ocrx_word' id='word_1_266' title='bbox 346 2829 434 2894; x_wconf 86' lang='lat' dir='ltr'><strong>pridie</strong></span> <span class='ocrx_word' id='word_1_267' title='bbox 458 2843 572 2878; x_wconf 89' lang='lat' dir='ltr'><strong>serenus</strong></span> <span class='ocrx_word' id='word_1_268' title='bbox 590 2837 618 2878; x_wconf 88' lang='lat' dir='ltr'><strong>et</strong></span> <span class='ocrx_word' id='word_1_269' title='bbox 636 2830 736 2891; x_wconf 86' lang='lat' dir='ltr'><strong>oritur,</strong></span> <span class='ocrx_word' id='word_1_270' title='bbox 755 2834 834 2879; x_wconf 90' lang='lat' dir='ltr'><strong>tanto</strong></span> <span class='ocrx_word' id='word_1_271' title='bbox 853 2830 954 2878; x_wconf 88' lang='lat' dir='ltr'><strong>certior</strong></span> <span class='ocrx_word' id='word_1_272' title='bbox 972 2827 1039 2879; x_wconf 87' lang='lat' dir='ltr'><strong>fides</strong></span> <span class='ocrx_word' id='word_1_273' title='bbox 1057 2830 1228 2880; x_wconf 89' lang='lat' dir='ltr'><strong>serenitatis.</strong></span> <span class='ocrx_word' id='word_1_274' title='bbox 1264 2845 1363 2880; x_wconf 85' lang='lat' dir='ltr'><strong>conca·</strong></span> 
     </span>
     <span class='ocr_line' id='line_1_30' title="bbox 218 2895 1362 2961; baseline 0.003 -15"><span class='ocrx_word' id='word_1_275' title='bbox 218 2912 268 2946; x_wconf 90' lang='lat' dir='ltr'><strong>uos</strong></span> <span class='ocrx_word' id='word_1_276' title='bbox 292 2898 382 2946; x_wconf 87' lang='lat' dir='ltr'><strong>oriens</strong></span> <span class='ocrx_word' id='word_1_277' title='bbox 405 2895 515 2961; x_wconf 88' lang='lat' dir='ltr'><strong>pluuias</strong></span> <span class='ocrx_word' id='word_1_278' title='bbox 534 2896 690 2961; x_wconf 86' lang='lat' dir='ltr'><strong>praeeedit,</strong></span> <span class='ocrx_word' id='word_1_279' title='bbox 716 2896 788 2946; x_wconf 89' lang='lat' dir='ltr'><strong>idem</strong></span> <span class='ocrx_word' id='word_1_280' title='bbox 806 2903 917 2958; x_wconf 81' lang='lat' dir='ltr'><strong>uentae,</strong></span> <span class='ocrx_word' id='word_1_281' title='bbox 943 2911 1004 2947; x_wconf 88' lang='lat' dir='ltr'><strong>cnm</strong></span> <span class='ocrx_word' id='word_1_282' title='bbox 1028 2904 1093 2947; x_wconf 88' lang='lat' dir='ltr'><strong>ante</strong></span> <span class='ocrx_word' id='word_1_283' title='bbox 1112 2898 1282 2949; x_wconf 76' lang='lat' dir='ltr'><strong>exorientem</strong></span> <span class='ocrx_word' id='word_1_284' title='bbox 1301 2913 1362 2949; x_wconf 83' lang='lat' dir='ltr'><strong>eum</strong></span> 
     </span>
     <span class='ocr_line' id='line_1_31' title="bbox 219 2964 1362 3032; baseline 0.003 -19"><span class='ocrx_word' id='word_1_285' title='bbox 219 2964 306 3029; x_wconf 83' lang='lat' dir='ltr'><strong>nubes</strong></span> <span class='ocrx_word' id='word_1_286' title='bbox 323 2964 483 3027; x_wconf 84' lang='lat' dir='ltr'><strong>rubescant,</strong></span> <span class='ocrx_word' id='word_1_287' title='bbox 507 2964 578 3029; x_wconf 88' lang='lat' dir='ltr'><strong>qnod</strong></span> <span class='ocrx_word' id='word_1_288' title='bbox 596 2965 620 3013; x_wconf 88' lang='lat' dir='ltr'><strong>si</strong></span> <span class='ocrx_word' id='word_1_289' title='bbox 639 2970 667 3014; x_wconf 88' lang='lat' dir='ltr'><strong>ct</strong></span> <span class='ocrx_word' id='word_1_290' title='bbox 684 2965 780 3029; x_wconf 88' lang='lat' dir='ltr'><strong>nigrae</strong></span> <span class='ocrx_word' id='word_1_291' title='bbox 800 2965 961 3014; x_wconf 86' lang='lat' dir='ltr'><strong>rubentibus</strong></span> <span class='ocrx_word' id='word_1_292' title='bbox 980 2964 1182 3016; x_wconf 88' lang='lat' dir='ltr'><strong>interuencrint</strong></span> <span class='ocrx_word' id='word_1_293' title='bbox 1201 2973 1228 3016; x_wconf 87' lang='lat' dir='ltr'><strong>et</strong></span> <span class='ocrx_word' id='word_1_294' title='bbox 1242 2966 1362 3032; x_wconf 87' lang='lat' dir='ltr'><strong>pluuias,</strong></span> 
     </span>
     <span class='ocr_line' id='line_1_32' title="bbox 220 3031 1363 3098; baseline 0.003 -17"><span class='ocrx_word' id='word_1_295' title='bbox 220 3047 281 3081; x_wconf 91' lang='lat' dir='ltr'><strong>eum</strong></span> <span class='ocrx_word' id='word_1_296' title='bbox 299 3031 453 3082; x_wconf 86' lang='lat' dir='ltr'><strong>occidentis</strong></span> <span class='ocrx_word' id='word_1_297' title='bbox 473 3037 521 3081; x_wconf 89' lang='lat' dir='ltr'><strong>aut</strong></span> <span class='ocrx_word' id='word_1_298' title='bbox 538 3033 655 3083; x_wconf 84' lang='lat' dir='ltr'><strong>orientis</strong></span> <span class='ocrx_word' id='word_1_299' title='bbox 674 3031 746 3081; x_wconf 87' lang='lat' dir='ltr'><strong>radii</strong></span> <span class='ocrx_word' id='word_1_300' title='bbox 763 3031 892 3081; x_wconf 86' lang='lat' dir='ltr'><strong>uidentur</strong></span> <span class='ocrx_word' id='word_1_301' title='bbox 911 3034 1000 3093; x_wconf 84' lang='lat' dir='ltr'><strong>coire,</strong></span> <span class='ocrx_word' id='word_1_302' title='bbox 1020 3032 1138 3098; x_wconf 86' lang='lat' dir='ltr'><strong>plquas.</strong></span> <span class='ocrx_word' id='word_1_303' title='bbox 1175 3033 1200 3084; x_wconf 88' lang='lat' dir='ltr'><strong>si</strong></span> <span class='ocrx_word' id='word_1_304' title='bbox 1218 3035 1295 3084; x_wconf 89' lang='lat' dir='ltr'><strong>circa</strong></span> <span class='ocrx_word' id='word_1_305' title='bbox 1317 3050 1363 3084; x_wconf 90' lang='lat' dir='ltr'><strong>oc·</strong></span> 
     </span>
     <span class='ocr_line' id='line_1_33' title="bbox 219 3098 1363 3164; baseline 0.003 -16"><span class='ocrx_word' id='word_1_306' title='bbox 219 3099 356 3149; x_wconf 82' lang='lat' dir='ltr'><strong>sidentem</strong></span> <span class='ocrx_word' id='word_1_307' title='bbox 375 3098 525 3148; x_wconf 87' lang='lat' dir='ltr'><strong>rubescunt</strong></span> <span class='ocrx_word' id='word_1_308' title='bbox 543 3099 643 3157; x_wconf 81' lang='lat' dir='ltr'><strong>nubes,</strong></span> <span class='ocrx_word' id='word_1_309' title='bbox 670 3100 850 3149; x_wconf 82' lang='lat' dir='ltr'><strong>serenitatem</strong></span> <span class='ocrx_word' id='word_1_310' title='bbox 870 3100 953 3149; x_wconf 78' lang='lat' dir='ltr'><strong>futuri</strong></span> <span class='ocrx_word' id='word_1_311' title='bbox 972 3099 1028 3149; x_wconf 88' lang='lat' dir='ltr'><strong>diei</strong></span> <span class='ocrx_word' id='word_1_312' title='bbox 1046 3101 1191 3164; x_wconf 87' lang='lat' dir='ltr'><strong>spondent.</strong></span> <span class='ocrx_word' id='word_1_313' title='bbox 1227 3102 1298 3151; x_wconf 91' lang='lat' dir='ltr'><strong>siin</strong></span> <span class='ocrx_word' id='word_1_314' title='bbox 1318 3117 1363 3151; x_wconf 85' lang='lat' dir='ltr'><strong>ex·</strong></span> 
     </span>
     <span class='ocr_line' id='line_1_34' title="bbox 219 3166 1364 3235; baseline 0.002 -18"><span class='ocrx_word' id='word_1_315' title='bbox 219 3173 280 3217; x_wconf 90' lang='lat' dir='ltr'><strong>ortu</strong></span> <span class='ocrx_word' id='word_1_316' title='bbox 297 3171 462 3232; x_wconf 87' lang='lat' dir='ltr'><strong>spargentur</strong></span> <span class='ocrx_word' id='word_1_317' title='bbox 485 3168 586 3232; x_wconf 83' lang='lat' dir='ltr'><strong>partim</strong></span> <span class='ocrx_word' id='word_1_318' title='bbox 611 3167 646 3217; x_wconf 86' lang='lat' dir='ltr'><strong>ad</strong></span> <span class='ocrx_word' id='word_1_319' title='bbox 671 3175 792 3216; x_wconf 86' lang='lat' dir='ltr'><strong>austrum</strong></span> <span class='ocrx_word' id='word_1_320' title='bbox 815 3167 915 3232; x_wconf 88' lang='lat' dir='ltr'><strong>partim</strong></span> <span class='ocrx_word' id='word_1_321' title='bbox 939 3166 974 3216; x_wconf 88' lang='lat' dir='ltr'><strong>ad</strong></span> <span class='ocrx_word' id='word_1_322' title='bbox 998 3167 1167 3231; x_wconf 89' lang='lat' dir='ltr'><strong>aquilonem,</strong></span> <span class='ocrx_word' id='word_1_323' title='bbox 1195 3184 1265 3235; x_wconf 83' lang='lat' dir='ltr'><strong>pura</strong></span> <span class='ocrx_word' id='word_1_324' title='bbox 1287 3170 1364 3221; x_wconf 86' lang='lat' dir='ltr'><strong>cirea</strong></span> 
     </span>
    </p>
   </div>
   <div class='ocr_carea' id='block_1_6' title="bbox 216 3294 1365 4352">
    <p class='ocr_par' dir='ltr' id='par_1_6' title="bbox 216 3294 1365 4315">
     <span class='ocr_line' id='line_1_35' title="bbox 306 3294 1363 3367; baseline 0 -4"><span class='ocrx_word' id='word_1_325' title='bbox 306 3314 316 3363; x_wconf 89' lang='grc'>1</span> <span class='ocrx_word' id='word_1_326' title='bbox 338 3303 403 3361; x_wconf 88' lang='lat' dir='ltr'><strong>siue</strong></span> <span class='ocrx_word' id='word_1_327' title='bbox 419 3311 501 3362; x_wconf 89' lang='lat' dir='ltr'><strong>metu</strong></span> <span class='ocrx_word' id='word_1_328' title='bbox 520 3301 559 3362; x_wconf 76' lang='lat'><strong>13²</strong></span> <span class='ocrx_word' id='word_1_329' title='bbox 577 3294 734 3362; x_wconf 56' lang='lat' dir='ltr'><strong>Dassa?</strong></span> <span class='ocrx_word' id='word_1_330' title='bbox 748 3302 806 3362; x_wconf 92' lang='lat' dir='ltr'><strong>sibi</strong></span> <span class='ocrx_word' id='word_1_331' title='bbox 821 3301 877 3361; x_wconf 79' lang='lat' dir='ltr'><strong>tn&amp;</strong></span> <span class='ocrx_word' id='word_1_332' title='bbox 889 3299 1011 3362; x_wconf 81' lang='lat' dir='ltr'><em>A¹CFH</em></span> <span class='ocrx_word' id='word_1_333' title='bbox 1023 3304 1078 3363; x_wconf 88' lang='lat' dir='ltr'><strong>sibi</strong></span> <span class='ocrx_word' id='word_1_334' title='bbox 1095 3305 1171 3364; x_wconf 74' lang='lat' dir='ltr'><strong>mdiu</strong></span> <span class='ocrx_word' id='word_1_335' title='bbox 1189 3304 1266 3364; x_wconf 79' lang='lat' dir='ltr'><strong>A²B¹</strong></span> <span class='ocrx_word' id='word_1_336' title='bbox 1290 3325 1363 3367; x_wconf 81' lang='lat' dir='ltr'><strong>ema</strong></span> 
     </span>
     <span class='ocr_line' id='line_1_36' title="bbox 217 3382 1363 3468; baseline 0.001 -20"><span class='ocrx_word' id='word_1_337' title='bbox 217 3396 300 3448; x_wconf 85' lang='lat' dir='ltr'><strong>mutu</strong></span> <span class='ocrx_word' id='word_1_338' title='bbox 319 3383 363 3445; x_wconf 70' lang='grc' dir='ltr'><strong>ΙΙΙ1</strong></span> <span class='ocrx_word' id='word_1_339' title='bbox 386 3382 400 3468; x_wconf 95' lang='grc' dir='ltr'><strong>ΙΙ</strong></span> <span class='ocrx_word' id='word_1_340' title='bbox 419 3386 678 3448; x_wconf 69' lang='lat' dir='ltr'><strong>tnddifferantnr</strong></span> <span class='ocrx_word' id='word_1_341' title='bbox 697 3384 737 3446; x_wconf 87' lang='lat' dir='ltr'><strong>B¹</strong></span> <span class='ocrx_word' id='word_1_342' title='bbox 758 3407 798 3446; x_wconf 88' lang='lat' dir='ltr'><strong>ne</strong></span> <span class='ocrx_word' id='word_1_343' title='bbox 819 3386 901 3446; x_wconf 91' lang='lat' dir='ltr'><strong>unde</strong></span> <span class='ocrx_word' id='word_1_344' title='bbox 919 3390 1056 3448; x_wconf 82' lang='lat' dir='ltr'><strong>ferantur</strong></span> <span class='ocrx_word' id='word_1_345' title='bbox 1071 3394 1095 3447; x_wconf 79' lang='lat' dir='ltr'><em>A</em></span> <span class='ocrx_word' id='word_1_346' title='bbox 1111 3411 1150 3449; x_wconf 90' lang='lat' dir='ltr'><strong>nc</strong></span> <span class='ocrx_word' id='word_1_347' title='bbox 1165 3391 1247 3450; x_wconf 89' lang='lat' dir='ltr'><strong>unda</strong></span> <span class='ocrx_word' id='word_1_348' title='bbox 1262 3392 1363 3451; x_wconf 83' lang='lat' dir='ltr'><strong>seran·</strong></span> 
     </span>
     <span class='ocr_line' id='line_1_37' title="bbox 218 3466 1364 3553; baseline 0.003 -22"><span class='ocrx_word' id='word_1_349' title='bbox 218 3482 267 3531; x_wconf 85' lang='lat' dir='ltr'><strong>tur</strong></span> <span class='ocrx_word' id='word_1_350' title='bbox 282 3474 433 3531; x_wconf 84' lang='lat' dir='ltr'><strong>Brclcerns</strong></span> <span class='ocrx_word' id='word_1_351' title='bbox 454 3466 459 3553; x_wconf 99' lang='grc' dir='ltr'>Ι</span> <span class='ocrx_word' id='word_1_352' title='bbox 474 3472 577 3533; x_wconf 89' lang='lat' dir='ltr'><strong>littora</strong></span> <span class='ocrx_word' id='word_1_353' title='bbox 590 3473 715 3532; x_wconf 73' lang='lat' dir='ltr'><strong>Clitore</strong></span> <span class='ocrx_word' id='word_1_354' title='bbox 730 3468 770 3530; x_wconf 67' lang='grc' dir='ltr'><strong>Β2</strong></span> <span class='ocrx_word' id='word_1_355' title='bbox 784 3472 887 3531; x_wconf 90' lang='lat' dir='ltr'><strong>littore</strong></span> <span class='ocrx_word' id='word_1_356' title='bbox 907 3476 996 3532; x_wconf 79' lang='lat' dir='ltr'><strong>FHK</strong></span> <span class='ocrx_word' id='word_1_357' title='bbox 995 3476 1026 3532; x_wconf 92' lang='lat' dir='ltr'><em>M</em></span> <span class='ocrx_word' id='word_1_358' title='bbox 1044 3473 1132 3534; x_wconf 89' lang='lat' dir='ltr'><strong>litore</strong></span> <span class='ocrx_word' id='word_1_359' title='bbox 1152 3478 1257 3534; x_wconf 74' lang='lat' dir='ltr'><strong>Abas</strong></span> <span class='ocrx_word' id='word_1_360' title='bbox 1273 3477 1364 3535; x_wconf 88' lang='lat' dir='ltr'><strong>litura</strong></span> 
     </span>
     <span class='ocr_line' id='line_1_38' title="bbox 218 3550 1361 3641; baseline 0.003 -26"><span class='ocrx_word' id='word_1_361' title='bbox 218 3555 256 3615; x_wconf 78' lang='lat' dir='ltr'><strong>B¹</strong></span> <span class='ocrx_word' id='word_1_362' title='bbox 271 3552 285 3638; x_wconf 95' lang='grc' dir='ltr'><strong>ΙΙ</strong></span> <span class='ocrx_word' id='word_1_363' title='bbox 300 3556 366 3615; x_wconf 90' lang='lat' dir='ltr'><strong>sibe</strong></span> <span class='ocrx_word' id='word_1_364' title='bbox 382 3552 421 3612; x_wconf 84' lang='lat' dir='ltr'><strong>B¹</strong></span> <span class='ocrx_word' id='word_1_365' title='bbox 437 3550 443 3636; x_wconf 97' lang='grc' dir='ltr'>Ι</span> <span class='ocrx_word' id='word_1_366' title='bbox 465 3577 523 3615; x_wconf 88' lang='lat' dir='ltr'><strong>nec</strong></span> <span class='ocrx_word' id='word_1_367' title='bbox 538 3554 573 3616; x_wconf 80' lang='lat'><strong>13¹</strong></span> <span class='ocrx_word' id='word_1_368' title='bbox 591 3553 604 3638; x_wconf 96' lang='grc' dir='ltr'><strong>ΙΙ</strong></span> <span class='ocrx_word' id='word_1_369' title='bbox 620 3556 764 3616; x_wconf 75' lang='lat' dir='ltr'><strong>suersora</strong></span> <span class='ocrx_word' id='word_1_370' title='bbox 776 3555 815 3614; x_wconf 79' lang='grc' dir='ltr'><strong>Β1</strong></span> <span class='ocrx_word' id='word_1_371' title='bbox 835 3556 1032 3618; x_wconf 81' lang='lat' dir='ltr'><strong>aduersorum</strong></span> <span class='ocrx_word' id='word_1_372' title='bbox 1050 3560 1082 3616; x_wconf 85' lang='lat' dir='ltr'><strong>II</strong></span> <span class='ocrx_word' id='word_1_373' title='bbox 1093 3555 1107 3641; x_wconf 95' lang='grc' dir='ltr'><strong>ΙΙ</strong></span> <span class='ocrx_word' id='word_1_374' title='bbox 1121 3570 1139 3621; x_wconf 85' lang='grc'>3</span> <span class='ocrx_word' id='word_1_375' title='bbox 1153 3561 1232 3620; x_wconf 90' lang='lat' dir='ltr'><strong>unde</strong></span> <span class='ocrx_word' id='word_1_376' title='bbox 1252 3563 1337 3619; x_wconf 64' lang='grc' dir='ltr'><strong>ΓΒΗ</strong></span> <span class='ocrx_word' id='word_1_377' title='bbox 1349 3557 1361 3639; x_wconf 82' lang='grc' dir='ltr'><strong>ΙΙ</strong></span> 
     </span>
     <span class='ocr_line' id='line_1_39' title="bbox 219 3630 1361 3725; baseline 0.002 -24"><span class='ocrx_word' id='word_1_378' title='bbox 219 3630 306 3722; x_wconf 84' lang='lat' dir='ltr'><strong>qnid]</strong></span> <span class='ocrx_word' id='word_1_379' title='bbox 323 3639 350 3700; x_wconf 82' lang='lat' dir='ltr'><strong>dr</strong></span> <span class='ocrx_word' id='word_1_380' title='bbox 365 3639 437 3719; x_wconf 91' lang='lat' dir='ltr'><strong>quid</strong></span> <span class='ocrx_word' id='word_1_381' title='bbox 454 3638 493 3711; x_wconf 58' lang='lat' dir='ltr'><strong>B}</strong></span> <span class='ocrx_word' id='word_1_382' title='bbox 507 3642 653 3720; x_wconf 89' lang='lat' dir='ltr'><strong>numquid</strong></span> <span class='ocrx_word' id='word_1_383' title='bbox 669 3645 696 3700; x_wconf 89' lang='lat' dir='ltr'><em>D</em></span> <span class='ocrx_word' id='word_1_384' title='bbox 711 3637 724 3723; x_wconf 96' lang='grc' dir='ltr'><strong>ΙΙ</strong></span> <span class='ocrx_word' id='word_1_385' title='bbox 740 3640 843 3701; x_wconf 84' lang='lat' dir='ltr'><strong>delfini</strong></span> <span class='ocrx_word' id='word_1_386' title='bbox 860 3647 929 3702; x_wconf 78' lang='lat' dir='ltr'><strong>libri</strong></span> <span class='ocrx_word' id='word_1_387' title='bbox 941 3640 955 3723; x_wconf 95' lang='grc' dir='ltr'><strong>ΙΙ</strong></span> <span class='ocrx_word' id='word_1_388' title='bbox 969 3640 1062 3721; x_wconf 88' lang='lat' dir='ltr'><strong>hanc]</strong></span> <span class='ocrx_word' id='word_1_389' title='bbox 1075 3664 1112 3702; x_wconf 90' lang='lat' dir='ltr'><strong>ac</strong></span> <span class='ocrx_word' id='word_1_390' title='bbox 1129 3647 1160 3701; x_wconf 89' lang='lat' dir='ltr'><em>H</em></span> <span class='ocrx_word' id='word_1_391' title='bbox 1172 3639 1307 3725; x_wconf 74' lang='lat' dir='ltr'><strong>{limiam</strong></span> <span class='ocrx_word' id='word_1_392' title='bbox 1324 3642 1361 3702; x_wconf 72' lang='grc' dir='ltr'><strong>ΑΙ</strong></span> 
     </span>
     <span class='ocr_line' id='line_1_40' title="bbox 217 3718 1362 3811; baseline 0.004 -27"><span class='ocrx_word' id='word_1_393' title='bbox 217 3726 328 3784; x_wconf 89' lang='lat' dir='ltr'><strong>ininria</strong></span> <span class='ocrx_word' id='word_1_394' title='bbox 351 3728 377 3782; x_wconf 90' lang='lat' dir='ltr'><em>B</em></span> <span class='ocrx_word' id='word_1_395' title='bbox 391 3718 405 3805; x_wconf 95' lang='grc' dir='ltr'><strong>ΙΙ</strong></span> <span class='ocrx_word' id='word_1_396' title='bbox 420 3734 438 3785; x_wconf 74' lang='grc'><strong>4</strong></span> <span class='ocrx_word' id='word_1_397' title='bbox 452 3727 551 3804; x_wconf 82' lang='lat' dir='ltr'><strong>&#39;piscis</strong></span> <span class='ocrx_word' id='word_1_398' title='bbox 571 3727 603 3784; x_wconf 87' lang='lat' dir='ltr'><em>H</em></span> <span class='ocrx_word' id='word_1_399' title='bbox 615 3721 629 3806; x_wconf 96' lang='grc' dir='ltr'><strong>ΙΙ</strong></span> <span class='ocrx_word' id='word_1_400' title='bbox 643 3725 697 3785; x_wconf 88' lang='lat' dir='ltr'><strong>sed</strong></span> <span class='ocrx_word' id='word_1_401' title='bbox 715 3734 832 3785; x_wconf 90' lang='lat' dir='ltr'><strong>tantum</strong></span> <span class='ocrx_word' id='word_1_402' title='bbox 847 3730 900 3785; x_wconf 86' lang='lat' dir='ltr'><strong>AB</strong></span> <span class='ocrx_word' id='word_1_403' title='bbox 915 3724 929 3810; x_wconf 97' lang='grc' dir='ltr'><strong>ΙΙ</strong></span> <span class='ocrx_word' id='word_1_404' title='bbox 943 3728 985 3786; x_wconf 90' lang='lat' dir='ltr'><strong>hii</strong></span> <span class='ocrx_word' id='word_1_405' title='bbox 1006 3724 1239 3788; x_wconf 80' lang='lat' dir='ltr'><em>AB¹CDFGKM</em></span> <span class='ocrx_word' id='word_1_406' title='bbox 1253 3730 1283 3789; x_wconf 91' lang='lat' dir='ltr'><strong>id</strong></span> <span class='ocrx_word' id='word_1_407' title='bbox 1304 3734 1336 3788; x_wconf 87' lang='lat' dir='ltr'><em>H</em></span> <span class='ocrx_word' id='word_1_408' title='bbox 1347 3723 1362 3811; x_wconf 96' lang='grc' dir='ltr'><strong>ΙΙ</strong></span> 
     </span>
     <span class='ocr_line' id='line_1_41' title="bbox 218 3804 1363 3895; baseline 0.004 -26"><span class='ocrx_word' id='word_1_409' title='bbox 218 3809 368 3887; x_wconf 89' lang='lat' dir='ltr'><strong>adparent</strong></span> <span class='ocrx_word' id='word_1_410' title='bbox 389 3804 472 3888; x_wconf 68' lang='grc' dir='ltr'><strong>δΙΙό</strong></span> <span class='ocrx_word' id='word_1_411' title='bbox 495 3811 547 3891; x_wconf 90' lang='lat' dir='ltr'><strong>qui</strong></span> <span class='ocrx_word' id='word_1_412' title='bbox 566 3812 593 3867; x_wconf 88' lang='lat' dir='ltr'><em>D</em></span> <span class='ocrx_word' id='word_1_413' title='bbox 611 3809 694 3888; x_wconf 87' lang='lat' dir='ltr'><strong>quod</strong></span> <span class='ocrx_word' id='word_1_414' title='bbox 716 3813 744 3868; x_wconf 85' lang='lat' dir='ltr'><em>F</em></span> <span class='ocrx_word' id='word_1_415' title='bbox 757 3806 802 3889; x_wconf 81' lang='grc' dir='ltr'><strong>ΙΙ6</strong></span> <span class='ocrx_word' id='word_1_416' title='bbox 828 3812 866 3871; x_wconf 91' lang='lat' dir='ltr'><strong>do</strong></span> <span class='ocrx_word' id='word_1_417' title='bbox 887 3832 938 3870; x_wconf 85' lang='lat' dir='ltr'><strong>om.</strong></span> <span class='ocrx_word' id='word_1_418' title='bbox 965 3817 991 3870; x_wconf 89' lang='lat' dir='ltr'><em>B</em></span> <span class='ocrx_word' id='word_1_419' title='bbox 1005 3807 1019 3895; x_wconf 95' lang='grc' dir='ltr'><strong>ΙΙ</strong></span> <span class='ocrx_word' id='word_1_420' title='bbox 1043 3815 1190 3892; x_wconf 85' lang='lat' dir='ltr'><strong>aquuonis</strong></span> <span class='ocrx_word' id='word_1_421' title='bbox 1214 3811 1249 3873; x_wconf 65' lang='lat'><strong>(2¹</strong></span> <span class='ocrx_word' id='word_1_422' title='bbox 1271 3811 1284 3894; x_wconf 96' lang='grc' dir='ltr'><strong>ΙΙ</strong></span> <span class='ocrx_word' id='word_1_423' title='bbox 1306 3816 1363 3874; x_wconf 86' lang='lat' dir='ltr'><strong>ful·</strong></span> 
     </span>
     <span class='ocr_line' id='line_1_42' title="bbox 217 3889 1361 3982; baseline 0.005 -30"><span class='ocrx_word' id='word_1_424' title='bbox 217 3903 272 3971; x_wconf 88' lang='lat' dir='ltr'><strong>get</strong></span> <span class='ocrx_word' id='word_1_425' title='bbox 287 3889 439 3953; x_wconf 81' lang='lat' dir='ltr'><em>B²ODGM</em></span> <span class='ocrx_word' id='word_1_426' title='bbox 449 3894 540 3971; x_wconf 83' lang='lat' dir='ltr'><strong>fulgit</strong></span> <span class='ocrx_word' id='word_1_427' title='bbox 557 3890 628 3952; x_wconf 86' lang='lat' dir='ltr'><strong>B¹E</strong></span> <span class='ocrx_word' id='word_1_428' title='bbox 638 3893 740 3972; x_wconf 85' lang='lat' dir='ltr'><strong>fulgor</strong></span> <span class='ocrx_word' id='word_1_429' title='bbox 753 3894 886 3972; x_wconf 83' lang='lat' dir='ltr'><strong>fulgetA</strong></span> <span class='ocrx_word' id='word_1_430' title='bbox 901 3892 915 3977; x_wconf 93' lang='grc' dir='ltr'><strong>ΙΙ</strong></span> <span class='ocrx_word' id='word_1_431' title='bbox 929 3917 997 3955; x_wconf 88' lang='lat' dir='ltr'><strong>cum</strong></span> <span class='ocrx_word' id='word_1_432' title='bbox 1008 3900 1057 3956; x_wconf 79' lang='lat' dir='ltr'><strong>Ac</strong></span> <span class='ocrx_word' id='word_1_433' title='bbox 1066 3897 1137 3957; x_wconf 89' lang='lat' dir='ltr'><strong>dum</strong></span> <span class='ocrx_word' id='word_1_434' title='bbox 1151 3903 1233 3974; x_wconf 76' lang='lat' dir='ltr'><strong>culpo</strong></span> <span class='ocrx_word' id='word_1_435' title='bbox 1247 3893 1261 3982; x_wconf 97' lang='grc' dir='ltr'><strong>ΙΙ</strong></span> <span class='ocrx_word' id='word_1_436' title='bbox 1277 3900 1361 3959; x_wconf 85' lang='lat' dir='ltr'><strong>curui</strong></span> 
     </span>
     <span class='ocr_line' id='line_1_43' title="bbox 219 3975 1364 4066; baseline 0.003 -29"><span class='ocrx_word' id='word_1_437' title='bbox 219 3982 243 4037; x_wconf 81' lang='lat' dir='ltr'><em>G</em></span> <span class='ocrx_word' id='word_1_438' title='bbox 263 3977 328 4036; x_wconf 88' lang='lat' dir='ltr'><strong>euri</strong></span> <span class='ocrx_word' id='word_1_439' title='bbox 351 3977 382 4035; x_wconf 81' lang='lat' dir='ltr'><strong>id</strong></span> <span class='ocrx_word' id='word_1_440' title='bbox 405 3980 500 4038; x_wconf 89' lang='lat' dir='ltr'><strong>austri</strong></span> <span class='ocrx_word' id='word_1_441' title='bbox 521 3975 596 4059; x_wconf 84' lang='grc' dir='ltr'><strong>ΑΜΙ</strong></span> <span class='ocrx_word' id='word_1_442' title='bbox 619 3987 634 4042; x_wconf 82' lang='grc'>7</span> <span class='ocrx_word' id='word_1_443' title='bbox 656 3985 705 4037; x_wconf 73' lang='lat' dir='ltr'><strong>mci</strong></span> <span class='ocrx_word' id='word_1_444' title='bbox 723 3999 771 4037; x_wconf 90' lang='lat' dir='ltr'><strong>mo</strong></span> <span class='ocrx_word' id='word_1_445' title='bbox 792 3981 822 4039; x_wconf 88' lang='lat' dir='ltr'><strong>in</strong></span> <span class='ocrx_word' id='word_1_446' title='bbox 838 3977 924 4038; x_wconf 75' lang='lat' dir='ltr'><strong>A¹tn</strong></span> <span class='ocrx_word' id='word_1_447' title='bbox 946 4001 1062 4040; x_wconf 91' lang='lat' dir='ltr'><strong>summo</strong></span> <span class='ocrx_word' id='word_1_448' title='bbox 1085 3979 1169 4066; x_wconf 73' lang='lat' dir='ltr'><strong>Ille</strong></span> <span class='ocrx_word' id='word_1_449' title='bbox 1188 3982 1299 4043; x_wconf 88' lang='lat' dir='ltr'><strong>imbres</strong></span> <span class='ocrx_word' id='word_1_450' title='bbox 1321 3985 1364 4042; x_wconf 89' lang='lat' dir='ltr'><strong>ait</strong></span> 
     </span>
     <span class='ocr_line' id='line_1_44' title="bbox 219 4057 1365 4145; baseline 0.005 -24"><span class='ocrx_word' id='word_1_451' title='bbox 219 4064 353 4121; x_wconf 80' lang='lat' dir='ltr'><em>CDEGM</em></span> <span class='ocrx_word' id='word_1_452' title='bbox 372 4057 385 4142; x_wconf 95' lang='grc' dir='ltr'><strong>ΙΙ</strong></span> <span class='ocrx_word' id='word_1_453' title='bbox 407 4074 424 4127; x_wconf 87' lang='grc'><strong>9</strong></span> <span class='ocrx_word' id='word_1_454' title='bbox 446 4064 512 4122; x_wconf 81' lang='lat' dir='ltr'><strong>fore</strong></span> <span class='ocrx_word' id='word_1_455' title='bbox 524 4067 574 4121; x_wconf 71' lang='lat' dir='ltr'><strong>*B</strong></span> <span class='ocrx_word' id='word_1_456' title='bbox 593 4061 599 4144; x_wconf 97' lang='grc' dir='ltr'>Ι</span> <span class='ocrx_word' id='word_1_457' title='bbox 629 4065 654 4121; x_wconf 91' lang='lat' dir='ltr'><strong>si</strong></span> <span class='ocrx_word' id='word_1_458' title='bbox 676 4083 729 4122; x_wconf 88' lang='lat' dir='ltr'><strong>om.</strong></span> <span class='ocrx_word' id='word_1_459' title='bbox 749 4060 788 4121; x_wconf 88' lang='lat' dir='ltr'><strong>B¹</strong></span> <span class='ocrx_word' id='word_1_460' title='bbox 811 4060 825 4145; x_wconf 94' lang='grc' dir='ltr'><strong>ΙΙ</strong></span> <span class='ocrx_word' id='word_1_461' title='bbox 845 4066 885 4123; x_wconf 90' lang='lat' dir='ltr'><strong>im</strong></span> <span class='ocrx_word' id='word_1_462' title='bbox 906 4067 939 4123; x_wconf 89' lang='lat' dir='ltr'><em>M</em></span> <span class='ocrx_word' id='word_1_463' title='bbox 966 4062 970 4135; x_wconf 95' lang='grc' dir='ltr'>Ι</span> <span class='ocrx_word' id='word_1_464' title='bbox 994 4075 1065 4125; x_wconf 90' lang='lat' dir='ltr'><strong>tunc</strong></span> <span class='ocrx_word' id='word_1_465' title='bbox 1087 4066 1118 4126; x_wconf 87' lang='lat' dir='ltr'><strong>id</strong></span> <span class='ocrx_word' id='word_1_466' title='bbox 1140 4069 1289 4126; x_wconf 87' lang='lat' dir='ltr'><strong>serenitas</strong></span> <span class='ocrx_word' id='word_1_467' title='bbox 1306 4069 1365 4127; x_wconf 90' lang='lat' dir='ltr'><strong>erit</strong></span> 
     </span>
     <span class='ocr_line' id='line_1_45' title="bbox 216 4145 1362 4233; baseline 0.003 -28"><span class='ocrx_word' id='word_1_468' title='bbox 216 4147 247 4205; x_wconf 90' lang='lat' dir='ltr'><strong>in</strong></span> <span class='ocrx_word' id='word_1_469' title='bbox 268 4145 460 4225; x_wconf 87' lang='lat' dir='ltr'><strong>plenitudine</strong></span> <span class='ocrx_word' id='word_1_470' title='bbox 483 4148 555 4207; x_wconf 89' lang='lat' dir='ltr'><strong>lune</strong></span> <span class='ocrx_word' id='word_1_471' title='bbox 576 4167 642 4206; x_wconf 89' lang='lat' dir='ltr'><strong>curn</strong></span> <span class='ocrx_word' id='word_1_472' title='bbox 666 4152 691 4203; x_wconf 78' lang='lat' dir='ltr'><em>A</em></span> <span class='ocrx_word' id='word_1_473' title='bbox 711 4145 724 4229; x_wconf 95' lang='grc' dir='ltr'><strong>ΙΙ</strong></span> <span class='ocrx_word' id='word_1_474' title='bbox 746 4148 889 4225; x_wconf 86' lang='lat' dir='ltr'><strong>inplens</strong></span> <span class='ocrx_word' id='word_1_475' title='bbox 913 4152 937 4207; x_wconf 85' lang='lat' dir='ltr'><em>G</em></span> <span class='ocrx_word' id='word_1_476' title='bbox 968 4145 972 4230; x_wconf 94' lang='grc' dir='ltr'>Ι</span> <span class='ocrx_word' id='word_1_477' title='bbox 994 4150 1033 4208; x_wconf 92' lang='lat' dir='ltr'><strong>sit</strong></span> <span class='ocrx_word' id='word_1_478' title='bbox 1056 4154 1271 4211; x_wconf 73' lang='lat' dir='ltr'><strong>anabaust!</strong></span> <span class='ocrx_word' id='word_1_479' title='bbox 1290 4146 1304 4233; x_wconf 96' lang='grc' dir='ltr'><strong>ΙΙ</strong></span> <span class='ocrx_word' id='word_1_480' title='bbox 1326 4171 1362 4212; x_wconf 93' lang='lat' dir='ltr'><strong>eo</strong></span> 
     </span>
     <span class='ocr_line' id='line_1_46' title="bbox 217 4227 1363 4315; baseline 0.003 -26"><span class='ocrx_word' id='word_1_481' title='bbox 217 4233 407 4290; x_wconf 74' lang='lat' dir='ltr'><strong>sebasta!</strong></span> <span class='ocrx_word' id='word_1_482' title='bbox 419 4228 432 4312; x_wconf 96' lang='grc' dir='ltr'><strong>ΙΙ</strong></span> <span class='ocrx_word' id='word_1_483' title='bbox 448 4233 603 4291; x_wconf 86' lang='lat' dir='ltr'><strong>corniculo</strong></span> <span class='ocrx_word' id='word_1_484' title='bbox 617 4235 834 4291; x_wconf 71' lang='lat' dir='ltr'><strong>sesbasar!</strong></span> <span class='ocrx_word' id='word_1_485' title='bbox 845 4227 858 4315; x_wconf 97' lang='grc' dir='ltr'><strong>ΙΙ</strong></span> <span class='ocrx_word' id='word_1_486' title='bbox 875 4235 1068 4292; x_wconf 87' lang='lat' dir='ltr'><strong>serenitatem</strong></span> <span class='ocrx_word' id='word_1_487' title='bbox 1078 4240 1198 4309; x_wconf 61' lang='lat' dir='ltr'><strong>sempsi:</strong></span> <span class='ocrx_word' id='word_1_488' title='bbox 1214 4237 1363 4294; x_wconf 85' lang='lat' dir='ltr'><strong>serenitas</strong></span> 
     </span>
    </p>

    <p class='ocr_par' dir='ltr' id='par_1_7' title="bbox 325 4312 341 4352">
     <span class='ocr_line' id='line_1_47' title="bbox 325 4312 341 4352; baseline -0.063 0"><span class='ocrx_word' id='word_1_489' title='bbox 325 4312 341 4352; x_wconf 85' lang='lat' dir='ltr'><strong>n</strong></span> 
     </span>
    </p>
   </div>
   <div class='ocr_carea' id='block_1_7' title="bbox 216 4368 1362 4513">
    <p class='ocr_par' dir='ltr' id='par_1_8' title="bbox 216 4368 1362 4513">
     <span class='ocr_line' id='line_1_48' title="bbox 216 4368 1362 4429; baseline 0.004 -6"><span class='ocrx_word' id='word_1_490' title='bbox 216 4368 377 4425; x_wconf 78' lang='lat' dir='ltr'><strong>Iserenas</strong></span> <span class='ocrx_word' id='word_1_491' title='bbox 393 4368 427 4423; x_wconf 86' lang='lat' dir='ltr'><em>M</em></span> <span class='ocrx_word' id='word_1_492' title='bbox 436 4387 560 4426; x_wconf 87' lang='lat' dir='ltr'><strong>serenas</strong></span> <span class='ocrx_word' id='word_1_493' title='bbox 576 4370 627 4427; x_wconf 82' lang='lat' dir='ltr'><strong>EG</strong></span> <span class='ocrx_word' id='word_1_494' title='bbox 644 4387 753 4427; x_wconf 86' lang='lat' dir='ltr'><strong>serena</strong></span> <span class='ocrx_word' id='word_1_495' title='bbox 776 4371 798 4427; x_wconf 84' lang='lat' dir='ltr'><em>C</em></span> <span class='ocrx_word' id='word_1_496' title='bbox 814 4388 939 4427; x_wconf 88' lang='lat' dir='ltr'><strong>serenas</strong></span> <span class='ocrx_word' id='word_1_497' title='bbox 956 4368 985 4428; x_wconf 90' lang='lat' dir='ltr'><strong>id</strong></span> <span class='ocrx_word' id='word_1_498' title='bbox 1010 4370 1074 4427; x_wconf 86' lang='lat' dir='ltr'><strong>lore</strong></span> <span class='ocrx_word' id='word_1_499' title='bbox 1093 4373 1119 4427; x_wconf 86' lang='grc' dir='ltr'><strong>Ι)</strong></span> <span class='ocrx_word' id='word_1_500' title='bbox 1139 4371 1288 4429; x_wconf 88' lang='lat' dir='ltr'><strong>serenitas</strong></span> <span class='ocrx_word' id='word_1_501' title='bbox 1311 4379 1362 4428; x_wconf 88' lang='lat' dir='ltr'><strong>aut</strong></span> 
     </span>
     <span class='ocr_line' id='line_1_49' title="bbox 218 4449 1241 4513; baseline 0.004 -6"><span class='ocrx_word' id='word_1_502' title='bbox 218 4451 285 4507; x_wconf 84' lang='lat' dir='ltr'><strong>loro</strong></span> <span class='ocrx_word' id='word_1_503' title='bbox 301 4453 328 4507; x_wconf 76' lang='lat' dir='ltr'><em>A</em></span> <span class='ocrx_word' id='word_1_504' title='bbox 348 4470 458 4509; x_wconf 87' lang='lat' dir='ltr'><strong>serena</strong></span> <span class='ocrx_word' id='word_1_505' title='bbox 474 4449 619 4510; x_wconf 88' lang='lat' dir='ltr'><strong>demitate</strong></span> <span class='ocrx_word' id='word_1_506' title='bbox 636 4453 674 4510; x_wconf 89' lang='lat' dir='ltr'><strong>sit</strong></span> <span class='ocrx_word' id='word_1_507' title='bbox 691 4455 718 4510; x_wconf 87' lang='lat' dir='ltr'><em>B</em></span> <span class='ocrx_word' id='word_1_508' title='bbox 737 4453 932 4512; x_wconf 86' lang='lat' dir='ltr'><strong>serenitatem</strong></span> <span class='ocrx_word' id='word_1_509' title='bbox 949 4454 990 4513; x_wconf 83' lang='lat' dir='ltr'><strong>ait-</strong></span> <span class='ocrx_word' id='word_1_510' title='bbox 1011 4453 1075 4512; x_wconf 84' lang='lat' dir='ltr'><strong>lore</strong></span> <span class='ocrx_word' id='word_1_511' title='bbox 1093 4455 1241 4512; x_wconf 73' lang='lat' dir='ltr'><strong>Bastarna</strong></span> 
     </span>
    </p>
   </div>
   <div class='ocr_carea' id='block_1_8' title="bbox 0 0 1614 5000">
    <p class='ocr_par' dir='ltr' id='par_1_9' title="bbox 0 0 1614 5000">
     <span class='ocr_line' id='line_1_50' title="bbox 0 0 1614 5000; baseline 0 0"><span class='ocrx_word' id='word_1_512' title='bbox 0 0 1614 5000; x_wconf 95' lang='lat' dir='ltr'><strong> </strong></span> 
     </span>
    </p>
   </div>
  </div>
 </body>
</html>
