3218 5000
631 453 673 498 es
698 453 837 499 sarvam
861 454 971 500 usura
1311 438 1374 507 213

228 618 348 668 servs!
363 604 493 691 proprie
508 624 597 668 mare
615 604 825 692 prafundum.
863 620 958 667 vans
974 603 1094 691 quibus
1114 607 1147 668 in
1163 607 1246 669 mari
1266 613 1374 692 petest

229 706 325 785 stari,
352 726 436 792 quae
464 702 623 791 Virgilius
652 722 782 769 suevia
809 703 968 793 appellat,
999 727 1083 792 qaae
1110 705 1222 770 eadem
1252 707 1373 772 Graeci

227 804 363 891 βραχέα.
406 823 505 870 siuve
527 807 667 871 maiores
689 828 838 870 recessus
859 807 959 869 maris
984 806 1153 886 dicuntur,
1173 816 1210 870 ut
1233 805 1372 894 Caspius

227 907 391 973 Arabicus
411 907 562 991 indicus,
584 909 726 973 minores
743 916 852 972 autem
867 924 998 971 ssevai
1021 919 1056 971 ut
1074 907 1256 973 Paestanus
1271 909 1373 996 Amy·

205 1008 342 1074 selanus
365 1017 398 1075 et
420 1011 520 1074 ceteri
544 1008 679 1073 similes.
726 1026 911 1073 savsruvra
933 1017 1038 1074 motus
1068 1002 1268 1074 maris'sinc
1293 1018 1372 1074 tem-

226 1119 354 1198 pestate
375 1111 564 1175 fluctuantis
571 1161 580 1195 ,
601 1110 691 1176 uelat
712 1109 858 1175 Naeuius
880 1113 913 1174 in
935 1110 1022 1176 belle
1043 1111 1185 1176 Poenico
1207 1112 1256 1176 sie
1277 1113 1339 1175 ait:

430 1215 600 1278 onerariae
622 1214 758 1278 onustae
780 1212 913 1276 stibant
934 1216 968 1276 ln
988 1213 1127 1294 flustris,

228 1322 265 1378 ut
292 1314 320 1377 si
348 1313 472 1378 diceret
498 1314 532 1378 in
560 1314 641 1378 salo.
692 1329 808 1377 Molas
835 1335 921 1400 qirae
948 1315 1093 1379 eminent
1118 1325 1151 1378 et
1176 1326 1374 1400 procurrunt

229 1416 326 1497 mari,
350 1413 532 1502 dequibus
557 1416 736 1480 Pacuuius:

196 1533 221 1575 ra
315 1542 353 1578 ai
376 1537 489 1580 onmes
511 1516 671 1598 latebras,
691 1515 823 1581 subluis
844 1517 927 1581 mele
950 1517 1119 1582 abstrusus
1142 1518 1244 1583 sinus.

230 1656 294 1720 quia
312 1656 349 1704 sit
372 1672 389 1705 a
411 1656 551 1720 superiore
575 1653 675 1719 parte)
711 1655 776 1705 ibid.
800 1655 819 1704 l.
843 1671 882 1704 e:
919 1656 1015 1719 ‘uaga
1041 1672 1112 1722 quae
1136 1657 1165 1705 in
1187 1671 1262 1706 mare
1286 1660 1371 1719 stant,

229 1722 362 1787 Virgilius
386 1722 484 1771 breuia
508 1721 655 1787 appellat’
697 1717 763 1773 ibid.
788 1722 805 1771 1.
830 1740 868 1771 e:
906 1722 997 1773 ‘Sinus
1021 1726 1140 1774 maiores
1161 1738 1287 1779 recessus
1315 1739 1372 1773 ma·

230 1792 267 1840 ris
289 1796 320 1839 ut
343 1792 461 1855 Caspius
484 1791 619 1839 Arabicus
638 1788 775 1840 lmlicus.’
797 1818 829 1827 -
865 1792 953 1840 Varro
975 1793 1009 1840 L.
1031 1793 1065 1841 L.
1088 1792 1141 1840 Vli
1164 1792 1210 1840 22:
1246 1791 1373 1842 ‘Dictum

230 1860 329 1909 fretum
353 1874 371 1907 a
392 1857 574 1907 similitudine
594 1860 728 1907 seruantis
752 1873 856 1922 aquae,
887 1859 958 1922 qued
976 1858 1005 1907 iri
1028 1861 1127 1908 fretum
1151 1874 1236 1923 saepe
1260 1874 1373 1909 coneur-

229 1933 273 1976 rat
291 1930 385 1975 aestus
404 1930 486 1990 atque
505 1923 694 1975 efferuescat.’
739 1925 842 1976 Paulus
865 1926 943 1975 l'esti
965 1943 991 1991 p.
1010 1928 1056 1975 89:
1093 1925 1218 1975 ‘Flustra
1236 1926 1373 1989 dicuntur,

230 2009 311 2059 quum
335 1995 362 2042 in
387 1994 456 2042 mari
480 1994 579 2043 fluctus
601 2010 655 2042 aen
678 2002 833 2053 mouentur,
863 2009 942 2057 quam
962 1994 1064 2042 Graeci
1086 1991 1233 2058 μαλακίαν
1250 1993 1373 2044 uacant)

230 2062 341 2111 Servius
364 2061 432 2110 Aen.
457 2062 485 2110 11
508 2060 570 2111 305:
602 2062 731 2110 ‘'l'arrens
754 2062 866 2123 fluuius,
891 2063 935 2125 qui
960 2066 1069 2111 aestate
1091 2062 1225 2121 siccatur,
1249 2062 1322 2113 mule
1346 2070 1374 2112 et

230 2145 329 2180 nornen
358 2127 497 2193 accepit.’
544 2127 637 2178 Schel.
665 2130 765 2178 Veron.
792 2130 861 2179 Aen.
890 2129 908 2181 l.
937 2144 976 2177 e.:
1022 2128 1162 2178 ‘'i'errens
1191 2128 1236 2193 qui
1265 2134 1373 2179 aestate

231 2212 361 2247 arescens
389 2195 478 2245 bieme
503 2194 663 2245 attollitur.’
704 2196 804 2245 Festus
827 2212 853 2260 p.
876 2194 926 2244 352
949 2195 998 2258 (ci.
1021 2195 1125 2247 Paulus
1146 2197 1225 2246 Festi
1248 2213 1275 2260 p.
1298 2197 1372 2261 354):

231 2266 360 2315 ‘Terrens
388 2263 581 2329 principaliter
610 2280 659 2328 pre
688 2279 805 2313 exurens
834 2264 962 2328 panitur,
992 2269 1024 2313 at
1054 2272 1096 2313 est
1125 2263 1198 2329 apud
1220 2265 1373 2313 Pacuuium

230 2334 258 2382 in
272 2333 405 2397 Antiopa:
430 2331 571 2381 Flammea
591 2346 693 2396 uapore
711 2337 818 2381 torrens
837 2338 927 2381 terrae
947 2332 1032 2380 letum
1051 2332 1195 2381 exusserit.
1231 2331 1373 2394 significat

231 2402 314 2451 ctiam
333 2398 445 2449 fluuium
463 2399 563 2448 subitis
582 2399 714 2449 imbribus
733 2400 912 2460 concitatum,
932 2399 977 2463 qui
997 2399 1100 2463 alioqui
1118 2399 1295 2448 siccitatibus
1308 2415 1372 2448 era·

231 2466 333 2518 rescit!
352 2469 402 2517 lrac
416 2467 484 2516 duca
495 2466 635 2517 Beckerus
645 2467 768 2531 prolegg.
782 2467 817 2515 ad
830 2467 926 2515 lsiilor.
940 2483 965 2530 p.
979 2467 1042 2516 xvi
1052 2482 1093 2530 sq.
1103 2467 1299 2516 Suetenianam
1312 2482 1373 2515 seu·

231 2537 347 2586 tentiam
360 2536 395 2585 ab
408 2535 514 2585 Isidore
527 2534 682 2585 mutilatam
694 2535 735 2584 ita
748 2535 884 2587 restituit:
908 2534 1058 2583 Terrena
1078 2534 1207 2583 fluuius
1226 2534 1280 2598 qui
1297 2533 1372 2599 plu-

319 2702 327 2750 Ι
346 2708 430 2747 mare
448 2708 503 2749 am.
522 2691 547 2746 A
562 2683 575 2769 11
589 2687 771 2766 profundam
787 2686 897 2744 dicitur
909 2689 957 2745 ΟΒ
971 2681 985 2767 ll
1001 2687 1110 2763 Vuaga
1122 2692 1145 2744 A
1156 2690 1283 2763 abnega
1298 2689 1373 2746 Oal.

232 2775 350 2851 Vuagie
370 2779 399 2831 ia
416 2793 471 2848 my.
488 2794 523 2830 m.
546 2777 610 2830 cad.
628 2772 709 2830 uada
727 2773 760 2829 M
772 2766 785 2854 ΙΙ
802 2770 882 2829 uada
899 2781 967 2831 sunt
986 2767 1061 2852 01111
1077 2773 1117 2830 im
1138 2773 1172 2828 M
1185 2766 1198 2853 ll
1213 2791 1295 2830 mare
1307 2766 1371 2829 AD¹

233 2854 245 2941 Η
259 2869 275 2920 2
291 2859 384 2917 istare
396 2864 419 2915 A
429 2866 511 2917 stare
529 2859 576 2914 CD
591 2852 605 2939 ΙΙ
620 2858 764 2935 uergilius
777 2859 824 2914 CI)
839 2852 853 2938 11
876 2858 958 2930 Verp.
972 2860 1042 2914 Aea.
1055 2858 1075 2914 1
1085 2863 1136 2914 111
1150 2850 1164 2937 ΙΙ
1179 2855 1265 2915 breui
1277 2852 1345 2915 ΑΜ1
1358 2851 1372 2938 ll

231 2944 387 3023 appellant
400 2944 432 3000 M
444 2937 458 3024 ΙΙ
474 2962 593 3022 quae—
602 2939 712 3019 βραχέα
723 2962 777 2999 am.
795 2944 856 2998 AM
867 2936 880 3023 l}
894 2952 912 3003 3
925 2940 1051 3000 brachia
1064 2944 1137 2999 0120
1152 2939 1165 3023 ΙΙ
1181 2942 1303 2999 maioris
1317 2944 1375 2999 AM

233 3026 246 3107 11
257 3039 290 3087 ut
302 3038 350 3086 est
361 3030 409 3085 CD
424 3024 438 3108 ll
453 3026 588 3105 campius
597 3023 637 3085 Ι)1
652 3025 666 3104 ΙΙ
681 3037 699 3087 4
710 3027 823 3085 Issicus
834 3030 905 3083 coni.
920 3029 1025 3100 sanyr.
1035 3022 1046 3106 11
1056 3023 1201 3104 minores]
1212 3028 1374 3085 maioresO

233 3112 245 3192 ΙΙ
256 3112 360 3189 anguli
373 3112 514 3171 dicuntur
524 3114 596 3169 CDL
611 3110 624 3193 ΙΙ
638 3121 803 3190 paestanus
812 3119 978 3169 matrestae
992 3115 1171 3190 Opertanus
1184 3114 1248 3169 DM
1258 3115 1377 3170 Arcaali

230 3200 298 3255 libri
312 3198 483 3256 Paestanus
498 3197 672 3272 Ligusticus
695 3200 766 3254 ceni.
794 3197 899 3270 Larice.
914 3194 928 3278 11
944 3196 1111 3255 amiclanus
1135 3199 1183 3254 01)
1205 3196 1374 3254 amiclauus

231 3283 413 3341 fluctuantes
426 3284 485 3341 AM
494 3286 531 3340 el.
548 3279 553 3362 Ι
576 3295 592 3344 5
605 3282 719 3341 similes
731 3282 851 3339 nemina
865 3285 956 3341 maris
966 3280 1108 3339 dixerunt
1121 3286 1143 3337 0
1157 3276 1171 3362 11
1187 3281 1292 3338 flustra
1305 3287 1374 3337 sunt

232 3370 302 3426 CLO
315 3368 426 3425 frastra
437 3377 507 3425 sunt
518 3368 545 3423 D
569 3361 574 3448 Ι
587 3367 788 3431 6fluetuautis
800 3385 854 3424 om.
871 3369 898 3424 lt.
911 3372 929 3425 l.
946 3367 1007 3423 AM
1018 3361 1032 3446 ll
1047 3362 1131 3424 uelut
1144 3367 1307 3422 Becker-us.-
1324 3363 1375 3423 uel

231 3454 292 3509 AM
299 3471 352 3510 em.
370 3454 468 3509 GDLO
483 3453 619 3528 naeuius
634 3452 766 3510 ACDLM
777 3448 791 3527 Η
806 3452 935 3529 poenica
953 3453 1012 3507 Iar.
1035 3453 1216 3509 Gronovius.-
1233 3450 1305 3527 poni
1318 3450 1378 3506 AM

231 3537 407 3616 pontificel
422 3536 544 3614 pontice
554 3538 585 3594 in
599 3535 797 3613 inscriptione
812 3542 834 3593 0
845 3537 956 3614 punico
970 3538 1017 3592 (ID
1032 3530 1046 3616 ll
1061 3533 1226 3592 sic—sale
1241 3552 1293 3591 om.
1308 3534 1373 3604 AM,

230 3627 260 3679 in
275 3625 300 3678 A
315 3626 408 3694 apetie
424 3624 571 3679 Arrodccr'm
590 3624 752 3678 litterarum
771 3639 860 3679 caesia
874 3626 988 3690 relicte,
1005 3626 1035 3677 ia
1052 3622 1087 3677 M
1096 3640 1149 3695 my.
1165 3611 1206 3699 rll
1223 3617 1278 3692 sic]
1291 3617 1375 3697 qued

233 3701 284 3788 ⁰ll
300 3708 425 3764 Maevius
439 3709 500 3763 bell.
525 3708 613 3763 Pera.
630 3706 739 3778 srapm.
755 3708 811 3762 iae.
838 3708 862 3762 l'
887 3708 968 3764 l'aM.
985 3701 1029 3787 117
1047 3704 1227 3763 honerariae
1243 3705 1341 3760 CDOL
1360 3698 1372 3783 fl

230 3791 379 3849 honustae
397 3792 496 3848 CDOL
515 3785 529 3872 Η
550 3789 672 3848 stabunt
687 3794 726 3847 al.
741 3784 754 3869 ΙΙ
770 3800 787 3851 8
801 3787 845 3868 ut]
866 3809 902 3848 ae
920 3792 942 3848 0
963 3784 977 3871 Η
998 3790 1065 3847 sela
1081 3791 1103 3848 0
1124 3785 1136 3871 11
1157 3795 1336 3866 precurrant
1355 3789 1378 3843 C

230 3883 430 3954 praecurrunt
449 3875 476 3931 Ι)
489 3869 510 3956 Η
531 3874 625 3933 meles
643 3894 741 3953 aquae
764 3874 896 3933 eminent
919 3884 949 3932 et
966 3882 1165 3953 prorumpunt
1177 3878 1251 3930 enai.
1269 3874 1374 3946 Laups.

232 3957 245 4041 ΙΙ
258 3958 425 4023 sfaeubius
438 3963 488 4016 AL
500 3958 661 4037 faucubius
670 3961 703 4017 M
715 3958 866 4018 saaculius
880 3962 902 4014 0
916 3955 930 4039 ll
947 3960 990 4016 sic
1002 3959 1044 4017 ait
1055 3962 1123 4017 adri.
1137 3962 1159 4016 t
1173 3953 1187 4040 ΙΙ
1203 3966 1220 4020 9
1232 3958 1377 4014 Perusiae

232 4038 421 4124 sarnitan
448 4054 480 4106 10
495 4064 599 4102 omnes
621 4043 755 4102 latebras
779 4042 901 4101 sublata
924 4042 1003 4100 mele
1026 4043 1181 4101 abstrusos
1203 4043 1286 4100 sinus
1306 4043 1375 4098 aa·

231 4131 362 4187 beritius:
392 4148 496 4187 omnes
516 4128 651 4187 latebras
666 4127 786 4186 sableta
806 4127 906 4186 molae
929 4127 1023 4203 (mele
1043 4126 1089 4205 M)
1109 4127 1265 4186 abstmsas
1282 4130 1376 4199 spatio

232 4233 322 4271 caereo
335 4214 527 4272 relictesinus
543 4218 583 4271 ila
604 4223 635 4270 at
653 4214 736 4271 sinus
754 4217 954 4286 assequentis
970 4214 1121 4287 referatur
1135 4213 1193 4269 AM
1213 4214 1250 4267 al.
1270 4229 1375 4268 omnes
1426 4220 1429 4226 ’

231 4297 366 4358 latebras
382 4296 438 4355 sub
455 4296 518 4357 leto
533 4298 613 4357 mole
635 4297 790 4356 obstrusas
809 4298 892 4355 sinus
915 4299 987 4355 CDL
1007 4301 1064 4355 nisi
1081 4300 1158 4371 prend
1179 4294 1334 4354 abstrusas
1352 4297 1375 4351 L

232 4402 336 4441 omnes
364 4381 499 4441 latebras
523 4382 663 4441 sublaetu
686 4382 765 4441 mole
786 4382 944 4441 abstrusas
965 4383 1048 4440 sinus
1071 4385 1214 4439 Oamnes
1238 4376 1374 4436 latebras

231 4467 363 4527 subeunt
377 4466 453 4526 laeti
466 4467 546 4526 mole
557 4465 713 4526 abstrusas
727 4468 811 4527 sinus
826 4468 986 4527 Muellerus
1007 4467 1112 4525 ‹imnes
1129 4463 1264 4524 latebras
1282 4460 1377 4520 subiit

1116 4564 1179 4624 16*
