<?xml version="1.0" encoding="UTF-8"?>
<!DOCTYPE html PUBLIC "-//W3C//DTD XHTML 1.0 Transitional//EN"
    "http://www.w3.org/TR/xhtml1/DTD/xhtml1-transitional.dtd">
<html xmlns="http://www.w3.org/1999/xhtml" xml:lang="en" lang="en">
 <head>
  <title>
</title>
<meta http-equiv="Content-Type" content="text/html;charset=utf-8" />
  <meta name='ocr-system' content='tesseract 3.04.00' />
  <meta name='ocr-capabilities' content='ocr_page ocr_carea ocr_par ocr_line ocrx_word'/>
</head>
<body>
  <div class='ocr_page' id='page_1' title='image "./csuetonitranqui01ritsgoog_0431.png"; bbox 0 0 3202 4998; ppageno 0'>
   <div class='ocr_carea' id='block_1_1' title="bbox 269 429 1134 515">
    <p class='ocr_par' dir='ltr' id='par_1_1' title="bbox 269 429 1134 515">
     <span class='ocr_line' id='line_1_1' title="bbox 269 429 1134 515; baseline -0.001 -25"><span class='ocrx_word' id='word_1_1' title='bbox 269 429 331 491; x_wconf 76' lang='lat' dir='ltr'>tut</span> <span class='ocrx_word' id='word_1_2' title='bbox 663 450 887 515; x_wconf 69' lang='lat' dir='ltr'>ovassrrouss</span> <span class='ocrx_word' id='word_1_3' title='bbox 906 449 1134 491; x_wconf 76' lang='lat' dir='ltr'>svaroutsusr.</span> 
     </span>
    </p>
   </div>
   <div class='ocr_carea' id='block_1_2' title="bbox 276 590 1411 682">
    <p class='ocr_par' dir='ltr' id='par_1_2' title="bbox 276 590 1411 682">
     <span class='ocr_line' id='line_1_2' title="bbox 276 590 1411 682; baseline 0.002 -25"><span class='ocrx_word' id='word_1_4' title='bbox 276 603 399 675; x_wconf 77' lang='lat' dir='ltr'>Verpitio</span> <span class='ocrx_word' id='word_1_5' title='bbox 415 606 477 658; x_wconf 84' lang='lat' dir='ltr'>uati</span> <span class='ocrx_word' id='word_1_6' title='bbox 497 605 626 659; x_wconf 84' lang='lat' dir='ltr'>absoluta</span> <span class='ocrx_word' id='word_1_7' title='bbox 648 609 698 658; x_wconf 82' lang='lat' dir='ltr'>cst.</span> <span class='ocrx_word' id='word_1_8' title='bbox 733 599 843 659; x_wconf 89' lang='lat' dir='ltr'>deinde</span> <span class='ocrx_word' id='word_1_9' title='bbox 866 601 957 659; x_wconf 91' lang='lat' dir='ltr'>etiam</span> <span class='ocrx_word' id='word_1_10' title='bbox 975 590 1037 660; x_wconf 82' lang='lat' dir='ltr'>alia</span> <span class='ocrx_word' id='word_1_11' title='bbox 1053 601 1179 682; x_wconf 88' lang='lat' dir='ltr'>antiqua</span> <span class='ocrx_word' id='word_1_12' title='bbox 1196 601 1341 659; x_wconf 84' lang='lat' dir='ltr'>memoria</span> <span class='ocrx_word' id='word_1_13' title='bbox 1358 600 1411 659; x_wconf 88' lang='lat' dir='ltr'>ab·</span> 
     </span>
    </p>
   </div>
   <div class='ocr_carea' id='block_1_3' title="bbox 178 703 1409 785">
    <p class='ocr_par' dir='ltr' id='par_1_3' title="bbox 178 703 1409 785">
     <span class='ocr_line' id='line_1_3' title="bbox 178 703 1409 785; baseline 0.001 -24"><span class='ocrx_word' id='word_1_14' title='bbox 178 733 190 751; x_wconf 83' lang='lat'><strong>·</strong></span> <span class='ocrx_word' id='word_1_15' title='bbox 268 722 340 762; x_wconf 88' lang='lat' dir='ltr'>usus</span> <span class='ocrx_word' id='word_1_16' title='bbox 372 712 420 761; x_wconf 88' lang='lat' dir='ltr'>est</span> <span class='ocrx_word' id='word_1_17' title='bbox 451 703 666 781; x_wconf 78' lang='lat' dir='ltr'>interpolator,</span> <span class='ocrx_word' id='word_1_18' title='bbox 702 721 764 785; x_wconf 81' lang='lat' dir='ltr'>qua</span> <span class='ocrx_word' id='word_1_19' title='bbox 795 703 1041 762; x_wconf 89' lang='lat' dir='ltr'>narratiunculas</span> <span class='ocrx_word' id='word_1_20' title='bbox 1071 703 1141 762; x_wconf 87' lang='lat' dir='ltr'>illas</span> <span class='ocrx_word' id='word_1_21' title='bbox 1173 703 1409 762; x_wconf 86' lang='lat' dir='ltr'>consarcinaret</span> 
     </span>
    </p>
   </div>
   <div class='ocr_carea' id='block_1_4' title="bbox 264 802 1410 2916">
    <p class='ocr_par' dir='ltr' id='par_1_4' title="bbox 264 802 1410 1793">
     <span class='ocr_line' id='line_1_4' title="bbox 269 802 1409 881; baseline -0.001 -18"><span class='ocrx_word' id='word_1_22' title='bbox 269 803 434 863; x_wconf 78' lang='lat' dir='ltr'>Suetonius</span> <span class='ocrx_word' id='word_1_23' title='bbox 459 805 538 865; x_wconf 88' lang='lat' dir='ltr'>enirn</span> <span class='ocrx_word' id='word_1_24' title='bbox 559 805 590 863; x_wconf 92' lang='lat' dir='ltr'>in</span> <span class='ocrx_word' id='word_1_25' title='bbox 612 805 677 863; x_wconf 86' lang='lat' dir='ltr'>vita</span> <span class='ocrx_word' id='word_1_26' title='bbox 695 804 826 881; x_wconf 80' lang='lat' dir='ltr'><strong>Augusti</strong></span> <span class='ocrx_word' id='word_1_27' title='bbox 849 821 874 862; x_wconf 90' lang='lat' dir='ltr'>c.</span> <span class='ocrx_word' id='word_1_28' title='bbox 890 811 908 864; x_wconf 78' lang='grc'><strong>4</strong></span> <span class='ocrx_word' id='word_1_29' title='bbox 922 804 1031 878; x_wconf 84' lang='lat' dir='ltr'>refert,</span> <span class='ocrx_word' id='word_1_30' title='bbox 1053 804 1220 865; x_wconf 76' lang='lat' dir='ltr'>Antonium</span> <span class='ocrx_word' id='word_1_31' title='bbox 1238 802 1409 881; x_wconf 87' lang='lat' dir='ltr'>despicien-</span> 
     </span>
     <span class='ocr_line' id='line_1_5' title="bbox 268 898 1410 983; baseline 0.001 -19"><span class='ocrx_word' id='word_1_32' title='bbox 268 915 330 965; x_wconf 92' lang='lat' dir='ltr'>tem</span> <span class='ocrx_word' id='word_1_33' title='bbox 353 908 444 964; x_wconf 89' lang='lat' dir='ltr'>etiam</span> <span class='ocrx_word' id='word_1_34' title='bbox 464 913 632 965; x_wconf 86' lang='lat' dir='ltr'>maternam</span> <span class='ocrx_word' id='word_1_35' title='bbox 654 906 786 983; x_wconf 77' lang='lat' dir='ltr'>Augusti</span> <span class='ocrx_word' id='word_1_36' title='bbox 809 898 957 982; x_wconf 85' lang='lat' dir='ltr'>originem</span> <span class='ocrx_word' id='word_1_37' title='bbox 979 905 1144 975; x_wconf 89' lang='lat' dir='ltr'>obiecisse,</span> <span class='ocrx_word' id='word_1_38' title='bbox 1172 905 1319 983; x_wconf 80' lang='lat' dir='ltr'>proavum</span> <span class='ocrx_word' id='word_1_39' title='bbox 1343 906 1410 965; x_wconf 86' lang='lat' dir='ltr'>eius</span> 
     </span>
     <span class='ocr_line' id='line_1_6' title="bbox 268 1006 1409 1085; baseline 0 -20"><span class='ocrx_word' id='word_1_40' title='bbox 268 1008 339 1066; x_wconf 77' lang='lat' dir='ltr'>Afri</span> <span class='ocrx_word' id='word_1_41' title='bbox 353 1008 474 1084; x_wconf 87' lang='lat' dir='ltr'>generis</span> <span class='ocrx_word' id='word_1_42' title='bbox 490 1007 584 1065; x_wconf 80' lang='lat' dir='ltr'>irrisae</span> <span class='ocrx_word' id='word_1_43' title='bbox 606 1015 638 1065; x_wconf 93' lang='lat' dir='ltr'>et</span> <span class='ocrx_word' id='word_1_44' title='bbox 657 1006 746 1065; x_wconf 89' lang='lat' dir='ltr'>modo</span> <span class='ocrx_word' id='word_1_45' title='bbox 770 1008 1003 1084; x_wconf 69' lang='lat' dir='ltr'><strong>unguentariam</strong></span> <span class='ocrx_word' id='word_1_46' title='bbox 1024 1006 1181 1066; x_wconf 87' lang='lat' dir='ltr'>tabernam</span> <span class='ocrx_word' id='word_1_47' title='bbox 1202 1007 1291 1066; x_wconf 88' lang='lat' dir='ltr'>modo</span> <span class='ocrx_word' id='word_1_48' title='bbox 1308 1007 1409 1085; x_wconf 87' lang='lat' dir='ltr'>pistri-</span> 
     </span>
     <span class='ocr_line' id='line_1_7' title="bbox 268 1107 1410 1186; baseline -0.002 -17"><span class='ocrx_word' id='word_1_49' title='bbox 268 1130 339 1169; x_wconf 89' lang='lat' dir='ltr'>num</span> <span class='ocrx_word' id='word_1_50' title='bbox 356 1110 480 1168; x_wconf 80' lang='lat' dir='ltr'><strong>Ariciae</strong></span> <span class='ocrx_word' id='word_1_51' title='bbox 497 1109 682 1167; x_wconf 87' lang='lat' dir='ltr'>exercuisse.</span> <span class='ocrx_word' id='word_1_52' title='bbox 716 1108 871 1185; x_wconf 87' lang='lat' dir='ltr'>Vergilius</span> <span class='ocrx_word' id='word_1_53' title='bbox 886 1108 977 1186; x_wconf 88' lang='lat' dir='ltr'>igitur</span> <span class='ocrx_word' id='word_1_54' title='bbox 991 1107 1218 1186; x_wconf 68' lang='lat' dir='ltr'>interpolatoris</span> <span class='ocrx_word' id='word_1_55' title='bbox 1236 1128 1296 1168; x_wconf 90' lang='lat' dir='ltr'>uon</span> <span class='ocrx_word' id='word_1_56' title='bbox 1313 1108 1410 1167; x_wconf 90' lang='lat' dir='ltr'>solum</span> 
     </span>
     <span class='ocr_line' id='line_1_8' title="bbox 268 1209 1409 1288; baseline -0.002 -18"><span class='ocrx_word' id='word_1_57' title='bbox 268 1213 345 1271; x_wconf 89' lang='lat' dir='ltr'>mira</span> <span class='ocrx_word' id='word_1_58' title='bbox 366 1210 535 1288; x_wconf 84' lang='lat' dir='ltr'>sagacitate</span> <span class='ocrx_word' id='word_1_59' title='bbox 558 1209 711 1268; x_wconf 83' lang='lat' dir='ltr'>intellexit</span> <span class='ocrx_word' id='word_1_60' title='bbox 735 1211 905 1287; x_wconf 88' lang='lat' dir='ltr'>Augustum</span> <span class='ocrx_word' id='word_1_61' title='bbox 934 1210 1054 1288; x_wconf 89' lang='lat' dir='ltr'>pistoris</span> <span class='ocrx_word' id='word_1_62' title='bbox 1080 1210 1175 1269; x_wconf 85' lang='lat' dir='ltr'>lilium</span> <span class='ocrx_word' id='word_1_63' title='bbox 1198 1229 1281 1282; x_wconf 89' lang='lat' dir='ltr'>esse,</span> <span class='ocrx_word' id='word_1_64' title='bbox 1303 1229 1409 1270; x_wconf 85' lang='lat' dir='ltr'>verum</span> 
     </span>
     <span class='ocr_line' id='line_1_9' title="bbox 268 1310 1409 1391; baseline -0.004 -19"><span class='ocrx_word' id='word_1_65' title='bbox 268 1314 361 1373; x_wconf 89' lang='lat' dir='ltr'>etiam</span> <span class='ocrx_word' id='word_1_66' title='bbox 376 1331 456 1391; x_wconf 89' lang='lat' dir='ltr'>quae</span> <span class='ocrx_word' id='word_1_67' title='bbox 472 1320 519 1376; x_wconf 73' lang='lat' dir='ltr'>aaa</span> <span class='ocrx_word' id='word_1_68' title='bbox 534 1310 623 1370; x_wconf 88' lang='lat' dir='ltr'>huius</span> <span class='ocrx_word' id='word_1_69' title='bbox 640 1311 758 1387; x_wconf 83' lang='lat' dir='ltr'>Vergili</span> <span class='ocrx_word' id='word_1_70' title='bbox 778 1312 954 1383; x_wconf 88' lang='lat' dir='ltr'>sinceritas,</span> <span class='ocrx_word' id='word_1_71' title='bbox 977 1310 1103 1371; x_wconf 83' lang='lat' dir='ltr'>Caesari</span> <span class='ocrx_word' id='word_1_72' title='bbox 1118 1313 1227 1391; x_wconf 84' lang='lat' dir='ltr'>aperit</span> <span class='ocrx_word' id='word_1_73' title='bbox 1267 1331 1325 1371; x_wconf 86' lang='lat' dir='ltr'>uec</span> <span class='ocrx_word' id='word_1_74' title='bbox 1346 1312 1409 1369; x_wconf 78' lang='lat' dir='ltr'>Au·</span> 
     </span>
     <span class='ocr_line' id='line_1_10' title="bbox 268 1412 1409 1493; baseline -0.002 -20"><span class='ocrx_word' id='word_1_75' title='bbox 268 1424 373 1492; x_wconf 88' lang='lat' dir='ltr'>gustus</span> <span class='ocrx_word' id='word_1_76' title='bbox 389 1412 471 1493; x_wconf 88' lang='lat' dir='ltr'>quod</span> <span class='ocrx_word' id='word_1_77' title='bbox 488 1421 634 1490; x_wconf 75' lang='lat' dir='ltr'>expectes</span> <span class='ocrx_word' id='word_1_78' title='bbox 651 1413 744 1471; x_wconf 83' lang='lat' dir='ltr'>talem</span> <span class='ocrx_word' id='word_1_79' title='bbox 760 1412 954 1471; x_wconf 82' lang='lat' dir='ltr'>insolentiam</span> <span class='ocrx_word' id='word_1_80' title='bbox 978 1431 1072 1490; x_wconf 84' lang='lat' dir='ltr'>aegra</span> <span class='ocrx_word' id='word_1_81' title='bbox 1090 1413 1165 1483; x_wconf 83' lang='lat' dir='ltr'>fert3</span> <span class='ocrx_word' id='word_1_82' title='bbox 1189 1415 1278 1472; x_wconf 89' lang='lat' dir='ltr'>immo</span> <span class='ocrx_word' id='word_1_83' title='bbox 1295 1422 1330 1472; x_wconf 89' lang='lat' dir='ltr'>ut</span> <span class='ocrx_word' id='word_1_84' title='bbox 1349 1413 1409 1471; x_wconf 90' lang='lat' dir='ltr'>iam</span> 
     </span>
     <span class='ocr_line' id='line_1_11' title="bbox 268 1513 1410 1592; baseline -0.001 -19"><span class='ocrx_word' id='word_1_85' title='bbox 268 1515 370 1575; x_wconf 88' lang='lat' dir='ltr'>verbis</span> <span class='ocrx_word' id='word_1_86' title='bbox 391 1515 488 1592; x_wconf 87' lang='lat' dir='ltr'>inepti</span> <span class='ocrx_word' id='word_1_87' title='bbox 511 1513 642 1573; x_wconf 89' lang='lat' dir='ltr'>hominis</span> <span class='ocrx_word' id='word_1_88' title='bbox 659 1523 742 1588; x_wconf 88' lang='lat' dir='ltr'>utar,</span> <span class='ocrx_word' id='word_1_89' title='bbox 760 1519 872 1587; x_wconf 80' lang='lat' dir='ltr'>placuit</span> <span class='ocrx_word' id='word_1_90' title='bbox 893 1518 921 1571; x_wconf 85' lang='lat' dir='ltr'>ei</span> <span class='ocrx_word' id='word_1_91' title='bbox 932 1515 1051 1589; x_wconf 75' lang='lat' dir='ltr'>facetia.</span> <span class='ocrx_word' id='word_1_92' title='bbox 1083 1518 1131 1573; x_wconf 85' lang='lat' dir='ltr'>‘at</span> <span class='ocrx_word' id='word_1_93' title='bbox 1149 1516 1297 1588; x_wconf 79' lang='lat' dir='ltr'>deinceps‘</span> <span class='ocrx_word' id='word_1_94' title='bbox 1318 1517 1410 1589; x_wconf 76' lang='lat' dir='ltr'>iuquit</span> 
     </span>
     <span class='ocr_line' id='line_1_12' title="bbox 269 1616 1410 1691; baseline -0.002 -17"><span class='ocrx_word' id='word_1_95' title='bbox 269 1619 378 1675; x_wconf 83' lang='lat' dir='ltr'>Ceasar</span> <span class='ocrx_word' id='word_1_96' title='bbox 401 1618 473 1673; x_wconf 86' lang='lat' dir='ltr'>‘nou</span> <span class='ocrx_word' id='word_1_97' title='bbox 495 1635 513 1671; x_wconf 89' lang='lat' dir='ltr'>o</span> <span class='ocrx_word' id='word_1_98' title='bbox 538 1620 648 1687; x_wconf 82' lang='lat' dir='ltr'>pistore</span> <span class='ocrx_word' id='word_1_99' title='bbox 669 1620 721 1675; x_wconf 79' lang='lat' dir='ltr'>aad</span> <span class='ocrx_word' id='word_1_100' title='bbox 745 1635 763 1672; x_wconf 88' lang='lat' dir='ltr'>a</span> <span class='ocrx_word' id='word_1_101' title='bbox 785 1634 852 1689; x_wconf 77' lang='lat' dir='ltr'>rape</span> <span class='ocrx_word' id='word_1_102' title='bbox 868 1621 1051 1690; x_wconf 68' lang='lat' dir='ltr'>magnanimo</span> <span class='ocrx_word' id='word_1_103' title='bbox 1069 1620 1146 1674; x_wconf 84' lang='lat' dir='ltr'>dono</span> <span class='ocrx_word' id='word_1_104' title='bbox 1159 1616 1254 1691; x_wconf 69' lang='lat' dir='ltr'>feraa‘</span> <span class='ocrx_word' id='word_1_105' title='bbox 1274 1619 1410 1688; x_wconf 74' lang='lat' dir='ltr'>illumque</span> 
     </span>
     <span class='ocr_line' id='line_1_13' title="bbox 264 1718 878 1793; baseline 0 -18"><span class='ocrx_word' id='word_1_106' title='bbox 264 1722 386 1792; x_wconf 80' lang='lat' dir='ltr'>plurimi</span> <span class='ocrx_word' id='word_1_107' title='bbox 400 1718 471 1793; x_wconf 75' lang='lat' dir='ltr'>fecit</span> <span class='ocrx_word' id='word_1_108' title='bbox 486 1726 514 1774; x_wconf 83' lang='lat' dir='ltr'>et</span> <span class='ocrx_word' id='word_1_109' title='bbox 530 1719 652 1775; x_wconf 82' lang='lat' dir='ltr'>Pollioni</span> <span class='ocrx_word' id='word_1_110' title='bbox 664 1721 878 1776; x_wconf 81' lang='lat' dir='ltr'>commendauit.</span> 
     </span>
    </p>

    <p class='ocr_par' dir='ltr' id='par_1_5' title="bbox 265 1816 1409 2916">
     <span class='ocr_line' id='line_1_14' title="bbox 353 1816 1408 1897; baseline -0.002 -20"><span class='ocrx_word' id='word_1_111' title='bbox 353 1816 471 1877; x_wconf 85' lang='lat' dir='ltr'>Eadem</span> <span class='ocrx_word' id='word_1_112' title='bbox 496 1818 575 1877; x_wconf 86' lang='lat' dir='ltr'>ratio</span> <span class='ocrx_word' id='word_1_113' title='bbox 596 1819 780 1897; x_wconf 78' lang='lat' dir='ltr'>conspicitur</span> <span class='ocrx_word' id='word_1_114' title='bbox 805 1820 835 1878; x_wconf 92' lang='lat' dir='ltr'>iu</span> <span class='ocrx_word' id='word_1_115' title='bbox 867 1838 904 1878; x_wconf 83' lang='lat' dir='ltr'>ea</span> <span class='ocrx_word' id='word_1_116' title='bbox 929 1818 1223 1879; x_wconf 84' lang='lat' dir='ltr'>narratiuucrrlarum</span> <span class='ocrx_word' id='word_1_117' title='bbox 1249 1818 1408 1889; x_wconf 87' lang='lat' dir='ltr'>varietate,</span> 
     </span>
     <span class='ocr_line' id='line_1_15' title="bbox 268 1908 1408 2002; baseline -0.003 -22"><span class='ocrx_word' id='word_1_118' title='bbox 268 1921 391 2002; x_wconf 82' lang='lat' dir='ltr'>quaein</span> <span class='ocrx_word' id='word_1_119' title='bbox 407 1908 498 1980; x_wconf 82' lang='lat' dir='ltr'>linem</span> <span class='ocrx_word' id='word_1_120' title='bbox 514 1922 596 1979; x_wconf 83' lang='lat' dir='ltr'>vitae</span> <span class='ocrx_word' id='word_1_121' title='bbox 612 1921 750 1979; x_wconf 87' lang='lat' dir='ltr'>coniecta</span> <span class='ocrx_word' id='word_1_122' title='bbox 766 1929 822 1980; x_wconf 88' lang='lat' dir='ltr'>est.</span> <span class='ocrx_word' id='word_1_123' title='bbox 852 1921 1002 2000; x_wconf 88' lang='lat' dir='ltr'>incipiunt</span> <span class='ocrx_word' id='word_1_124' title='bbox 1016 1940 1035 1979; x_wconf 93' lang='lat' dir='ltr'>a</span> <span class='ocrx_word' id='word_1_125' title='bbox 1050 1920 1160 1981; x_wconf 76' lang='lat' dir='ltr'>fraude</span> <span class='ocrx_word' id='word_1_126' title='bbox 1176 1921 1251 1980; x_wconf 90' lang='lat' dir='ltr'>satis</span> <span class='ocrx_word' id='word_1_127' title='bbox 1262 1938 1408 1979; x_wconf 87' lang='lat' dir='ltr'>memora·</span> 
     </span>
     <span class='ocr_line' id='line_1_16' title="bbox 267 2021 1409 2101; baseline -0.003 -19"><span class='ocrx_word' id='word_1_128' title='bbox 267 2023 332 2082; x_wconf 89' lang='lat' dir='ltr'>bili.</span> <span class='ocrx_word' id='word_1_129' title='bbox 368 2041 439 2081; x_wconf 89' lang='lat' dir='ltr'>nam</span> <span class='ocrx_word' id='word_1_130' title='bbox 460 2040 527 2079; x_wconf 90' lang='lat' dir='ltr'>cum</span> <span class='ocrx_word' id='word_1_131' title='bbox 546 2022 686 2081; x_wconf 80' lang='lat' dir='ltr'>Donatus</span> <span class='ocrx_word' id='word_1_132' title='bbox 718 2023 751 2081; x_wconf 87' lang='lat' dir='ltr'>in</span> <span class='ocrx_word' id='word_1_133' title='bbox 777 2022 837 2081; x_wconf 88' lang='lat' dir='ltr'>fine</span> <span class='ocrx_word' id='word_1_134' title='bbox 861 2022 976 2081; x_wconf 78' lang='lat' dir='ltr'>Ascani</span> <span class='ocrx_word' id='word_1_135' title='bbox 1001 2021 1131 2082; x_wconf 89' lang='lat' dir='ltr'>Pediani</span> <span class='ocrx_word' id='word_1_136' title='bbox 1163 2021 1287 2094; x_wconf 85' lang='lat' dir='ltr'>librum,</span> <span class='ocrx_word' id='word_1_137' title='bbox 1319 2040 1409 2101; x_wconf 82' lang='lat' dir='ltr'>quem</span> 
     </span>
     <span class='ocr_line' id='line_1_17' title="bbox 268 2102 1407 2202; baseline -0.003 -19"><span class='ocrx_word' id='word_1_138' title='bbox 268 2134 374 2184; x_wconf 89' lang='lat' dir='ltr'>eontra</span> <span class='ocrx_word' id='word_1_139' title='bbox 388 2123 608 2182; x_wconf 89' lang='lat' dir='ltr'>obtrectatores</span> <span class='ocrx_word' id='word_1_140' title='bbox 622 2123 741 2200; x_wconf 82' lang='lat' dir='ltr'>Vergili</span> <span class='ocrx_word' id='word_1_141' title='bbox 757 2102 894 2202; x_wconf 85' lang='lat' dir='ltr'>scripsit,</span> <span class='ocrx_word' id='word_1_142' title='bbox 910 2133 1174 2183; x_wconf 83' lang='lat' dir='ltr'>commemorasset</span> <span class='ocrx_word' id='word_1_143' title='bbox 1187 2124 1314 2202; x_wconf 87' lang='lat' dir='ltr'>eiusque</span> <span class='ocrx_word' id='word_1_144' title='bbox 1329 2142 1407 2181; x_wconf 83' lang='lat' dir='ltr'>asm-</span> 
     </span>
     <span class='ocr_line' id='line_1_18' title="bbox 267 2225 1408 2302; baseline -0.004 -17"><span class='ocrx_word' id='word_1_145' title='bbox 267 2246 346 2285; x_wconf 91' lang='lat' dir='ltr'>mam</span> <span class='ocrx_word' id='word_1_146' title='bbox 366 2225 500 2284; x_wconf 85' lang='lat' dir='ltr'>breviter</span> <span class='ocrx_word' id='word_1_147' title='bbox 515 2225 758 2302; x_wconf 85' lang='lat' dir='ltr'>perstrinxisset,</span> <span class='ocrx_word' id='word_1_148' title='bbox 782 2225 840 2283; x_wconf 88' lang='lat' dir='ltr'>hac</span> <span class='ocrx_word' id='word_1_149' title='bbox 865 2225 1045 2285; x_wconf 86' lang='lat' dir='ltr'>nobilissimi</span> <span class='ocrx_word' id='word_1_150' title='bbox 1066 2226 1202 2285; x_wconf 86' lang='lat' dir='ltr'>historici</span> <span class='ocrx_word' id='word_1_151' title='bbox 1227 2225 1408 2284; x_wconf 80' lang='lat' dir='ltr'>auctoritate</span> 
     </span>
     <span class='ocr_line' id='line_1_19' title="bbox 268 2324 1408 2407; baseline -0.003 -20"><span class='ocrx_word' id='word_1_152' title='bbox 268 2336 502 2387; x_wconf 86' lang='lat' dir='ltr'>commentorum</span> <span class='ocrx_word' id='word_1_153' title='bbox 520 2326 703 2403; x_wconf 80' lang='lat' dir='ltr'>farraginem</span> <span class='ocrx_word' id='word_1_154' title='bbox 715 2327 875 2386; x_wconf 83' lang='lat' dir='ltr'>exornavit</span> <span class='ocrx_word' id='word_1_155' title='bbox 890 2327 1100 2407; x_wconf 87' lang='lat' dir='ltr'>interpolator,</span> <span class='ocrx_word' id='word_1_156' title='bbox 1117 2327 1227 2407; x_wconf 88' lang='lat' dir='ltr'>quibus</span> <span class='ocrx_word' id='word_1_157' title='bbox 1239 2324 1408 2403; x_wconf 76' lang='lat' dir='ltr'>Vergilium</span> 
     </span>
     <span class='ocr_line' id='line_1_20' title="bbox 266 2426 1408 2507; baseline -0.004 -18"><span class='ocrx_word' id='word_1_158' title='bbox 266 2439 299 2489; x_wconf 91' lang='lat' dir='ltr'>ut</span> <span class='ocrx_word' id='word_1_159' title='bbox 314 2449 459 2489; x_wconf 89' lang='lat' dir='ltr'>summum</span> <span class='ocrx_word' id='word_1_160' title='bbox 476 2428 595 2487; x_wconf 87' lang='lat' dir='ltr'>virtutis</span> <span class='ocrx_word' id='word_1_161' title='bbox 621 2436 651 2485; x_wconf 88' lang='lat' dir='ltr'>et</span> <span class='ocrx_word' id='word_1_162' title='bbox 674 2428 844 2507; x_wconf 86' lang='lat' dir='ltr'>sapientiae</span> <span class='ocrx_word' id='word_1_163' title='bbox 864 2428 1036 2507; x_wconf 84' lang='lat' dir='ltr'>exemplum</span> <span class='ocrx_word' id='word_1_164' title='bbox 1053 2428 1213 2488; x_wconf 89' lang='lat' dir='ltr'>inlustrare</span> <span class='ocrx_word' id='word_1_165' title='bbox 1230 2426 1343 2488; x_wconf 87' lang='lat' dir='ltr'>studet.</span> <span class='ocrx_word' id='word_1_166' title='bbox 1377 2427 1408 2484; x_wconf 92' lang='lat' dir='ltr'>in</span> 
     </span>
     <span class='ocr_line' id='line_1_21' title="bbox 265 2529 1407 2609; baseline -0.004 -20"><span class='ocrx_word' id='word_1_167' title='bbox 265 2531 313 2591; x_wconf 85' lang='lat' dir='ltr'>his</span> <span class='ocrx_word' id='word_1_168' title='bbox 331 2538 499 2591; x_wconf 88' lang='lat' dir='ltr'>memoratu</span> <span class='ocrx_word' id='word_1_169' title='bbox 514 2530 626 2607; x_wconf 86' lang='lat' dir='ltr'>dignae</span> <span class='ocrx_word' id='word_1_170' title='bbox 648 2538 718 2588; x_wconf 88' lang='lat' dir='ltr'>aunt</span> <span class='ocrx_word' id='word_1_171' title='bbox 733 2529 874 2603; x_wconf 88' lang='lat' dir='ltr'>fabulae,</span> <span class='ocrx_word' id='word_1_172' title='bbox 898 2550 979 2609; x_wconf 92' lang='lat' dir='ltr'>quae</span> <span class='ocrx_word' id='word_1_173' title='bbox 1000 2550 1142 2590; x_wconf 75' lang='lat' dir='ltr'>vemuum</span> <span class='ocrx_word' id='word_1_174' title='bbox 1162 2529 1283 2589; x_wconf 86' lang='lat' dir='ltr'>illorum</span> <span class='ocrx_word' id='word_1_175' title='bbox 1304 2529 1356 2609; x_wconf 92' lang='lat' dir='ltr'>qui</span> <span class='ocrx_word' id='word_1_176' title='bbox 1378 2529 1407 2586; x_wconf 88' lang='lat' dir='ltr'>iu</span> 
     </span>
     <span class='ocr_line' id='line_1_22' title="bbox 266 2630 1409 2712; baseline -0.003 -20"><span class='ocrx_word' id='word_1_177' title='bbox 266 2633 401 2712; x_wconf 88' lang='lat' dir='ltr'>antiquis</span> <span class='ocrx_word' id='word_1_178' title='bbox 419 2631 613 2709; x_wconf 54' lang='lat' dir='ltr'>antholofflae</span> <span class='ocrx_word' id='word_1_179' title='bbox 632 2630 747 2690; x_wconf 93' lang='lat' dir='ltr'>latinae</span> <span class='ocrx_word' id='word_1_180' title='bbox 765 2631 851 2691; x_wconf 89' lang='lat' dir='ltr'>libris</span> <span class='ocrx_word' id='word_1_181' title='bbox 865 2632 984 2710; x_wconf 77' lang='lat' dir='ltr'>Vergili</span> <span class='ocrx_word' id='word_1_182' title='bbox 1001 2651 1068 2692; x_wconf 88' lang='lat' dir='ltr'>esse</span> <span class='ocrx_word' id='word_1_183' title='bbox 1089 2631 1231 2691; x_wconf 85' lang='lat' dir='ltr'>dicuutur</span> <span class='ocrx_word' id='word_1_184' title='bbox 1252 2630 1409 2710; x_wconf 72' lang='lat' dir='ltr'>explican-</span> 
     </span>
     <span class='ocr_line' id='line_1_23' title="bbox 266 2720 1408 2813; baseline -0.002 -21"><span class='ocrx_word' id='word_1_185' title='bbox 266 2733 372 2794; x_wconf 90' lang='lat' dir='ltr'>dorum</span> <span class='ocrx_word' id='word_1_186' title='bbox 389 2752 483 2791; x_wconf 87' lang='lat' dir='ltr'>causa</span> <span class='ocrx_word' id='word_1_187' title='bbox 497 2732 588 2791; x_wconf 89' lang='lat' dir='ltr'>fictae</span> <span class='ocrx_word' id='word_1_188' title='bbox 604 2730 755 2791; x_wconf 89' lang='lat' dir='ltr'>videntur.</span> <span class='ocrx_word' id='word_1_189' title='bbox 791 2720 870 2811; x_wconf 83' lang='lat' dir='ltr'>quae</span> <span class='ocrx_word' id='word_1_190' title='bbox 889 2732 1012 2812; x_wconf 86' lang='lat' dir='ltr'>quidem</span> <span class='ocrx_word' id='word_1_191' title='bbox 1028 2750 1069 2794; x_wconf 79' lang='lat' dir='ltr'>ex</span> <span class='ocrx_word' id='word_1_192' title='bbox 1084 2734 1255 2813; x_wconf 86' lang='lat' dir='ltr'>antiquiore</span> <span class='ocrx_word' id='word_1_193' title='bbox 1272 2741 1408 2811; x_wconf 87' lang='lat' dir='ltr'>tempore</span> 
     </span>
     <span class='ocr_line' id='line_1_24' title="bbox 266 2831 1408 2916; baseline 0 -23"><span class='ocrx_word' id='word_1_194' title='bbox 266 2831 387 2893; x_wconf 78' lang='lat' dir='ltr'>scilicet</span> <span class='ocrx_word' id='word_1_195' title='bbox 409 2854 449 2894; x_wconf 81' lang='lat' dir='ltr'>ex</span> <span class='ocrx_word' id='word_1_196' title='bbox 470 2835 536 2914; x_wconf 84' lang='lat' dir='ltr'>ipso</span> <span class='ocrx_word' id='word_1_197' title='bbox 557 2831 658 2892; x_wconf 92' lang='lat' dir='ltr'>medio</span> <span class='ocrx_word' id='word_1_198' title='bbox 682 2852 760 2893; x_wconf 84' lang='lat' dir='ltr'>aevo</span> <span class='ocrx_word' id='word_1_199' title='bbox 787 2833 976 2913; x_wconf 85' lang='lat' dir='ltr'>repetendae</span> <span class='ocrx_word' id='word_1_200' title='bbox 996 2845 1082 2907; x_wconf 88' lang='lat' dir='ltr'>sunt,</span> <span class='ocrx_word' id='word_1_201' title='bbox 1112 2834 1193 2916; x_wconf 90' lang='lat' dir='ltr'>quod</span> <span class='ocrx_word' id='word_1_202' title='bbox 1214 2834 1326 2894; x_wconf 85' lang='lat' dir='ltr'>similia</span> <span class='ocrx_word' id='word_1_203' title='bbox 1349 2835 1408 2893; x_wconf 87' lang='lat' dir='ltr'>iam</span> 
     </span>
    </p>
   </div>
   <div class='ocr_carea' id='block_1_5' title="bbox 172 2933 1409 3013">
    <p class='ocr_par' dir='ltr' id='par_1_6' title="bbox 172 2933 1409 3013">
     <span class='ocr_line' id='line_1_25' title="bbox 172 2933 1409 3013; baseline 0 -19"><span class='ocrx_word' id='word_1_204' title='bbox 172 2990 173 2993; x_wconf 73' lang='grc'>,</span> <span class='ocrx_word' id='word_1_205' title='bbox 266 2935 305 2994; x_wconf 86' lang='lat' dir='ltr'>ab</span> <span class='ocrx_word' id='word_1_206' title='bbox 321 2933 502 2994; x_wconf 80' lang='lat' dir='ltr'>Alexandro</span> <span class='ocrx_word' id='word_1_207' title='bbox 518 2934 628 2995; x_wconf 87' lang='lat' dir='ltr'>abbate</span> <span class='ocrx_word' id='word_1_208' title='bbox 645 2933 781 2995; x_wconf 79' lang='lat' dir='ltr'>Celesini</span> <span class='ocrx_word' id='word_1_209' title='bbox 804 2936 980 2995; x_wconf 87' lang='lat' dir='ltr'>monasterii</span> <span class='ocrx_word' id='word_1_210' title='bbox 997 2936 1028 2994; x_wconf 89' lang='lat' dir='ltr'>in</span> <span class='ocrx_word' id='word_1_211' title='bbox 1050 2936 1127 2996; x_wconf 92' lang='lat' dir='ltr'>libro</span> <span class='ocrx_word' id='word_1_212' title='bbox 1148 2936 1187 2997; x_wconf 88' lang='lat' dir='ltr'>de</span> <span class='ocrx_word' id='word_1_213' title='bbox 1208 2935 1299 2995; x_wconf 86' lang='lat' dir='ltr'>rebus</span> <span class='ocrx_word' id='word_1_214' title='bbox 1313 2935 1409 3013; x_wconf 82' lang='lat' dir='ltr'>gestis</span> 
     </span>
    </p>
   </div>
   <div class='ocr_carea' id='block_1_6' title="bbox 263 3035 1479 4437">
    <p class='ocr_par' dir='ltr' id='par_1_7' title="bbox 263 3035 1479 4332">
     <span class='ocr_line' id='line_1_26' title="bbox 265 3035 1407 3115; baseline -0.001 -19"><span class='ocrx_word' id='word_1_215' title='bbox 265 3038 391 3115; x_wconf 87' lang='lat' dir='ltr'>Rogerii</span> <span class='ocrx_word' id='word_1_216' title='bbox 412 3036 537 3097; x_wconf 82' lang='lat' dir='ltr'>Siciliae</span> <span class='ocrx_word' id='word_1_217' title='bbox 562 3037 643 3114; x_wconf 89' lang='lat' dir='ltr'>regis</span> <span class='ocrx_word' id='word_1_218' title='bbox 662 3056 693 3115; x_wconf 86' lang='lat' dir='ltr'>p.</span> <span class='ocrx_word' id='word_1_219' title='bbox 713 3046 760 3101; x_wconf 77' lang='lat' dir='ltr'>tut</span> <span class='ocrx_word' id='word_1_220' title='bbox 783 3036 832 3099; x_wconf 90' lang='lat' dir='ltr'>ed.</span> <span class='ocrx_word' id='word_1_221' title='bbox 850 3038 952 3097; x_wconf 86' lang='lat' dir='ltr'>Burm.</span> <span class='ocrx_word' id='word_1_222' title='bbox 974 3035 1069 3115; x_wconf 87' lang='lat' dir='ltr'>(thes.</span> <span class='ocrx_word' id='word_1_223' title='bbox 1093 3036 1176 3097; x_wconf 84' lang='lat' dir='ltr'>Sicil.</span> <span class='ocrx_word' id='word_1_224' title='bbox 1200 3035 1248 3113; x_wconf 85' lang='lat' dir='ltr'>V)</span> <span class='ocrx_word' id='word_1_225' title='bbox 1270 3036 1407 3096; x_wconf 84' lang='lat' dir='ltr'>referun-</span> 
     </span>
     <span class='ocr_line' id='line_1_27' title="bbox 265 3137 1408 3216; baseline -0.002 -19"><span class='ocrx_word' id='word_1_226' title='bbox 265 3147 322 3209; x_wconf 89' lang='lat' dir='ltr'>tur,</span> <span class='ocrx_word' id='word_1_227' title='bbox 339 3157 439 3216; x_wconf 86' lang='lat' dir='ltr'>paone</span> <span class='ocrx_word' id='word_1_228' title='bbox 454 3137 562 3198; x_wconf 86' lang='lat' dir='ltr'>eadem</span> <span class='ocrx_word' id='word_1_229' title='bbox 578 3157 651 3198; x_wconf 82' lang='lat' dir='ltr'>vero</span> <span class='ocrx_word' id='word_1_230' title='bbox 666 3139 697 3197; x_wconf 89' lang='lat' dir='ltr'>in</span> <span class='ocrx_word' id='word_1_231' title='bbox 713 3139 855 3199; x_wconf 79' lang='lat' dir='ltr'>chronico</span> <span class='ocrx_word' id='word_1_232' title='bbox 872 3140 1055 3213; x_wconf 75' lang='lat' dir='ltr'>Mantuano,</span> <span class='ocrx_word' id='word_1_233' title='bbox 1079 3141 1128 3199; x_wconf 88' lang='lat' dir='ltr'>cui</span> <span class='ocrx_word' id='word_1_234' title='bbox 1149 3141 1240 3199; x_wconf 85' lang='lat' dir='ltr'>inseri</span> <span class='ocrx_word' id='word_1_235' title='bbox 1263 3147 1325 3199; x_wconf 87' lang='lat' dir='ltr'>tum</span> <span class='ocrx_word' id='word_1_236' title='bbox 1346 3146 1408 3198; x_wconf 87' lang='lat' dir='ltr'>est:</span> 
     </span>
     <span class='ocr_line' id='line_1_28' title="bbox 265 3159 1409 3315; baseline -0.001 -17"><span class='ocrx_word' id='word_1_237' title='bbox 265 3243 460 3315; x_wconf 82' lang='lat' dir='ltr'>Aliprandiua</span> <span class='ocrx_word' id='word_1_238' title='bbox 484 3244 545 3299; x_wconf 86' lang='lat' dir='ltr'>oaia</span> <span class='ocrx_word' id='word_1_239' title='bbox 565 3246 684 3299; x_wconf 80' lang='lat' dir='ltr'>cronica</span> <span class='ocrx_word' id='word_1_240' title='bbox 707 3244 783 3299; x_wconf 79' lang='lat' dir='ltr'>della</span> <span class='ocrx_word' id='word_1_241' title='bbox 805 3243 864 3299; x_wconf 83' lang='lat' dir='ltr'>ciui</span> <span class='ocrx_word' id='word_1_242' title='bbox 885 3245 917 3299; x_wconf 65' lang='grc' dir='ltr'>ἀπ’</span> <span class='ocrx_word' id='word_1_243' title='bbox 929 3243 1067 3300; x_wconf 75' lang='lat' dir='ltr'>Mentora</span> <span class='ocrx_word' id='word_1_244' title='bbox 1085 3244 1117 3301; x_wconf 78' lang='lat' dir='ltr'>a·</span> <span class='ocrx_word' id='word_1_245' title='bbox 1131 3159 1329 3300; x_wconf 67' lang='lat' dir='ltr'>ternadena</span> <span class='ocrx_word' id='word_1_246' title='bbox 1350 3243 1409 3298; x_wconf 78' lang='lat' dir='ltr'>Aa·-</span> 
     </span>
     <span class='ocr_line' id='line_1_29' title="bbox 263 3336 1479 3423; baseline 0.001 -25"><span class='ocrx_word' id='word_1_247' title='bbox 263 3346 379 3415; x_wconf 83' lang='lat' dir='ltr'>prarulo</span> <span class='ocrx_word' id='word_1_248' title='bbox 399 3346 535 3401; x_wconf 68' lang='lat' dir='ltr'>uetudine</span> <span class='ocrx_word' id='word_1_249' title='bbox 555 3343 714 3400; x_wconf 77' lang='lat' dir='ltr'>Mantuano</span> <span class='ocrx_word' id='word_1_250' title='bbox 736 3342 863 3421; x_wconf 86' lang='lat' dir='ltr'>(Murat.</span> <span class='ocrx_word' id='word_1_251' title='bbox 880 3351 943 3402; x_wconf 89' lang='lat' dir='ltr'>ant.</span> <span class='ocrx_word' id='word_1_252' title='bbox 964 3342 1034 3406; x_wconf 84' lang='lat' dir='ltr'>ltal.</span> <span class='ocrx_word' id='word_1_253' title='bbox 1050 3342 1079 3403; x_wconf 94' lang='lat' dir='ltr'>V</span> <span class='ocrx_word' id='word_1_254' title='bbox 1095 3363 1123 3423; x_wconf 92' lang='lat' dir='ltr'>p.</span> <span class='ocrx_word' id='word_1_255' title='bbox 1141 3350 1209 3406; x_wconf 76' lang='lat' dir='ltr'>tots</span> <span class='ocrx_word' id='word_1_256' title='bbox 1224 3340 1307 3423; x_wconf 80' lang='lat' dir='ltr'>sqq.)</span> <span class='ocrx_word' id='word_1_257' title='bbox 1323 3340 1377 3400; x_wconf 92' lang='lat' dir='ltr'>lib.</span> <span class='ocrx_word' id='word_1_258' title='bbox 1393 3342 1409 3399; x_wconf 92' lang='grc' dir='ltr'>Ι</span> <span class='ocrx_word' id='word_1_259' title='bbox 1470 3336 1479 3343; x_wconf 68' lang='grc'><strong><em>”</em></strong></span> 
     </span>
     <span class='ocr_line' id='line_1_30' title="bbox 266 3442 1407 3522; baseline 0.001 -21"><span class='ocrx_word' id='word_1_260' title='bbox 266 3463 333 3522; x_wconf 87' lang='lat' dir='ltr'>cap.</span> <span class='ocrx_word' id='word_1_261' title='bbox 348 3450 366 3504; x_wconf 84' lang='lat'><strong>3</strong></span> <span class='ocrx_word' id='word_1_262' title='bbox 380 3442 532 3521; x_wconf 88' lang='lat' dir='ltr'>leguntur.</span> <span class='ocrx_word' id='word_1_263' title='bbox 560 3462 683 3522; x_wconf 87' lang='lat' dir='ltr'>quorum</span> <span class='ocrx_word' id='word_1_264' title='bbox 702 3443 756 3503; x_wconf 91' lang='lat' dir='ltr'>ille</span> <span class='ocrx_word' id='word_1_265' title='bbox 770 3444 850 3503; x_wconf 76' lang='lat' dir='ltr'>vixit</span> <span class='ocrx_word' id='word_1_266' title='bbox 868 3445 949 3503; x_wconf 85' lang='lat' dir='ltr'>circa</span> <span class='ocrx_word' id='word_1_267' title='bbox 964 3464 1076 3504; x_wconf 91' lang='lat' dir='ltr'>annum</span> <span class='ocrx_word' id='word_1_268' title='bbox 1095 3455 1175 3518; x_wconf 72' lang='lat' dir='ltr'>tlte,</span> <span class='ocrx_word' id='word_1_269' title='bbox 1190 3444 1240 3503; x_wconf 90' lang='lat' dir='ltr'>hic</span> <span class='ocrx_word' id='word_1_270' title='bbox 1256 3446 1338 3505; x_wconf 84' lang='lat' dir='ltr'>circa</span> <span class='ocrx_word' id='word_1_271' title='bbox 1356 3462 1407 3502; x_wconf 88' lang='lat' dir='ltr'>an·</span> 
     </span>
     <span class='ocr_line' id='line_1_31' title="bbox 264 3543 1409 3625; baseline 0 -23"><span class='ocrx_word' id='word_1_272' title='bbox 264 3564 336 3602; x_wconf 92' lang='lat' dir='ltr'>num</span> <span class='ocrx_word' id='word_1_273' title='bbox 352 3553 430 3606; x_wconf 75' lang='lat'>1414.</span> <span class='ocrx_word' id='word_1_274' title='bbox 453 3544 590 3625; x_wconf 82' lang='lat' dir='ltr'>Bathylli</span> <span class='ocrx_word' id='word_1_275' title='bbox 606 3543 718 3605; x_wconf 89' lang='lat' dir='ltr'>deinde</span> <span class='ocrx_word' id='word_1_276' title='bbox 734 3556 842 3624; x_wconf 88' lang='lat' dir='ltr'>poetae</span> <span class='ocrx_word' id='word_1_277' title='bbox 856 3563 967 3606; x_wconf 89' lang='lat' dir='ltr'>nomeu</span> <span class='ocrx_word' id='word_1_278' title='bbox 983 3544 1103 3624; x_wconf 77' lang='lat' dir='ltr'>(Egens</span> <span class='ocrx_word' id='word_1_279' title='bbox 1118 3544 1229 3605; x_wconf 87' lang='lat' dir='ltr'>dieitur</span> <span class='ocrx_word' id='word_1_280' title='bbox 1243 3544 1326 3624; x_wconf 81' lang='lat' dir='ltr'>apud</span> <span class='ocrx_word' id='word_1_281' title='bbox 1343 3544 1409 3603; x_wconf 77' lang='lat' dir='ltr'>Ali·</span> 
     </span>
     <span class='ocr_line' id='line_1_32' title="bbox 264 3640 1408 3727; baseline 0.001 -24"><span class='ocrx_word' id='word_1_282' title='bbox 264 3642 427 3723; x_wconf 87' lang='lat' dir='ltr'>prandum)</span> <span class='ocrx_word' id='word_1_283' title='bbox 449 3645 530 3726; x_wconf 89' lang='lat' dir='ltr'>quod</span> <span class='ocrx_word' id='word_1_284' title='bbox 547 3647 728 3720; x_wconf 85' lang='lat' dir='ltr'>narrationi,</span> <span class='ocrx_word' id='word_1_285' title='bbox 752 3666 811 3727; x_wconf 91' lang='lat' dir='ltr'>quo</span> <span class='ocrx_word' id='word_1_286' title='bbox 832 3666 872 3705; x_wconf 81' lang='lat' dir='ltr'>ex</span> <span class='ocrx_word' id='word_1_287' title='bbox 896 3647 1078 3727; x_wconf 83' lang='lat' dir='ltr'>antiquitate</span> <span class='ocrx_word' id='word_1_288' title='bbox 1101 3640 1408 3727; x_wconf 65' lang='lat' dir='ltr'>receptauide&#39;retur,</span> 
     </span>
     <span class='ocr_line' id='line_1_33' title="bbox 264 3746 1408 3825; baseline 0.002 -22"><span class='ocrx_word' id='word_1_289' title='bbox 264 3746 392 3805; x_wconf 90' lang='lat' dir='ltr'>inlatum</span> <span class='ocrx_word' id='word_1_290' title='bbox 407 3754 469 3820; x_wconf 90' lang='lat' dir='ltr'>est,</span> <span class='ocrx_word' id='word_1_291' title='bbox 490 3748 652 3825; x_wconf 86' lang='lat' dir='ltr'>repetitum</span> <span class='ocrx_word' id='word_1_292' title='bbox 668 3748 791 3807; x_wconf 82' lang='lat' dir='ltr'>videtur</span> <span class='ocrx_word' id='word_1_293' title='bbox 810 3769 849 3808; x_wconf 85' lang='lat' dir='ltr'>ex</span> <span class='ocrx_word' id='word_1_294' title='bbox 865 3748 995 3810; x_wconf 86' lang='lat' dir='ltr'>obscure</span> <span class='ocrx_word' id='word_1_295' title='bbox 1009 3749 1154 3809; x_wconf 86' lang='lat' dir='ltr'>memoris</span> <span class='ocrx_word' id='word_1_296' title='bbox 1171 3748 1307 3808; x_wconf 81' lang='lat' dir='ltr'>familiae</span> <span class='ocrx_word' id='word_1_297' title='bbox 1325 3746 1408 3806; x_wconf 86' lang='lat' dir='ltr'>illius</span> 
     </span>
     <span class='ocr_line' id='line_1_34' title="bbox 264 3848 1408 3931; baseline 0.003 -26"><span class='ocrx_word' id='word_1_298' title='bbox 264 3849 420 3906; x_wconf 89' lang='lat' dir='ltr'>mimorum</span> <span class='ocrx_word' id='word_1_299' title='bbox 443 3849 628 3926; x_wconf 86' lang='lat' dir='ltr'>temporibus</span> <span class='ocrx_word' id='word_1_300' title='bbox 644 3848 811 3909; x_wconf 82' lang='lat' dir='ltr'>Caesarum</span> <span class='ocrx_word' id='word_1_301' title='bbox 826 3850 1096 3912; x_wconf 84' lang='lat' dir='ltr'>celebratissimae.</span> <span class='ocrx_word' id='word_1_302' title='bbox 1133 3853 1193 3911; x_wconf 88' lang='lat' dir='ltr'>iam</span> <span class='ocrx_word' id='word_1_303' title='bbox 1214 3869 1295 3931; x_wconf 77' lang='lat' dir='ltr'>quaa</span> <span class='ocrx_word' id='word_1_304' title='bbox 1316 3850 1408 3909; x_wconf 83' lang='lat' dir='ltr'>finem</span> 
     </span>
     <span class='ocr_line' id='line_1_35' title="bbox 264 3949 1408 4032; baseline 0.003 -26"><span class='ocrx_word' id='word_1_305' title='bbox 264 3949 340 4008; x_wconf 88' lang='lat' dir='ltr'>lacit</span> <span class='ocrx_word' id='word_1_306' title='bbox 354 3950 599 4023; x_wconf 86' lang='lat' dir='ltr'>narratiuncula,</span> <span class='ocrx_word' id='word_1_307' title='bbox 621 3971 683 4031; x_wconf 89' lang='lat' dir='ltr'>qua</span> <span class='ocrx_word' id='word_1_308' title='bbox 697 3952 855 4029; x_wconf 79' lang='lat' dir='ltr'>Augustus</span> <span class='ocrx_word' id='word_1_309' title='bbox 878 3952 915 4013; x_wconf 93' lang='lat' dir='ltr'>de</span> <span class='ocrx_word' id='word_1_310' title='bbox 931 3952 1091 4013; x_wconf 88' lang='lat' dir='ltr'>reddenda</span> <span class='ocrx_word' id='word_1_311' title='bbox 1104 3972 1138 4012; x_wconf 89' lang='lat' dir='ltr'>re</span> <span class='ocrx_word' id='word_1_312' title='bbox 1154 3951 1279 4032; x_wconf 76' lang='lat' dir='ltr'>publiea</span> <span class='ocrx_word' id='word_1_313' title='bbox 1294 3951 1408 4012; x_wconf 83' lang='lat' dir='ltr'>amieos</span> 
     </span>
     <span class='ocr_line' id='line_1_36' title="bbox 266 4048 1408 4133; baseline 0.003 -26"><span class='ocrx_word' id='word_1_314' title='bbox 266 4048 442 4110; x_wconf 87' lang='lat' dir='ltr'>consultans</span> <span class='ocrx_word' id='word_1_315' title='bbox 469 4051 637 4127; x_wconf 89' lang='lat' dir='ltr'>inducitur,</span> <span class='ocrx_word' id='word_1_316' title='bbox 670 4051 788 4131; x_wconf 89' lang='lat' dir='ltr'>pendet</span> <span class='ocrx_word' id='word_1_317' title='bbox 811 4073 917 4116; x_wconf 90' lang='lat' dir='ltr'>rursus</span> <span class='ocrx_word' id='word_1_318' title='bbox 943 4072 962 4112; x_wconf 88' lang='lat' dir='ltr'>a</span> <span class='ocrx_word' id='word_1_319' title='bbox 986 4052 1200 4115; x_wconf 89' lang='lat' dir='ltr'>recordatione</span> <span class='ocrx_word' id='word_1_320' title='bbox 1221 4052 1408 4133; x_wconf 68' lang='lat' dir='ltr'>lhsuquilli,</span> 
     </span>
     <span class='ocr_line' id='line_1_37' title="bbox 264 4150 1406 4230; baseline 0.003 -20"><span class='ocrx_word' id='word_1_321' title='bbox 264 4152 317 4230; x_wconf 88' lang='lat' dir='ltr'>qui</span> <span class='ocrx_word' id='word_1_322' title='bbox 337 4150 396 4210; x_wconf 85' lang='lat' dir='ltr'>hoc</span> <span class='ocrx_word' id='word_1_323' title='bbox 419 4153 484 4212; x_wconf 89' lang='lat' dir='ltr'>eius</span> <span class='ocrx_word' id='word_1_324' title='bbox 506 4153 665 4213; x_wconf 87' lang='lat' dir='ltr'>consilium</span> <span class='ocrx_word' id='word_1_325' title='bbox 686 4155 781 4214; x_wconf 84' lang='lat' dir='ltr'>luisse</span> <span class='ocrx_word' id='word_1_326' title='bbox 803 4174 829 4214; x_wconf 86' lang='lat' dir='ltr'>c.</span> <span class='ocrx_word' id='word_1_327' title='bbox 851 4164 886 4219; x_wconf 67' lang='lat'>98</span> <span class='ocrx_word' id='word_1_328' title='bbox 905 4154 1007 4215; x_wconf 91' lang='lat' dir='ltr'>tradit.</span> <span class='ocrx_word' id='word_1_329' title='bbox 1041 4164 1145 4216; x_wconf 75' lang='lat' dir='ltr'>caera</span> <span class='ocrx_word' id='word_1_330' title='bbox 1165 4154 1298 4215; x_wconf 84' lang='lat' dir='ltr'>adfinxit</span> <span class='ocrx_word' id='word_1_331' title='bbox 1312 4155 1406 4214; x_wconf 86' lang='lat' dir='ltr'>iuter·</span> 
     </span>
     <span class='ocr_line' id='line_1_38' title="bbox 263 4254 394 4332; baseline 0 -20"><span class='ocrx_word' id='word_1_332' title='bbox 263 4254 394 4332; x_wconf 86' lang='lat' dir='ltr'>poletor.</span> 
     </span>
    </p>

    <p class='ocr_par' dir='ltr' id='par_1_8' title="bbox 347 4353 1408 4437">
     <span class='ocr_line' id='line_1_39' title="bbox 347 4353 1408 4437; baseline 0.002 -21"><span class='ocrx_word' id='word_1_333' title='bbox 347 4354 443 4416; x_wconf 79' lang='lat' dir='ltr'>Aliud</span> <span class='ocrx_word' id='word_1_334' title='bbox 465 4353 678 4415; x_wconf 88' lang='lat' dir='ltr'>emblematum</span> <span class='ocrx_word' id='word_1_335' title='bbox 701 4376 798 4435; x_wconf 87' lang='lat' dir='ltr'>genus</span> <span class='ocrx_word' id='word_1_336' title='bbox 821 4377 859 4416; x_wconf 84' lang='lat' dir='ltr'>ex</span> <span class='ocrx_word' id='word_1_337' title='bbox 892 4358 1016 4418; x_wconf 84' lang='lat' dir='ltr'>scholiis</span> <span class='ocrx_word' id='word_1_338' title='bbox 1038 4357 1226 4437; x_wconf 80' lang='lat' dir='ltr'>Vergilianis</span> <span class='ocrx_word' id='word_1_339' title='bbox 1250 4364 1408 4436; x_wconf 81' lang='lat' dir='ltr'>receptam</span> 
     </span>
    </p>
   </div>
   <div class='ocr_carea' id='block_1_7' title="bbox 264 4443 1409 4538">
    <p class='ocr_par' dir='ltr' id='par_1_9' title="bbox 264 4443 1409 4538">
     <span class='ocr_line' id='line_1_40' title="bbox 264 4443 1409 4538; baseline 0.003 -22"><span class='ocrx_word' id='word_1_340' title='bbox 264 4464 324 4529; x_wconf 87' lang='lat' dir='ltr'>est,</span> <span class='ocrx_word' id='word_1_341' title='bbox 352 4458 384 4515; x_wconf 90' lang='lat' dir='ltr'>iu</span> <span class='ocrx_word' id='word_1_342' title='bbox 410 4443 521 4535; x_wconf 85' lang='lat' dir='ltr'>quihus</span> <span class='ocrx_word' id='word_1_343' title='bbox 547 4476 626 4538; x_wconf 84' lang='lat' dir='ltr'>quae</span> <span class='ocrx_word' id='word_1_344' title='bbox 651 4454 808 4517; x_wconf 84' lang='lat' dir='ltr'>advitam</span> <span class='ocrx_word' id='word_1_345' title='bbox 831 4468 942 4538; x_wconf 86' lang='lat' dir='ltr'>poetas</span> <span class='ocrx_word' id='word_1_346' title='bbox 963 4461 1031 4519; x_wconf 86' lang='lat' dir='ltr'>risa</span> <span class='ocrx_word' id='word_1_347' title='bbox 1053 4469 1124 4519; x_wconf 89' lang='lat' dir='ltr'>sunt</span> <span class='ocrx_word' id='word_1_348' title='bbox 1144 4461 1300 4538; x_wconf 86' lang='lat' dir='ltr'>pertinere</span> <span class='ocrx_word' id='word_1_349' title='bbox 1323 4460 1409 4519; x_wconf 78' lang='lat' dir='ltr'>ritae</span> 
     </span>
    </p>
   </div>
   <div class='ocr_carea' id='block_1_8' title="bbox 0 0 1606 4998">
    <p class='ocr_par' dir='ltr' id='par_1_10' title="bbox 0 0 1606 4998">
     <span class='ocr_line' id='line_1_41' title="bbox 0 0 1606 4998; baseline 0 1"><span class='ocrx_word' id='word_1_350' title='bbox 0 0 1606 4998; x_wconf 95' lang='lat' dir='ltr'> </span> 
     </span>
    </p>
   </div>
  </div>
 </body>
</html>
