3220 5022
248 356 308 418 342
526 365 720 408 earaaoavu
746 364 911 405 rnarroavu
936 364 1111 412 aarnuvrar

248 515 404 580 funebres
423 515 561 578 instituti
576 522 633 576 aut
647 512 712 576 diis
729 513 896 575 nationum
909 523 965 572 aut
980 510 1116 573 mortuis
1134 509 1226 573 fiunt.
1254 510 1391 596 proinde

247 615 333 681 tituli
355 614 510 701 Olympia
526 613 615 699 loni,
638 634 721 699 quac
741 622 817 675 sunt
836 612 960 675 Itomae
983 610 1184 695 Capitolina,
1209 612 1286 674 item
1308 611 1389 675 Her·

248 717 314 780 culi
330 717 453 780 Nemea
475 714 625 801 Neptuno
648 714 801 794 Isthmia,
823 713 925 777 ceteri
946 712 1116 775 mortuarii
1137 734 1270 796 agones.
1311 712 1391 798 quid

249 839 327 902 ergo
343 818 473 895 mirum,
497 817 525 879 si
545 826 578 879 et
600 825 776 903 apparatus
794 836 936 898 agonum
953 812 1138 877 idololatria
1156 822 1391 899 conspui-catur

248 919 289 982 de
310 918 437 982 coronis
467 916 613 1003 profanis
641 916 682 980 do
710 913 967 980 sacerdotalibus
996 914 1203 1001 praesidibus
1230 915 1269 978 de
1292 913 1411 980 colle-⁵

249 1019 314 1102 giis
336 1018 495 1081 ministris
519 1018 560 1081 do
579 1019 649 1104 ipso
670 1028 833 1104 postremo
855 1016 952 1080 boum
977 1015 1160 1099 sanguine?
1200 1024 1235 1079 ut
1257 1016 1297 1079 dc
1320 1019 1390 1080 loco

249 1119 418 1206 suppleam
442 1117 488 1204 [at
511 1119 641 1183 deloco
665 1117 857 1206 seminanti,
882 1117 978 1203 †pro
1000 1116 1138 1202 collegio
1155 1119 1272 1181 artium
1289 1118 1390 1180 Musi-

249 1242 359 1283 carum
384 1230 416 1282 ct
438 1219 669 1283 Minerualium
691 1229 722 1283 ot
739 1217 976 1304 Apollinarium
998 1218 1096 1280 etiam
1114 1217 1312 1281 Martialium
1333 1241 1393 1303 per

249 1320 391 1385 duellum
408 1344 467 1409 per
480 1320 593 1385 tubam
612 1322 645 1384 in
665 1320 770 1384 stadio
792 1321 913 1383 circum
933 1318 1153 1401 aestimantur,
1177 1318 1263 1406 quod
1279 1321 1391 1407 utique

249 1474 301 1524 que
321 1465 350 1509 et
367 1460 453 1524 equiti
472 1459 560 1509 oleum
580 1459 716 1524 praebuit.
751 1458 897 1522 magistros
910 1463 968 1507 toto
987 1451 1131 1506 certamini
1149 1460 1309 1524 praeposuit
1327 1476 1390 1509 eon-

248 1526 356 1575 sulares
379 1532 451 1576 sorte
476 1526 541 1575 sede
564 1532 729 1592 praetonun.
770 1526 869 1575 deindo
894 1526 922 1573 in
944 1525 1113 1574 orchestram
1132 1532 1312 1590 senatumque
1331 1527 1391 1576 des·

250 1594 344 1643 cendit
362 1600 390 1643 et
408 1595 542 1644 orationis
566 1594 674 1657 quidem
693 1594 877 1657 carminisque
895 1594 992 1642 Latini
1010 1609 1151 1656 eoronam,
1171 1594 1205 1643 de
1224 1610 1278 1659 qua
1295 1595 1391 1643 hones·

249 1661 371 1710 tissimus
389 1661 503 1725 quisque
523 1661 716 1721 eorrtenderat,
736 1662 855 1727 ipsorum
874 1676 1008 1709 corrsensu
1028 1677 1187 1710 concessam
1206 1662 1258 1710 sibi
1278 1663 1391 1727 reecpit,

250 1728 376 1778 citharae
395 1733 486 1777 autem
505 1744 522 1777 a
540 1729 677 1778 iudicibus
696 1728 730 1777 ad
749 1744 779 1777 se
798 1728 919 1777 delatam
938 1728 1065 1776 adorauit
1083 1729 1202 1792 ferrique
1222 1729 1257 1777 sd
1276 1729 1390 1793 Augusti

249 1801 370 1845 statuam
393 1796 483 1845 iussit.
518 1798 646 1859 gymnico
670 1796 741 1861 quod
763 1798 793 1844 iu
816 1796 902 1860 septis
926 1795 1028 1844 celabat
1051 1796 1125 1845 inter
1143 1796 1289 1859 buthysiae
1306 1812 1391 1861 appa·

249 1870 337 1912 ratum
357 1863 471 1912 barbam
495 1865 609 1929 primaru
633 1865 725 1928 posuit
743 1863 935 1926 conditamque
954 1863 982 1911 in
1006 1878 1117 1912 auream
1139 1864 1266 1928 pyxidem
1285 1870 1314 1913 et
1331 1881 1391 1928 pre-

248 1931 406 1980 tIosissimis
431 1933 589 1997 margaritis
612 1932 773 1981 adornatam
793 1930 931 1995 Capitolio
955 1932 1137 1980 consecrauit.
1174 1931 1208 1979 ad
1227 1932 1392 1980 athletarum

249 1998 438 2063 spectaculum
457 2001 589 2049 inuitauit
607 2004 636 2049 et
652 2000 774 2062 uirgInos
792 1998 929 2057 Vestales,
949 1997 1014 2061 quin
1027 1998 1172 2063 Olympiae
1191 2014 1296 2063 qaoque
1310 1999 1391 2047 Cere-

250 2067 288 2115 ris
306 2066 498 2116 saeerdotibus
517 2073 645 2132 spectare
665 2064 844 2117 correeditur.'
881 2065 1026 2115 Suetonius
1045 2066 1147 2115 llornit.
1167 2067 1195 2114 tl:
1215 2067 1348 2116 ‘Instituit
1365 2070 1393 2115 et

250 2133 452 2198 quinquennale
471 2140 612 2184 certarnen
631 2134 789 2199 Capitolino
807 2133 868 2183 Ioui
886 2132 1000 2196 triplex,
1020 2134 1151 2182 marsicum
1171 2139 1298 2197 equestre
1317 2150 1390 2199 gym-

250 2204 350 2263 nicum,
371 2208 399 2250 et
417 2202 559 2265 aliquanto
577 2203 694 2266 plurium
713 2217 794 2266 quant
807 2217 878 2250 nune
892 2208 935 2249 est
947 2214 1117 2250 coronarum.
1154 2202 1303 2251 certabant
1320 2202 1392 2250 errirn

251 2275 279 2318 et
296 2284 379 2334 prosa
397 2271 523 2320 oratioue
543 2270 649 2319 Graece
670 2271 826 2333 Latineque
845 2285 879 2317 ac
898 2273 1008 2333 praeter
1020 2263 1200 2318 'citharoedos
1220 2269 1391 2319 chorocitha-

250 2337 335 2386 ristae
358 2352 465 2401 quoqne
490 2344 518 2387 et
541 2337 791 2403 psiloeitheristae,
816 2337 845 2385 iu
863 2335 952 2385 stadio
970 2351 1036 2384 uero
1055 2352 1135 2385 cursu
1159 2338 1243 2385 etiarn
1262 2337 1392 2401 uirgines.

251 2404 396 2454 certamini
420 2406 562 2468 praesedit
585 2405 742 2470 crepidatus
765 2419 955 2469 purpureaque
978 2403 1095 2453 amictus
1118 2410 1183 2467 toga
1207 2404 1392 2465 (Irrtecanica,

251 2472 345 2537 capite
363 2479 477 2535 gestans
496 2489 625 2523 coronam
643 2486 755 2522 auream
773 2488 834 2521 cum
853 2470 947 2535 effigie
967 2471 1040 2520 louis
1059 2487 1093 2520 ae
1106 2472 1219 2521 lunonis
1236 2473 1391 2521 Mineruae·

251 2554 312 2602 que,
337 2539 621 2590 adsidentibnslliali
640 2540 784 2589 sacerdote
810 2545 838 2588 ct
866 2538 983 2601 collegio
1008 2538 1174 2587 Flauialium
1201 2541 1263 2603 pari
1286 2539 1392 2599 habitu,

250 2607 304 2656 nIsi
323 2607 394 2671 quod
412 2607 520 2656 illorum
540 2608 649 2657 coronis
666 2608 758 2656 inerat
780 2612 808 2655 et
831 2607 917 2670 ipatus
936 2608 1036 2668 Imago.
1073 2606 1235 2655 celebrabat
1254 2614 1282 2656 et
1300 2608 1328 2655 in
1346 2607 1393 2656 Al—

251 2676 324 2724 bano
354 2675 503 2739 quotannis
526 2674 710 2739 Quinquatria
733 2674 892 2733 Mineruae,
922 2673 964 2721 eui
991 2672 1137 2738 collegium
1162 2674 1333 2734 instituerat,
1360 2690 1393 2723 cr

251 2758 304 2806 quo
322 2748 396 2791 sorte
415 2742 491 2791 ducti
515 2743 676 2806 magisterIo
700 2742 878 2805 fungerentur
901 2741 1067 2804 ederentque
1092 2742 1206 2789 eximias
1231 2743 1393 2790 uenationes

251 2814 280 2858 et
297 2810 424 2858 scenicos
443 2809 521 2859 ludos
539 2824 675 2874 superque
693 2816 830 2858 oratorum
850 2824 883 2857 ae
902 2814 1043 2873 poctarum
1063 2808 1236 2857 certamina)
1255 2835 1287 2843 —
1306 2809 1392 2858 Isido-

251 2892 296 2926 rus
320 2877 407 2940 origg.
431 2877 523 2926 XVIII
549 2876 671 2925 17-‘202
699 2876 864 2941 ‘Gymnicus
888 2876 966 2925 ludus
991 2880 1033 2925 est
1055 2876 1214 2925 uelocitatis
1239 2892 1271 2925 uc
1294 2877 1393 2925 uirium

250 2943 348 3007 gloria.
386 2943 461 2993 cuius
479 2945 557 2994 locus
575 2945 746 3009 gymnasium
765 2944 873 3005 dieitur,
893 2944 941 2991 ubi
960 2948 1122 2992 exercentur
1144 2943 1267 2993 athletae
1288 2949 1316 2993 et
1334 2959 1392 2992 cur-

251 3026 341 3061 sorum
363 3010 500 3062 uelocitas
523 3012 724 3077 comprobatur.
765 3010 830 3060 hine
854 3009 972 3071 accidit,
990 3016 1019 3059 ut
1043 3011 1162 3060 omnium
1185 3027 1269 3076 prope
1293 3011 1393 3060 artium

252 3078 386 3128 exercitia
401 3081 546 3144 gymnasia
564 3081 700 3129 dicantur.
733 3084 816 3128 antea
829 3079 901 3127 enirn
914 3078 942 3126 in
960 3078 1029 3128 locis
1041 3083 1182 3128 certantes
1199 3079 1285 3128 cincti
1304 3082 1392 3141 crant,

250 3162 285 3196 ne
304 3146 485 3210 nudarentur;
504 3153 565 3212 post
587 3148 711 3198 relaxato
731 3146 841 3211 cingulo
859 3150 973 3210 repente
992 3152 1144 3211 prostratus
1169 3151 1196 3195 et
1220 3147 1393 3196 exarrimatus

252 3212 421 3278 estquidam
440 3230 542 3265 cursor.
579 3231 663 3279 quare
682 3231 715 3265 ex
734 3215 843 3264 castellii
862 3213 973 3263 decreto
999 3220 1065 3262 tunc
1084 3214 1187 3263 archon
1205 3214 1393 3279 Hippomenes

250 3287 281 3331 ut
303 3281 369 3331 nudi
392 3283 524 3349 deinceps
552 3299 646 3333 omnes
674 3284 893 3332 exercitarentur
918 3281 1052 3345 permisit.
1094 3286 1127 3330 et
1150 3282 1198 3330 illo
1221 3282 1393 3345 gymnasium

251 3350 367 3413 dictum,
394 3351 466 3415 quod
490 3353 603 3401 iuuenes
626 3351 692 3399 nudi
715 3354 878 3399 exercentur
901 3349 929 3397 ln
948 3364 1059 3413 campo,
1079 3349 1124 3398 ubi
1143 3348 1204 3398 sola
1222 3354 1327 3398 tantum
1346 3364 1393 3397 ue-

251 3417 337 3467 renda
355 3419 522 3482 operiuntur.
559 3434 661 3484 genera
680 3419 865 3482 gymnicorum
885 3416 1004 3480 quinque
1023 3416 1110 3465 saltus
1129 3432 1222 3466 crrrsus
1240 3417 1328 3465 iactus
1340 3415 1393 3464 uir-

251 3489 294 3534 tus
313 3491 396 3549 atquo
415 3485 540 3535 luctatio.
577 3487 647 3535 trude
672 3486 776 3545 ferunt,
806 3484 949 3547 quemdam
971 3499 1065 3547 regern
1084 3489 1125 3533 tot
1144 3484 1215 3533 filios
1233 3485 1392 3534 adolescen-

251 3561 293 3601 tes
316 3552 465 3602 habentem
490 3554 603 3603 totidem
627 3553 775 3617 generibus
798 3551 831 3600 dc
855 3567 940 3615 regno
962 3551 1075 3600 iussisse
1095 3552 1269 3602 contendero.
1306 3551 1394 3601 saltus

252 3620 341 3669 dictus
360 3621 437 3684 quasi
462 3623 558 3671 exilire
582 3622 611 3669 in
634 3620 728 3668 altum.
767 3624 809 3668 est
833 3619 905 3667 enirn
930 3619 1018 3669 saltus
1042 3620 1126 3669 altius
1152 3620 1248 3669 ‹rinIro
1272 3620 1316 3668 uel
1335 3619 1393 3668 lon·

251 3687 321 3752 gius.
356 3704 451 3738 cursus
474 3704 491 3738 a
514 3689 663 3738 uelocitate
688 3702 794 3737 crurum
818 3692 943 3736 uocatur.
980 3692 1022 3736 est
1049 3688 1121 3735 enim
1145 3703 1239 3737 cursus
1263 3687 1394 3736 eelerItas

251 3755 359 3820 pedum.
403 3757 494 3805 iactus
517 3756 606 3805 dietus
629 3772 645 3803 a
668 3754 804 3804 iaciendo.
847 3754 918 3803 unde
943 3760 971 3803 ot
993 3754 1169 3819 piscatorium
1193 3759 1251 3804 rete
1275 3754 1393 3804 luculum

251 3822 360 3871 dIcitur.
397 3824 460 3873 huIc
479 3823 532 3873 arti
550 3839 615 3873 usus
633 3831 676 3871 est
693 3827 803 3887 arrepto
822 3822 916 3886 lapido
936 3823 1029 3886 procul
1048 3822 1140 3883 ferire,
1160 3821 1256 3871 hastas
1273 3822 1392 3887 pondere

250 3890 352 3940 librato
370 3892 472 3951 iacere,
492 3891 610 3959 sagittas
629 3907 695 3940 arcu
714 3891 850 3940 emittere,
887 3891 972 3938 ulrtus
997 3896 1039 3939 est
1061 3890 1232 3939 immensitas
1249 3890 1346 3938 uirium
1365 3890 1393 3936 iu

252 3956 348 4007 labore
367 3962 395 4007 et
412 3958 532 4021 pondere
551 3959 682 4025 corporis.
719 3958 835 4009 luctatio
854 3973 871 4008 a
889 3958 1006 4007 latoruun
1025 3957 1169 4023 complexu
1186 3963 1316 4020 uocatur,
1336 3956 1392 4019 qui-

247 4163 251 4171 .
336 4119 354 4172 2
371 4111 514 4193 capitolia
528 4115 553 4169 Α
568 4107 614 4193 113
631 4113 742 4171 sthmia
759 4116 783 4171 A
799 4106 812 4194 ΙΙ
827 4121 844 4173 t
859 4113 884 4170 si
901 4120 932 4170 et
944 4115 1097 4171 Oclrlcras:
1112 4111 1139 4170 si
1153 4120 1187 4169 ut
1206 4115 1253 4169 Ab
1268 4118 1302 4167 ut
1315 4114 1364 4178 Aa
1379 4104 1391 4188 ll

254 4204 472 4274 conspurcatur
486 4201 607 4271 scrr'psi:
635 4201 839 4275 eonpurcatrl
858 4193 872 4276 ΙΙ
893 4205 907 4258 7
922 4206 953 4254 at
969 4196 1006 4254 de
1026 4197 1095 4255 loco
1114 4195 1263 4254 communi
1279 4199 1395 4252 seclusit

252 4283 310 4447 4llos.
327 4283 502 4423 Sculiyerbet
517 4281 556 4341 da
569 4282 636 4353 loco
653 4282 803 4341 communi
821 4284 872 4339 Fr.
893 4276 1055 4362 Ianiculi&
1071 4300 1126 4358 per
1142 4280 1277 4339 duellum
1297 4300 1349 4336 om.
1370 4282 1394 4336 A

287 4376 304 4429 9
319 4367 410 4425 statio
426 4370 449 4423 A
