3218 5000
432 410 665 456 ereetsnnnrs
688 411 777 456 arear
799 412 841 455 nn
864 411 992 456 canaan
1016 411 1156 455 vassum
1308 399 1367 463 271

227 568 349 615 utuntur.
384 565 488 615 Persae
508 565 594 614 tiaras
613 571 722 630 gerunt,
741 563 789 614 sed
808 580 888 629 reges
906 569 998 613 rectas
1016 568 1146 629 satrapae
1161 565 1299 615 incurnas.
1327 582 1369 616 re-

227 640 308 699 perta
326 637 419 682 autern
436 633 511 682 tiara
529 648 546 681 a
564 630 744 682 Semiramide
762 633 935 696 Assyriorum
952 633 1057 696 regina.
1095 631 1166 695 qnod
1184 648 1271 696 genus
1290 649 1369 682 arna·

227 702 314 750 menti
333 700 431 750 exinde
455 716 541 765 usque
564 698 646 750 hodie
669 716 738 764 gens
756 701 817 765 ipsa
835 700 946 750 retinet.
981 699 1165 748 Athenienses
1184 705 1275 750 autem
1295 702 1369 751 cica-

228 768 278 819 das
301 782 401 818 aureas
423 768 559 832 gerebant
581 768 681 832 partina
706 768 734 816 in
752 768 868 827 uertice,
892 766 1016 816 nonnulli
1039 767 1068 815 in
1087 767 1187 815 fronte.
1223 770 1369 817 nonenim

229 837 325 886 eadem
349 841 412 885 sunt
438 836 561 901 iusignia
584 836 703 885 omniurn
726 850 879 900 regnorum.
916 835 1061 900 gentilium
1083 840 1162 883 uates
1180 834 1270 884 insula
1288 836 1368 900 apice

227 902 300 968 pileo
311 904 371 953 siue
385 903 479 967 galero
490 903 647 952 utebantur.
671 903 762 952 infula
774 908 815 952 est
827 902 946 951 fasciola
957 901 1139 951 sacerdotalis
1149 903 1250 966 capitis
1262 903 1327 952 alba
1340 906 1369 953 in

227 971 335 1021 modum
347 971 522 1031 diadematis
534 986 551 1020 a
563 986 617 1035 qna
627 972 717 1020 uittae
731 971 766 1020 ab
779 974 895 1034 utraque
908 975 988 1035 parte
997 969 1161 1033 dependent,
1173 984 1241 1034 quae
1253 970 1368 1020 insulam

226 1039 362 1089 uineinnt.
386 1037 1016 1101 undeetuittaedictaesuntquoduinciant.
1039 1036 1129 1086 insula
1146 1037 1368 1102 autemplerum·

227 1122 279 1171 que
290 1106 393 1155 tortilis
406 1106 565 1171 plerumque
577 1105 637 1154 lats
650 1112 710 1155 erat
722 1106 756 1155 de
770 1105 833 1154 albo
847 1109 876 1154 et
886 1120 978 1155 coeco.
983 1101 1055 1153 ’.31
1077 1105 1127 1154 De
1141 1107 1309 1155 ornamentis
1322 1121 1368 1155 ca·

226 1175 293 1240 prtrs
306 1172 488 1223 femmarum
515 1172 611 1237 lsqq.:
625 1173 805 1223 ‘Ornamenta
816 1174 917 1236 eaprtrs
930 1173 1107 1222 feminarum
1121 1172 1249 1222 diadema
1260 1175 1368 1223 nimbus

227 1241 381 1307 capitulum
407 1246 435 1289 et
457 1242 547 1290 mitra.
588 1240 718 1290 diadema
736 1246 779 1290 est
796 1245 985 1289 ornamentum
1004 1239 1105 1303 capitis
1127 1247 1312 1289 matronarum
1335 1257 1369 1289 ex

228 1324 294 1358 auro
319 1315 347 1358 et
365 1309 479 1373 gemmis
498 1313 669 1371 contextum,
694 1308 795 1373 qnod
788 1324 816 1356 m
835 1324 864 1357 se
888 1309 1064 1357 circumactis
1087 1309 1308 1359 extremitatibus
1327 1324 1369 1357 re·

226 1383 268 1427 tro
287 1378 458 1441 astringitur,
479 1382 508 1426 et
531 1376 629 1425 exinde
648 1346 752 1426 dictum
771 1375 890 1437 Graece,
908 1375 979 1438 quod
996 1375 1174 1441 praeligetur.
1206 1377 1313 1426 nimbus
1326 1382 1369 1426 est

226 1444 346 1494 fasciola
359 1449 519 1494 transuersa
538 1460 571 1493 ex
590 1458 656 1492 auro
676 1449 771 1493 assuta
788 1444 817 1492 in
835 1443 931 1505 linteo,
951 1442 1023 1506 quod
1041 1443 1130 1491 estin
1148 1444 1237 1492 fronte
1251 1444 1367 1493 semina-

226 1528 293 1561 rum.
329 1511 459 1561 Plautus:
485 1512 545 1573 Quo
563 1511 654 1576 magis
679 1527 740 1560 eam
764 1510 885 1575 aspicio,
909 1514 967 1559 tam
990 1510 1078 1574 magis
1102 1510 1226 1560 nimbata
1245 1517 1324 1560 est..

227 1580 379 1645 capitulum
403 1583 447 1629 eat
469 1579 540 1644 qued
558 1579 641 1644 uulgo
660 1579 814 1644 capitulare
838 1578 941 1628 dicuat.
978 1577 1050 1627 idem
1069 1584 1098 1626 et
1114 1593 1213 1643 cappa,
1233 1580 1278 1629 uel
1297 1549 1369 1644 quod

227 1648 294 1698 daos
313 1647 416 1712 apices,
436 1652 466 1695 ut
485 1662 576 1712 eappa
593 1646 690 1696 littera
707 1646 823 1708 habeat,
843 1646 887 1695 uel
908 1644 973 1709 quia
992 1646 1094 1709 eapitis
1113 1652 1302 1696 omamentnm
1316 1652 1366 1696 est.

227 1716 309 1765 mitra
327 1722 369 1765 est
387 1714 489 1780 pileum
502 1714 652 1780 Phrygium
672 1718 756 1778 caput
772 1719 921 1779 protegens
946 1711 992 1775 (es.
1006 1712 1110 1762 Seruius
1128 1714 1195 1762 Aen.
1214 1714 1366 1776 1111216).

227 1781 276 1833 sed
299 1782 405 1849 pileum
427 1783 548 1832 uirorum
571 1787 627 1843 est,
651 1783 750 1831 mitrae
769 1786 862 1831 autem
885 1780 1057 1829 feminarum.
1093 1781 1257 1831 redimicula
1277 1788 1368 1831 autem

226 1856 291 1901 srrnt
308 1850 408 1915 quihus
424 1851 507 1901 mitra
525 1849 665 1915 alligatur.
696 1850 799 1914 pileum
812 1853 903 1913 autem
920 1853 951 1897 ut
968 1848 1153 1920 praediximus
1173 1850 1279 1913 apelle
1298 1856 1367 1899 erat.

226 1934 289 1967 nam
305 1918 387 1967 mitra
406 1933 440 1967 ex
464 1915 531 1967 lana
554 1924 605 1966 est.
645 1917 735 1965 ricula
758 1921 801 1965 est
822 1917 906 1965 mitra
928 1912 1076 1981 uirginalis
1100 1915 1221 1980 capitis.’
1247 1933 1271 1966 e
1295 1933 1321 1981 q.
1345 1931 1366 1967 a.

226 1985 268 2036 32.
292 1986 344 2035 ‘De
370 1983 535 2034 anulis.'1
559 2000 632 2049 sqq:
652 1984 770 2033 ‘Primus
788 1982 969 2033 Prometheus
987 1983 1075 2032 fertur
1098 1981 1230 2033 circulum
1249 1985 1368 2034 serreunr

226 2053 332 2103 incluse
358 2053 452 2117 lapide
482 2052 572 2117 ,digito
598 2050 820 2101 circumdedisse.
866 2065 921 2115 qua
947 2050 1146 2103 consuetudine
1173 2051 1296 2100 hemines
1323 2054 1368 2102 usi

226 2121 323 2171 anulos
346 2120 448 2169 habere
468 2125 626 2184 coeperunt.
662 2118 738 2168 anuli
757 2124 849 2167 autem
867 2134 917 2183 per
933 2119 1141 2166 diminutionem
1158 2119 1227 2167 dicti
1245 2135 1261 2167 a
1279 2120 1367 2169 eircu-

224 2187 260 2239 lis
279 2194 307 2238 et
325 2189 400 2249 anis,
432 2189 478 2251 qui
501 2194 565 2237 strat
587 2188 663 2236 circa
687 2186 802 2236 brachia
825 2192 853 2235 et
875 2187 977 2234 circum
1006 2200 1094 2234 crura.
1141 2186 1211 2234 unde
1236 2191 1264 2235 et
1286 2188 1367 2251 signa

227 2270 320 2305 eorum
342 2271 392 2319 per
414 2254 624 2304 diminutionem
646 2254 750 2319 sigilla.
849 2253 947 2302 anulos
970 2254 1085 2317 primum
1108 2253 1232 2302 homines
1256 2260 1367 2318 gestare

227 2328 378 2387 coeperunt
396 2326 493 2386 quarto
512 2338 529 2371 a
547 2321 648 2387 pollice
667 2322 765 2386 digito,
784 2320 856 2385 qaod
874 2336 906 2370 eo
919 2336 992 2371 uena
1009 2321 1144 2384 quaedam
1162 2337 1247 2385 nsque
1267 2322 1302 2371 ad
1321 2337 1368 2371 cor

226 2391 378 2455 pertingat,
399 2405 480 2453 quam
498 2390 648 2439 notandam
667 2389 870 2454 ornandamque
891 2389 984 2453 alique
1003 2389 1105 2452 insigni
1123 2394 1234 2438 ueteres
1252 2395 1366 2454 putaue-

226 2462 298 2508 runt.
339 2457 412 2522 apud
434 2458 572 2507 Romanos
601 2458 677 2506 anuli
704 2457 738 2506 de
761 2457 872 2520 publico
895 2456 1033 2506 dabantur
1056 2462 1084 2504 et
1107 2471 1161 2506 non
1184 2457 1245 2506 sine
1269 2458 1366 2506 discri-

225 2530 308 2575 mine.
338 2541 403 2574 nam
421 2526 559 2590 dignitate
577 2525 736 2591 praecipuis
754 2525 822 2573 uiris
840 2524 971 2589 gemmati
990 2523 1135 2585 dabantur,
1154 2525 1256 2574 ceteris
1274 2524 1365 2574 solidi.

226 2594 337 2643 anulum
366 2608 478 2642 aureum
504 2608 593 2657 neque
622 2607 718 2642 seruus
746 2606 835 2656 neque
858 2592 1007 2641 libertinus
1029 2592 1160 2655 gestabat
1188 2593 1216 2640 in
1240 2592 1364 2656 publica:

225 2661 274 2710 sed
297 2660 379 2710 anule
404 2675 487 2710 aureo
510 2660 593 2710 liberi
614 2661 766 2710 utebantur
782 2660 906 2709 libertini
924 2664 1056 2724 argenteo
1075 2661 1148 2708 serui
1172 2661 1275 2721 ferreo,
1298 2660 1367 2709 licet

225 2734 254 2778 et
271 2729 350 2778 multi
367 2728 554 2777 honestissimi
573 2728 656 2777 anulo
674 2730 765 2777 ferreo
783 2728 939 2776 utebantur.
971 2726 1043 2792 apud
1061 2732 1170 2776 ueteres
1192 2727 1266 2776 altra
1284 2742 1366 2777 arnum

225 2795 337 2845 anulum
365 2797 405 2844 nti
434 2795 538 2844 infame
568 2795 691 2846 habitum
718 2798 787 2845 uiro.
829 2795 971 2844 Gracchus
1000 2795 1029 2843 in
1051 2796 1204 2844 Maenium:
1233 2795 1365 2845 Conside-

225 2869 285 2913 rate
304 2863 427 2925 Quirites
445 2863 586 2912 sinistram
605 2865 674 2925 eius,
694 2879 729 2913 en
748 2864 826 2914 cuius
844 2864 1037 2913 auctoritatem
1050 2863 1207 2927 sequimini,
1228 2864 1273 2927 qui
1286 2879 1366 2928 prop·

224 2937 268 2981 ter
279 2931 422 2980 mulierum
434 2931 615 2996 cupiditatem
634 2938 664 2981 nt
682 2932 780 2981 mulier
798 2938 841 2981 est
853 2935 975 2979 ornatns.
1007 2931 1132 2992 Crassus,
1152 2932 1199 2994 qui
1212 2931 1285 2995 apud
1298 2933 1365 2980 Par·

224 3000 286 3049 thos
304 3000 403 3065 periit,
428 3000 457 3048 in
476 3004 620 3049 senectute
639 2999 706 3050 duos
723 2999 821 3049 habuit
839 2999 936 3049 anulos
959 3012 1071 3047 cansam
1095 3000 1269 3063 praeferens,
1293 2998 1365 3062 quod

224 3068 344 3132 pecunia
361 3067 388 3116 ei
411 3066 545 3117 immensa
567 3068 712 3117 creuisset.
748 3067 827 3116 multi
854 3068 938 3117 etiam
957 3066 1139 3115 Romanorum
1156 3082 1205 3130 pro
1224 3069 1365 3130 grauitate

225 3135 336 3185 anulum
354 3138 464 3200 gestare
488 3136 517 3183 in
535 3135 622 3201 digito
646 3134 846 3184 abstinuerunt.
883 3134 1005 3182 feminae
1023 3149 1076 3185 non
1094 3149 1161 3184 usae
1182 3134 1286 3196 anulis,
1310 3135 1366 3184 nisi

225 3218 291 3268 quos
309 3203 412 3268 uirgini
424 3217 540 3267 sponsus
553 3203 676 3263 miserat,
695 3218 783 3266 neque
797 3201 915 3266 amplius
928 3216 1008 3264 qaam
1020 3201 1099 3250 binos
1112 3201 1209 3250 anulos
1227 3216 1324 3253 aureos
1337 3204 1366 3251 in

215 3271 321 3335 digitis
333 3270 437 3321 habere
455 3270 639 3320 solebant.
652 3271 724 3320 inter
738 3285 841 3335 genera
852 3269 993 3319 anulorum
1004 3275 1068 3318 ιιιιιι
1081 3268 1200 3333 ungulus
1214 3269 1367 3319 samothra-

225 3339 285 3388 clus
295 3338 435 3401 thynnius.
462 3338 580 3402 ungulus
593 3344 637 3389 est
649 3344 801 3402 gemmatus
813 3343 982 3400 uocatusque
999 3336 1051 3385 hcc
1069 3338 1193 3397 nomine,
1211 3338 1276 3400 qnia
1293 3337 1367 3386 sicut

224 3404 328 3470 ungula
341 3406 428 3469 carni,
447 3407 489 3455 ita
502 3421 609 3469 gemma
622 3406 698 3455 anuli
716 3420 783 3455 auro
801 3406 966 3470 accingitur.
991 3404 1191 3453 samothracius
1207 3418 1306 3453 aureus
1324 3409 1367 3453 est

224 3474 343 3538 quidem,
356 3474 405 3523 sed
423 3473 546 3538 capitulo
563 3474 669 3535 ferreo,
689 3489 707 3523 a
723 3473 828 3523 loeoita
846 3477 970 3522 uocatus
999 3472 1130 3535 thynnius
1145 3476 1292 3536 purnsest,
1309 3472 1367 3535 pri·

224 3557 296 3590 mum
308 3539 337 3590 ln
349 3541 482 3604 Bithynra
495 3540 665 3601 fabrrcatus
685 3556 765 3605 qnam
777 3540 842 3590 olim
854 3540 999 3603 Thynnam
1016 3540 1165 3618 uocabant.
1195 3539 1364 3602 †Flaccus:

461 3608 587 3657 lucentes
605 3623 666 3657 mea
685 3611 745 3657 uita
762 3624 815 3657 nee
833 3608 1004 3673 smaragdos,

460 3675 574 3724 berillos
592 3675 659 3724 mihi
677 3675 781 3726 Flacca
799 3691 852 3726 nec
870 3676 1000 3739 nitentes,

461 3757 513 3793 nee
532 3743 702 3807 percandida
720 3746 872 3808 margarita
891 3759 1003 3807 quaero,

460 3826 513 3861 nec
531 3825 598 3874 quos
616 3810 749 3874 thynnica
766 3810 834 3861 lima
851 3810 1000 3876 perpolinit

462 3877 582 3940 auelles,
605 3892 694 3942 neque
713 3878 818 3943 iaspios
835 3877 965 3943 lapillos'

223 3944 264 3998 33.
296 3946 347 3996 ‘De
366 3943 506 4012 cingulis!
542 3944 571 3996 3.
591 3947 677 3995 Zona
695 3961 825 4009 graecum
844 3952 900 4006 est,
920 3961 1000 4010 quam
1019 3944 1062 3996 illi
1079 3938 1220 4010 ζωνιὶριοι
1237 3962 1286 3999 nos
1306 3948 1363 3999 ein-

224 4013 317 4080 gulum
339 4030 537 4079 nuncupamus
570 4013 722 4079 strophium
739 4018 782 4062 est
798 4013 937 4085 cingulum
956 4030 1068 4063 aureum
1091 4031 1152 4064 cum
1176 4018 1305 4081 gemmis,
1329 4018 1363 4067 de

224 4097 277 4146 qne
296 4082 453 4131 aitCinna
472 4081 600 4147 Strophio
620 4082 770 4131 lactanteis
789 4072 882 4130 ιίιιιιι
901 4081 1040 4146 papillas!
1059 4082 1088 4130 4:
1108 4083 1214 4134 ‘Limus
1233 4086 1363 4134 estcine

223 4154 277 4213 tus,
297 4164 376 4213 quern
395 4146 767 4215 publicihabebantserui.’
803 4147 844 4198 34.
873 4148 925 4198 ‘De
945 4148 1159 4200 calciamentis.
