3200 4992
610 409 651 449 DE
675 407 762 449 visis
787 404 1001 448 INLVSTRIBVS

445 556 600 631 carmina,
622 555 696 638 quis
719 554 812 638 ignes
837 554 987 617 nouimus
1010 552 1183 633 aetherios,

395 656 477 720 leuis
500 657 533 718 in
555 653 833 719 aridulomaluae
855 654 1021 739 descripta
1040 652 1153 717 libello

446 756 605 821 Prusiaca
625 757 704 819 nexi
723 778 860 821 munera
882 741 1043 820 nanicula.

227 850 431 923 'circumcidi
464 856 565 920 libros
598 856 730 920 Siciliae
762 858 903 943 primum
940 856 1131 920 increbruit.
1179 877 1254 918 nam
1291 854 1385 919 initio

244 959 503 1046 pumicabantur.
547 958 634 1021 unde
657 968 690 1022 et
711 957 860 1022 Catullus
879 959 940 1021 ait:
1394 967 1407 1005 ὁ

471 1060 524 1122 eui
549 1057 634 1124 dono
657 1058 801 1146 lepidum
822 1080 944 1122 nouum
963 1056 1110 1122 libellum

472 1158 566 1222 arida
587 1160 682 1225 modo
706 1161 836 1247 pumice
858 1158 1065 1245 expolitum?

245 1262 365 1325 codex*
386 1259 562 1324 multorum
590 1261 747 1325 librorum
776 1271 842 1325 est:
871 1259 956 1324 liber
982 1260 1087 1331 nnius
1118 1260 1303 1324 uoluminis.
1351 1267 1383 1323 et

246 1361 353 1425 dictus
381 1360 485 1423 codex
512 1384 571 1447 per
599 1361 843 1426 translationem
877 1384 897 1424 a
925 1360 1117 1449 caudicibus
1148 1361 1302 1425 arborum
1329 1384 1387 1425 seu

245 1464 362 1525 uitium
376 1462 484 1547 [quasi
499 1462 656 1546 caudex],
675 1462 761 1548 quod
773 1465 807 1526 in
822 1485 857 1527 sc
873 1461 1114 1526 multitudinem
1125 1461 1280 1551 librorum
1293 1465 1387 1548 qnasi
1397 1488 1421 1528 ro

246 1584 407 1626 ramorum
436 1565 611 1626 contineat.
661 1563 814 1627 uolumen
834 1564 917 1628 liber
949 1571 1013 1643 est,
1041 1584 1061 1625 a
1084 1562 1246 1626 uoluendo
1269 1561 1386 1628 dictus.

246 1662 330 1726 liber
357 1673 407 1727 est
431 1664 567 1727 interior
594 1664 706 1727 tunica
734 1665 880 1741 corticis,
909 1685 992 1749 quae
1019 1663 1109 1749 ligno
1137 1663 1301 1728 cohaeret.
1348 1664 1388 1729 de
1434 1720 1438 1726 ,

247 1785 311 1850 quo
334 1762 509 1849 Virgilius:

405 1885 467 1928 nec
488 1867 517 1929 si
539 1866 774 1929 cummoriens
796 1864 966 1930 alta'liber
985 1876 1055 1930 aret
1076 1866 1109 1929 in
1132 1864 1229 1930 ulmo.

248 1964 335 2030 unde
362 1974 395 2029 et
421 1965 505 2029 liber
537 1966 672 2048 dicitur,
704 1966 737 2030 in
764 1988 827 2052 qno
862 1965 1050 2031 scribimus:
1084 1968 1163 2052 quia
1190 1976 1264 2030 ante
1292 1958 1422 2032 insumis

146 2151 148 2155 Ι
249 2062 359 2130 cartae
380 2066 434 2130 uel
452 2067 713 2132 membranorum
736 2066 776 2131 de
795 2066 888 2132 libris
905 2068 1058 2132 arborum
1074 2066 1243 2132 uolumina
1256 2066 1388 2150 fiebant,

247 2166 282 2231 id
305 2176 355 2231 cst
372 2169 697 2253 compaginabantur.
733 2167 820 2231 unde
838 2178 870 2232 et
890 2171 1065 2254 scriptores
1086 2189 1107 2232 a
1125 2167 1219 2233 libris
1237 2168 1389 2232 arborum
1485 2195 1490 2203 ·

248 2266 400 2333 librarios
421 2279 631 2334 uocauerunt.
657 2268 809 2333 librarios
821 2278 897 2331 ante
917 2268 1114 2356 bibliopolae
1133 2269 1247 2333 dictos.
1272 2268 1391 2332 librum

249 2370 336 2433 enim
354 2370 474 2435 Graeci
492 2373 628 2453 βιβλίον
644 2379 774 2436 nocant.
795 2369 924 2434 librarii
941 2381 1050 2434 autem
1065 2370 1152 2435 idem
1168 2376 1200 2435 et
1214 2370 1391 2456 antiquarii

247 2479 416 2535 uocantur.
441 2472 498 2536 sed
513 2471 639 2536 librarii
650 2471 793 2557 aunt‘qui
805 2490 891 2535 noua
903 2470 1050 2535 scribunt
1065 2480 1097 2537 et
1107 2479 1229 2551 uetera,
1243 2471 1389 2557 antiqua·
1400 2490 1426 2533 ao

247 2571 288 2635 rii
306 2573 363 2656 qui
375 2580 499 2636 tantum
515 2572 611 2637 modo
626 2582 753 2655 uetera,
766 2571 854 2636 unde
869 2582 902 2635 et
915 2594 1033 2637 nomen
1045 2581 1262 2660 sumpserunt.
1280 2594 1300 2635 s
1315 2573 1391 2635 scri·
1435 2585 1441 2597 ·

207 2720 211 2726 .
248 2671 357 2737 bendo
382 2682 491 2736 autem
520 2672 630 2737 scriba
653 2694 771 2737 nomen
799 2674 926 2759 accepit
952 2672 1096 2737 officium
1122 2674 1308 2757 exprimens
1337 2693 1391 2737 no·

249 2859 534 2910 ...uocauerunt'
567 2860 611 2909 14:
632 2860 682 2910 ‘De
696 2859 818 2911 librariis
831 2868 860 2911 et
878 2876 970 2911 eorum
986 2862 1185 2911 instrumentis.
1210 2860 1392 2910 Librarios

180 2950 183 2957 ·
250 2930 285 2980 ..·.
301 2929 391 2990 auis,
415 2929 493 2978 euius
517 2942 634 2977 acumen
657 2928 686 2977 in
708 2928 761 2978 dno
780 2929 926 2989 diuiditur,
952 2931 981 2978 in
998 2934 1057 2979 toto
1076 2944 1189 2993 corpore
1207 2928 1316 2977 unitate
1334 2942 1391 2977 ser-

250 3000 332 3056 uata,
363 2995 446 3045 credo
470 3000 581 3060 propter
604 2997 777 3058 mysterium,
806 3001 838 3045 ut
860 2997 888 3045 in
913 2996 1018 3046 duobus
1042 2997 1167 3060 apicibus
1190 3000 1271 3045 uatus
1294 2999 1322 3044 et
1345 3011 1391 3043 no·

249 3077 313 3111 uum
331 3067 526 3113 testamentum
538 3065 703 3131 signaretur²
723 3064 821 3128 quibus
840 3065 1000 3128 exprimitur
1017 3063 1095 3113 uerbi
1113 3068 1315 3113 sacramentum
1328 3078 1391 3111 san-

249 3130 630 3193 guinepaesioniseffusmn.
667 3130 783 3181 dictus
811 3131 1092 3181 antemealamus
1115 3154 1161 3181 ..·.
1184 3127 1316 3180 tomus’
1353 3130 1389 3178 cf.

250 3198 435 3261 Hieronymus
454 3215 497 3264 ep.
515 3199 582 3249 VIII
601 3198 636 3248 ad
654 3199 768 3249 Niceern
787 3203 851 3248 tom.
873 3199 885 3248 1
903 3216 930 3264 p.
950 3198 981 3247 21
1001 3199 1074 3248 Vall.

293 3428 295 3431 -
337 3395 351 3446 l
376 3387 443 3464 quis
471 3389 524 3449 Gu.
555 3393 579 3445 1.
608 3392 628 3443 4
655 3405 714 3464 que
738 3388 851 3445 Monac.
870 3380 899 3466 Ἠ
927 3387 1029 3462 signes
1059 3387 1172 3444 Monac.
1205 3387 1308 3461 signas
1338 3386 1392 3442 Gu.
1441 3452 1443 3456 ,

254 3476 271 3527 2
294 3470 389 3547 signis
413 3472 467 3528 Gu.
494 3474 569 3529 3al.
599 3468 613 3551 Η
641 3470 792 3528 aetherios
829 3474 980 3527 Weiclicrt.
1003 3479 1081 3543 poet.
1111 3474 1160 3528 lat.
1190 3474 1242 3528 rel.
1265 3490 1295 3544 p.
1326 3474 1393 3526 197.-

250 3556 352 3613 aerios
375 3555 489 3614 Monac.
514 3558 567 3614 Gn.
597 3564 622 3614 2.
647 3562 675 3613 3.
702 3561 722 3612 4
745 3574 852 3614 aereos
875 3558 927 3613 Gn.
953 3561 967 3612 l
990 3557 1033 3627 (ut
1057 3558 1188 3629 videtur).
1214 3549 1227 3641 Η
1253 3552 1394 3615 nardulo

252 3642 304 3696 Gn.
324 3645 339 3696 1
358 3632 373 3719 Η
395 3638 557 3717 disseripta
574 3644 627 3699 Gn.
646 3646 664 3697 2
686 3634 699 3720 Η
720 3649 737 3702 3
754 3640 892 3717 pruriara
909 3644 961 3698 Ga.
983 3640 1213 3718 2pruxiacaal.
1235 3634 1249 3718 Η
1270 3638 1396 3699 cincre:

250 3723 317 3802 pnit
337 3727 374 3781 cl.
389 3716 403 3803 Η
419 3722 602 3803 tCatullus]
619 3726 714 3783 Germ.
729 3725 749 3781 I
762 3730 776 3780 1
790 3742 832 3797 sq.
849 3718 862 3803 Η
882 3732 899 3786 9
920 3722 1096 3782 caudicibus
1110 3728 1265 3785 Arrenius:
1283 3720 1393 3780 codici·

250 3806 306 3865 bns
329 3808 443 3867 Monac.
472 3811 524 3867 Ga.
548 3814 566 3865 2
586 3805 599 3889 Η
623 3816 655 3870 10
681 3809 769 3887 quasi
794 3807 913 3867 caudex
936 3813 1051 3866 seclusit
1075 3810 1105 3866 0.
1129 3809 1250 3865 Iahnius
1270 3800 1285 3887 Η
1307 3826 1345 3864 ex
1361 3825 1395 3864 se

252 3895 306 3949 Gu·
324 3898 339 3949 l
357 3888 371 3973 Η
394 3903 424 3955 ll
443 3901 606 3951 contenent
620 3894 733 3951 Monac.
756 3888 768 3974 Η
792 3902 824 3955 13
843 3890 1004 3971 Virgilius]
1024 3888 1074 3951 ecl.
1095 3895 1127 3950 X
1144 3898 1182 3950 67
1202 3886 1215 3972 Η
1232 3899 1266 3951 14
1286 3891 1311 3949 si
1332 3890 1395 3949 alta

251 3975 330 4034 liber
349 3978 380 4039 h.
398 3976 419 4035 i.
434 3996 464 4035 n.
480 3981 510 4034 in
525 3996 580 4052 my.
597 3996 655 4036 nec
671 3976 715 4035 sic
731 3997 798 4036 cnm
815 3978 971 4036 moriensti
989 3980 1104 4035 Monac.
1126 3988 1184 4033 n'oc
1203 3976 1228 4033 si
1249 3995 1317 4033 cum
1331 3995 1394 4032 mo-

250 4061 332 4119 riens
352 4063 415 4120 alta
435 4061 514 4119 liber
531 4062 640 4120 haeret
653 4061 685 4119 in
703 4061 784 4137 ulmo
802 4064 855 4121 Gn.
877 4069 892 4119 1
909 4062 953 4119 sie
969 4061 1032 4119 alta
1051 4059 1128 4118 liber
1144 4060 1253 4118 haeret
1268 4058 1299 4116 in
1315 4060 1396 4117 ulmo
1416 4118 1421 4126 ,

251 4150 333 4220 culpo
346 4154 441 4206 arete
463 4149 545 4220 Vcrp.
559 4149 700 4204 Arevalus
713 4141 727 4225 Η
745 4155 778 4209 15
789 4141 873 4226 quia]
887 4144 967 4224 quod
980 4150 1032 4204 Gn.
1050 4151 1068 4201 2
1082 4139 1143 4225 {liti
1155 4142 1395 4201 membranarum

252 4231 365 4289 Monac.
385 4234 436 4288 Ga.
455 4224 498 4311 ῙΗ
516 4240 549 4293 18
566 4227 707 4288 librarios
726 4239 846 4289 constat
862 4235 943 4304 culpo
965 4225 978 4308 Η
1003 4239 1035 4292 19
1049 4226 1168 4304 βιβλίον
1183 4230 1290 4300 scripsi
1296 4252 1305 4284 .·
1329 4225 1394 4285 bib-

251 4315 324 4373 lium
345 4318 397 4373 Gn.
420 4313 561 4372 lbiblnm
576 4315 690 4372 Monac.
716 4309 720 4394 Η
736 4313 816 4373 idem
831 4319 939 4388 scripsi
943 4339 952 4371 .·
969 4300 1061 4373 id‘est
1077 4315 1190 4372 Monac.
1207 4316 1289 4386 culpo
1304 4311 1395 4370 iidem

197 4403 200 4411 '
252 4402 393 4457 Arcvolus
407 4393 421 4479 Η
437 4405 468 4456 ct
479 4417 533 4456 om.
553 4401 606 4457 Ga.
624 4404 647 4455 1.
666 4392 702 4478 2Ι
726 4407 761 4459 20
776 4407 807 4456 et
824 4418 905 4457 noua
921 4406 951 4457 et
966 4406 1072 4457 uetera
1092 4397 1229 4457 scribunt
1243 4399 1325 4472 culpo
