3218 5000
253 405 315 469 218
759 422 890 467 eearvn

252 580 361 634 autern
383 570 480 634 etiam
503 591 560 656 per
578 569 648 634 dies
671 567 782 634 stellas
803 570 836 633 in
859 569 948 635 eaelo
968 570 1083 656 probat
1104 570 1182 635 solis
1202 568 1390 656 deliquium,

253 674 345 758 quia,
375 672 506 759 quando
526 670 575 737 sol
597 672 725 737 obiecto
744 672 823 737 orbe
846 671 942 736 lunae
965 672 1065 736 fuerit
1086 672 1292 753 obscuratus,
1326 671 1390 735 ela·

251 775 339 838 riora
359 776 393 837 in
418 773 507 839 eaelo
529 784 618 838 astra
638 773 823 839 uideantur.

145 968 244 1042 lli*
337 978 436 1042 Falsa
458 986 566 1043 autern
587 988 620 1043 et
640 977 787 1063 uulgaria
810 979 920 1065 opinio
942 987 992 1042 est
1014 987 1108 1043 noete
1130 977 1242 1042 stellas
1264 978 1403 1058 eadere·

252 1102 324 1144 eum
347 1083 487 1145 sciamus
510 1103 551 1145 ex
566 1081 697 1145 aethere
714 1079 822 1166 lapsos
846 1079 1008 1166 igniculos
1029 1082 1075 1144 ire
1093 1103 1150 1167 per
1171 1078 1295 1144 eaelum
1317 1101 1411 1165 por-s

251 1185 377 1269 tariqne
405 1184 511 1247 uentis
532 1183 675 1269 uagique
704 1182 813 1246 lumen
836 1183 954 1247 sideris
980 1183 1115 1264 imitari,
1145 1181 1256 1246 stellas
1283 1191 1390 1247 autem

251 1283 425 1349 inmobiles
459 1285 608 1372 fixasque
635 1306 766 1349 manere
800 1287 836 1350 in
869 1284 971 1350 eaelo.
1013 1306 1088 1348 nam
1119 1284 1201 1349 illud
1231 1283 1318 1371 quod
1346 1286 1393 1347 ait

252 1395 363 1471 poeta:

331 1498 335 1505 '
379 1511 477 1576 saepe
499 1491 597 1553 etiarn
619 1488 730 1553 stellas
751 1496 849 1555 uento
869 1488 1067 1576 inpendente
1087 1487 1216 1554 uidebis

378 1592 572 1679 praecipites
595 1590 685 1657 eaelo
706 1589 774 1655 labi
798 1592 966 1679 noctisque
988 1613 1046 1679 per
1066 1591 1198 1656 umbras
1402 1608 1425 1648 ιο

377 1692 578 1757 flammarum
602 1692 716 1780 longas
738 1716 758 1757 a
779 1703 872 1779 tergo
894 1692 1061 1758 albescere
1081 1700 1220 1777 tractum

255 1820 316 1859 ιιι
341 1798 385 1881 [et
407 1797 427 1875 †
449 1796 582 1859 iterum:
604 1814 605 1817 ’

948 1897 1041 1985 lapsa
1064 1919 1122 1984 per
1139 1896 1240 1961 altam

379 2022 457 2064 aera
478 2001 643 2087 dispersos
665 2009 798 2064 traxere
821 1999 971 2065 cadentia
994 1999 1101 2064 sulcos

380 2103 489 2167 sidera
510 2104 568 2168 sed
589 2104 723 2167 summis
745 2102 843 2167 etiam
863 2124 947 2190 quae
966 2101 1034 2167 fixa
1054 2110 1206 2167 tenentur
1402 2123 1426 2162 a

381 2213 469 2269 astra
490 2205 585 2293 polis.
1257 2220 1260 2231 '
1412 2224 1415 2230 ’

252 2308 311 2374 sed
334 2309 367 2373 hi
386 2318 501 2395 poetae
522 2306 705 2372 uoluntario
728 2308 768 2372 ad
789 2307 973 2394 opinionem
995 2305 1088 2392 uulgi
1114 2329 1149 2370 se
1172 2304 1391 2371 contulerunt:

252 2421 395 2476 ceterum
416 2409 615 2496 philosophi,
644 2410 762 2495 quibus
783 2431 881 2475 eurae
912 2417 962 2474 est
983 2408 1094 2473 mundi
1118 2416 1274 2496 quaerere
1295 2406 1392 2471 ratio-

253 2536 343 2595 nem,
365 2511 424 2575 illa
445 2514 537 2577 aiunt
558 2534 640 2598 quae
663 2514 811 2599 superins
833 2522 1010 2577 memorata
1032 2513 1132 2594 sunt]

248 2678 431 2765 ᾙοάκλιιτος
453 2684 502 2737 καὶ
526 2703 552 2737 οι
577 2684 713 2747 Στωικοί,
738 2679 898 2764 τρέφεσθαι
917 2676 982 2743 τούς
1001 2675 1121 2763 eletione
1145 2674 1175 2734 ἐκ
1198 2683 1247 2762 rp'o
1233 2675 1394 2763 ςὲπιγείου

252 2745 489 2833 αἰιαθυμιάρεως..
520 2724 718 2831 Ἀριστοτέλης,
742 2747 784 2836 μὴ
801 2753 919 2804 δεῖσθαι
941 2746 975 2804 eci
995 2744 1117 2831 οιΙροὶνια
1135 2765 1258 2831 reomao·
1282 2768 1315 2802 ου
1339 2746 1374 2816 γὰ

253 2815 373 2901 φθαρτοὶ
392 2812 452 2873 e'tt'
469 2813 562 2873 οἷίδια.
600 2814 721 2871 Πλάτων
738 2818 787 2872 καὶ
811 2815 841 2871 οἱ
857 2821 995 2882 Στωικοί,
1013 2812 1050 2880 ὡς
1069 2808 1136 2871 ὅλον
1152 2813 1203 2869 τὸν
1220 2811 1326 2886 κόσμον
1344 2771 1394 2871 nel

253 2884 286 2941 roi
305 2881 396 2955 ἄστρα
415 2881 499 2953 ἐξ
463 2890 557 2940 avemo
575 2884 745 2953 τρέφεσθαι
782 2891 868 2940 larro
886 2892 918 2940 L.
938 2892 969 2939 L.
989 2892 1020 2939 V.
1035 2887 1080 2939 aa.
1117 2889 1174 2938 ‘Sol
1200 2888 1245 2939 uel
1264 2890 1334 2954 quod
1353 2890 1393 2939 ita

253 2959 358 3019 Sabini,
378 2959 422 3009 nel
441 2959 555 3009 solus’t
533 2964 555 3008 rt
558 2976 573 3008 a
591 2958 666 3008 lucet
684 2964 714 3008 ut
733 2974 766 3008 ex
785 2975 816 3009 en
836 2959 887 3008 deo
905 2959 964 3008 dies
982 2956 1036 3008 sit’

342 3025 708 3079 tlt*1nd0r1ndenaeaa
726 3042 813 3077 rernm
828 3028 915 3077 XXV:
937 3027 987 3075 ‘De
1006 3026 1086 3091 lapsu
1105 3025 1255 3074 stellarum
1286 3025 1394 3076 Falsa

253 3102 366 3147 autern
386 3092 607 3161 etuulgarrs
629 3112 652 3144 e.
673 3112 697 3160 q.
717 3110 788 3145 s.-
755 3096 918 3145 Servrus
936 3110 1030 3159 georg
1044 3092 1131 3145 1366:
1157 3092 1300 3157 Sequrtur
1317 3094 1393 3159 uulgr

253 3167 419 3231 opinionem.
460 3181 514 3214 non
538 3165 611 3213 eninr
635 3165 727 3213 omnia
750 3164 898 3229 prudenter
921 3179 937 3212 a
952 3167 1045 3241 poeta
1068 3162 1186 3212 dicenda
1210 3166 1280 3211 sunt.
1323 3163 1393 3227 qnod

254 3240 346 3283 nutem
363 3234 488 3283 uidemus
507 3249 521 3281 e
541 3231 620 3281 eaelo
639 3231 735 3281 stellas
754 3232 833 3297 quasi
853 3231 919 3289 labi
939 3222 1094 3293 ἀπορροιαὶ
1117 3235 1181 3279 sunt
1204 3230 1278 3297 ignis
1297 3231 1393 3280 aethe-

253 3303 302 3361 rii,
323 3304 369 3367 qui
387 3302 456 3352 fiunt
475 3317 535 3349 eum
552 3300 743 3349 uehementior
760 3305 859 3349 uentus
879 3299 981 3348 altiora
1000 3298 1210 3359 conscenderit,
1237 3305 1265 3347 et
1283 3299 1393 3348 trahere

253 3341 350 3420 exinde
381 3369 488 3434 aliquae
516 3367 669 3434 particulas
698 3369 834 3433 eoeperit,
865 3383 935 3432 quae
964 3366 1096 3417 simulent
1124 3381 1218 3416 oasam
1241 3366 1392 3416 stellarum.

253 3473 456 3482 ——-...—-—--

337 3525 453 3605 qnod
468 3528 491 3581 A
512 3543 588 3582 corr.
608 3526 671 3585 aad
692 3542 767 3580 maa
784 3516 798 3603 ΙΙ
813 3521 887 3581 urbe
904 3517 941 3580 B¹
958 3515 972 3602 ΙΙ
988 3520 1167 3581 obscuratur
1182 3524 1236 3579 AB
1250 3515 1263 3602 ΙΙ
1278 3530 1295 3582 4
1315 3520 1395 3579 falsa

252 3619 351 3671 autem
363 3611 465 3690 opinio
477 3619 508 3667 et
522 3608 657 3686 uulgaris
669 3612 750 3681 eulpa
766 3601 779 3688 ΙΙ
795 3616 842 3665 est
831 3611 899 3666 ιιΒ
913 3602 927 3690 ΙΙ
942 3609 1025 3666 nocte
1035 3613 1060 3666 A
1073 3615 1180 3666 noctes
1191 3608 1219 3663 B
1233 3600 1247 3688 ΙΙ
1261 3617 1277 3668 5
1290 3606 1394 3665 ethere

252 3702 279 3757 Β
295 3716 367 3755 aere
386 3699 411 3754 A
432 3690 444 3776 ΙΙ
464 3703 586 3774 portare
610 3713 648 3753 ne
665 3698 689 3751 A
707 3688 721 3773 ΙΙ
743 3701 760 3754 6
780 3692 898 3751 rmrtare
915 3696 939 3750 A
960 3688 973 3773 ΙΙ
993 3692 1083 3751 stella
1103 3688 1138 3750 A¹
1161 3687 1175 3774 ΙΙ
1195 3699 1210 3752 7
1227 3690 1394 3750 immobiles
1482 3744 1486 3753 .

252 3778 317 3841 AB²
333 3776 346 3862 ΙΙ
361 3799 504 3858 pmanere
522 3776 585 3837 BA²
572 3714 645 3861 ²ll⁸
667 3780 749 3851 Verp.
770 3794 866 3852 peorp.
887 3781 906 3836 Ι
919 3785 977 3836 365
986 3796 1048 3852 sqq.
1065 3772 1078 3859 ΙΙ
1092 3776 1296 3855 {impediente
1310 3778 1393 3835 Am·

251 3867 386 3948 pellente
404 3862 446 3923 B²
468 3864 641 3944 ‘impellent
643 3883 659 3922 e
629 3865 818 3921 t.Parrlras
835 3867 923 3922 etad.
940 3865 1053 3921 Mediol.
1073 3863 1258 3920 teuasMeod.
1278 3866 1397 3921 notabili

251 3955 447 4025 aberratione,
463 3953 613 4009 dammodo
631 3953 759 4007 codicum
775 3953 934 4007 auctoritas
951 3953 1048 4023 aliqua
1061 3948 1153 4005 esset'
1171 3949 1303 4020 Heprrr'as
1324 3942 1337 4029 ΙΙ
1364 3959 1395 4009 10

251 4037 427 4119 praecipitis
438 3997 504 4095 'BA
518 4031 585 4177 ΙΙι
548 4042 654 4094 noctes
666 4028 703 4092 ΑΙ
720 4029 733 4115 ΙΙ
748 4033 882 4091 umbram
891 4035 993 4092 Medic.
1002 4035 1147 4105 Pierir‘que
1158 4034 1240 4090 Βοιιι
1254 4033 1364 4091 atMed
1379 4027 1391 4113 ΙΙ

254 4136 280 4188 ΙΙ
297 4121 446 4182 albiseere
464 4116 557 4201 ΑΒΙΙ
573 4127 687 4179 tractos
701 4115 764 4186 B¹t
752 4127 817 4178 trae
819 4126 900 4178 tates
919 4112 962 4197 ΑΙ
958 4112 971 4199 ΙΙ
989 4120 1281 4181 ratucanurpaers.
1299 4120 1325 4173 V
1336 4125 1394 4175 501

251 4229 312 4284 sqq.
333 4203 346 4290 ΙΙ
368 4218 401 4270 13
414 4208 509 4266 latam
526 4116 591 4263 ΒΑ2
612 4200 625 4283 ΙΙ
647 4216 677 4266 14
697 4224 769 4262 aere
789 4209 812 4261 A
827 4224 929 4263 nerem
944 4205 972 4261 B
992 4198 1005 4285 ΙΙ
1027 4202 1166 4280 disperso
1185 4198 1250 4260 BA
1273 4201 1393 4261 diuerso

251 4292 285 4353 A¹
303 4289 317 4374 ΙΙ
334 4293 453 4352 trahere
467 4294 518 4349 AB
534 4286 547 4371 ΙΙ
562 4292 611 4349 sol
632 4289 792 4348 considera
806 4285 844 4346 Α2
860 4284 873 4370 ΙΙ
892 4301 921 4351 15
934 4286 1000 4369 sed]
1020 4288 1046 4346 a
1064 4291 1116 4345 AB
1131 4283 1189 4368 ΙΙ
1160 4308 1261 4346 samos
1279 4284 1314 4344 A¹
1330 4282 1343 4370 ΙΙ
1362 4298 1394 4351 16

251 4379 313 4458 poli
326 4381 353 4436 B
367 4373 381 4458 ΙΙ
400 4385 428 4439 17
441 4376 512 4439 hino
524 4379 548 4433 A
560 4375 609 4434 hie
626 4379 652 4432 Β
666 4369 680 4455 ΙΙ
695 4375 874 4434 uolumtarie
890 4379 914 4432 A
927 4369 941 4457 ΙΙ
959 4384 991 4437 18
1006 4392 1098 4433 curae
1112 4378 1209 4449 vulpe:
1226 4393 1299 4433 oure
1309 4379 1362 4433 AB
1378 4369 1392 4455 ΙΙ

253 4473 285 4527 19
300 4465 343 4521 ita
360 4464 387 4519 Β
407 4457 420 4544 ΙΙ
442 4460 586 4519 adserunt
605 4464 631 4519 B
650 4457 663 4540 ΙΙ
684 4467 881 4519 memoratum
896 4468 943 4519 est
964 4464 989 4518 A
