3194 5004
231 440 236 447 ·
275 414 337 476 514
689 433 724 474 ru
739 430 837 475 strant
852 402 999 473 rnauur'n

275 602 380 664 pugna
395 583 545 665 Pydnaoa
563 581 710 658 ediderat,
728 584 835 662 paucis
853 582 955 642 verbis
970 601 989 640 a
1003 581 1091 640 Livio
1108 588 1249 655 XL1v344
1265 590 1410 641 memora-

275 692 348 761 tum,
366 683 624 766 splendidioribus
640 685 833 746 aPlutarcho
849 684 1033 763 descriptum
1046 684 1078 743 in
1093 682 1157 742 vita
1171 682 1297 743 Aemilii
1307 682 1410 743 Paulli
1469 736 1473 739 .

277 807 302 847 c.
318 796 366 861 Ὦ,
387 808 404 849 e
423 786 532 869 quibus
550 787 628 847 baec
643 786 772 865 adposui
783 787 929 866 imprimis
943 787 1004 845 huo
1014 784 1175 845 facientia:
1188 773 1327 861 πᾶσιγᾶρ
1338 771 1410 862 ἄγα-

275 878 344 961 orig
358 869 397 964 ἦν
413 878 508 960 εὐθὺς
529 883 559 960 ἕξ
573 877 665 967 ἀρχῆς
685 876 758 965 πρὸς
774 879 935 966 ἡγεμονίαν
955 884 1006 947 sul
1020 884 1171 945 πολιτείαν
1192 874 1232 957 ὥς
1252 876 1340 957 ἄλλος
1359 876 1411 944 orl-

277 987 337 1063 δεὶς
351 990 411 1051 τῶν
426 990 579 1068 συγγενῶν
593 986 773 1069 κεκραμένος
786 980 819 1049 cd
834 970 922 1064 ἦθος.
957 989 1098 1049 Eundem
1113 986 1411 1069 largimur·(quando

275 1095 390 1153 factum
405 1092 589 1172 ignoramus)
612 1094 747 1173 potuisse
763 1094 824 1152 iam
842 1101 912 1152 anta
931 1110 1043 1153 annum
1059 1100 1112 1155 594
1127 1090 1223 1151 semel
1236 1090 1288 1149 rel
1304 1091 1412 1151 iterum

276 1197 308 1255 in
321 1195 475 1274 publicum
490 1194 614 1274 prodire
631 1204 781 1255 oratorem
792 1195 845 1255 sel
861 1213 988 1254 caussae
1003 1202 1178 1274 patronum3
1194 1192 1360 1270 largiamur
1371 1193 1411 1252 si-

275 1298 379 1357 milem
396 1295 545 1357 similibus
564 1296 655 1358 rebus
671 1296 801 1375 gratiam
820 1296 896 1356 inire
913 1295 1058 1376 apopulo
1073 1296 1209 1375 potuisse
1223 1303 1315 1375 atque
1331 1292 1411 1355 ludis

274 1397 452 1459 funebribus
467 1398 527 1460 illis
542 1420 617 1480 quos
640 1400 720 1480 patri
733 1399 864 1459 Aemilio
882 1398 992 1460 Paullo
1007 1398 1090 1473 fecit,
1105 1396 1276 1457 fabularum
1291 1397 1411 1456 actione

275 1500 531 1561 Terentianarum
549 1502 709 1578 inlustres3
726 1488 1163 1577 item‘largiamuraTerentio
1179 1506 1317 1558 nontam
1332 1498 1411 1557 Lae·

274 1603 348 1663 lium
368 1611 400 1663 et
410 1602 593 1682 Scipionem,
611 1623 701 1684 quam
716 1622 809 1661 unum
821 1601 994 1682 Scipionem
1009 1602 1120 1682 respici
1132 1582 1163 1661 in
1175 1600 1302 1681 prologo
1317 1598 1411 1659 Adel-

227 1761 234 1773 ,
273 1705 371 1785 phon:
387 1724 494 1764 rerum
505 1705 583 1764 haec
594 1714 697 1766 tamen
709 1705 809 1765 omnia
823 1724 883 1763 non
893 1704 1031 1784 profecto
1045 1706 1118 1764 satis
1132 1704 1237 1763 valent
1253 1704 1412 1783 quominus

275 1808 365 1867 nimis
382 1808 544 1885 magnifice
558 1808 612 1867 illa
632 1806 790 1867 dictasint
811 1809 947 1887 ‘quornm
965 1826 1058 1887 opera
1071 1807 1103 1866 in
1120 1804 1222 1877 bello,
1237 1805 1270 1863 in
1284 1805 1361 1876 otio,
1380 1804 1413 1863 in

274 1910 399 1988 negotio
417 1929 484 1969 suo
506 1908 668 1991 quisque
685 1917 863 1989 ¹tempore
883 1928 957 1968 usus
974 1912 1046 1981 est’,
1067 1926 1146 1988 quae
1167 1914 1199 1967 et
1220 1906 1260 1966 ad
1275 1905 1411 1966 multitu·

275 2011 376 2072 dinem
395 2030 541 2070 annorum
558 2019 591 2070 et
610 2010 649 2070 ad
670 2011 900 2089 magistratuum
919 2012 1060 2071 virtutem
1082 2016 1223 2089 spectant
1241 2008 1410 2068 manifesto.

273 2114 363 2174 Haec
377 2113 468 2191 igitur
487 2132 555 2172 cum
569 2114 690 2193 scripsit
704 2114 883 2187 Terentius,
906 2132 967 2172 non
980 2112 1078 2192 potuit
1092 2112 1153 2171 uisi
1177 2110 1216 2171 de
1231 2108 1344 2170 talibus
1358 2129 1411 2189 po·

274 2216 424 2275 tissimum
439 2217 589 2294 cogitare,
611 2215 720 2275 saltem
736 2224 859 2295 praeter
873 2215 1014 2275 Laelium
1030 2212 1281 2293 Scipionemque,
1304 2212 1412 2292 quales

275 2318 407 2397 exempli
431 2337 542 2378 caussa
563 2315 675 2377 Santra
701 2317 874 2397 designavit
894 2316 1075 2395 Sulpicium,
1096 2315 1287 2387 Labeonem,
1308 2313 1412 2392 Popil-

273 2414 401 2497 liu'm*):
433 2428 465 2479 et
484 2425 602 2479 tanturn
624 2424 792 2479 ‘maxime
812 2438 875 2478 cunr
893 2421 1022 2493 Scipione
1038 2420 1175 2493 Africano
1195 2426 1220 2476 et
1241 2418 1272 2475 C.
1293 2402 1412 2488 Lueib',

275 2520 330 2581 aed
350 2520 480 2582 eundem
503 2529 577 2581 ‘cum
598 2525 716 2580 maltis
736 2524 870 2580 notibus
881 2523 1062 2597 famuliarier
1075 2517 1195 2579 uixisse'
1217 2520 1283 2598 ipsa
1302 2517 1412 2578 Sueto·

274 2625 343 2683 nius
363 2623 439 2683 dixit
460 2644 490 2703 p.
508 2630 558 2697 Ti,
574 2632 601 2684 2.
640 2624 683 2683 Vt
704 2623 735 2683 in
756 2623 814 2682 hoc
832 2624 988 2683 meliorem
1010 2642 1044 2682 se
1059 2621 1198 2682 Terentii
1216 2621 1412 2699 interpretem

275 2725 388 2787 Santra
407 2744 498 2807 qnam
519 2725 569 2784 vel
590 2722 754 2784 Suetonius
778 2725 830 2784 vel
856 2726 937 2785 huno
961 2734 1082 2785 secutus
1104 2725 1244 2784 Donatus
1266 2722 1411 2800 gesserit:

276 2846 402 2908 quorum
417 2826 468 2886 hio
484 2831 522 2909 ‘iu
540 2827 617 2885 bello’
634 2825 730 2887 verba
744 2835 885 2906 spectare
900 2827 939 2887 ad
956 2827 1144 2908 Scipionem,
1161 2829 1198 2882 ‘iu
1213 2812 1279 2883 otio'
1296 2822 1337 2883 ad
1349 2824 1411 2883 Fu·

273 2930 352 2989 rium
371 2926 511 3002 Philum,
539 2933 581 2986 ‘in
606 2928 724 3004 mpotso’
747 2927 790 3001 ad,
810 2929 950 2989 Laelium
970 2929 1146 3008 Sapientem
1170 2935 1327 3005 argutatus
1354 2935 1410 2987 ost.

275 3030 467 3112 Quamquam
487 3049 551 3089 rem
568 3030 666 3110 ipsam
687 3050 748 3091 non
769 3029 959 3093 intercedam
980 3029 1089 3112 siquis
1105 3030 1199 3090 menti
1215 3048 1289 3089 suae
1309 3030 1353 3087 sic
1366 3029 1412 3088 in·

275 3132 399 3207 formet,
414 3140 449 3191 ut
465 3136 536 3191 ‘uon
556 3131 686 3192 obscura
702 3133 793 3193 fama'
816 3133 876 3194 ista
890 3153 1000 3194 revera
1013 3131 1053 3191 ad
1067 3131 1207 3192 Laelium
1220 3130 1412 3211 Scipionem·

275 3254 335 3314 que
356 3233 546 3314 potissimum
568 3243 725 3314 spectasse
748 3254 806 3295 nec
827 3244 860 3294 ut
883 3234 1003 3296 videtur
1025 3235 1090 3294 sine
1110 3235 1228 3294 ratione
1256 3241 1413 3312 spectasse

274 3345 412 3417 putetur,
432 3334 471 3395 ab
490 3336 537 3396 his
551 3346 668 3413 autem,
687 3337 881 3398 dissimulans
896 3336 988 3397 animi
1002 3336 1199 3409 sententiam,
1214 3335 1413 3416 suspitionem

273 3439 439 3499 Terentius
460 3439 598 3499 consulto
620 3438 660 3499 ad
682 3440 759 3500 alios
780 3439 945 3500 deflectere
969 3438 1125 3513 credatur,
1146 3438 1224 3498 tales
1244 3436 1368 3517 quidem
1394 3455 1415 3496 a

275 3560 402 3622 quorum
416 3542 598 3601 auctoritate
620 3551 651 3602 et
664 3544 764 3619 gratia
782 3541 906 3623 publica
921 3543 1086 3622 promptior
1108 3541 1168 3621 ipsi
1183 3541 1274 3600 venia
1294 3548 1326 3599 et
1345 3558 1412 3617 gra·

274 3642 318 3703 tia
340 3652 524 3723 suppeteret.
557 3644 600 3703 Et
615 3644 746 3704 fortasse
765 3644 809 3703 ita
823 3645 958 3704 sentiens
974 3644 1137 3705 Suetonius
1155 3640 1358 3722 supersedere
1376 3661 1411 3701 se

275 3765 365 3826 posse
380 3743 535 3807 refutandi
550 3745 681 3806 Santrae
696 3765 790 3825 opera
803 3747 933 3825 putavit
947 3777 991 3791 -
1003 3747 1122 3806 Rursus
1140 3754 1242 3805 autem
1256 3745 1334 3804 haec
1349 3764 1411 3804 orn·

274 3849 326 3907 nia
346 3846 419 3928 quid
443 3845 565 3907 tandem
586 3847 626 3906 ad
647 3856 778 3908 aetatem
798 3847 937 3908 Terentii
960 3847 1184 3909 definiendam?
1224 3846 1323 3926 Quem
1345 3864 1413 3906 cum

274 3958 349 4010 natu
368 3948 512 4009 maiorem
534 3968 626 4029 quarn
639 3949 778 4009 Laelium
800 3960 831 4011 et
846 3948 1021 4031 Scipionem
1042 3950 1138 4011 fnisse
1161 3968 1241 4010 unus
1260 3969 1299 4010 ex
1319 3948 1413 4009 omni·

342 4132 367 4199 ²)
384 4126 638 4202 Exclusum'igitnr
656 4137 740 4187 etiam
753 4136 785 4187 L.
797 4136 908 4200 Furium
921 4136 1029 4187 Philum
1048 4152 1108 4191 csse
1128 4126 1254 4202 apparet,
1273 4150 1345 4186 auno
1364 4134 1410 4185 de·

275 4233 348 4270 mum
364 4218 415 4269 618
433 4235 499 4283 cos,
519 4222 598 4285 quani
617 4236 677 4271 cum
695 4221 819 4287 Scipioni
836 4221 988 4286 Laelioquc
1001 4224 1125 4272 Donatus
1144 4222 1240 4283 sociat,
1262 4237 1278 4271 a
1296 4221 1362 4271 solis
1379 4222 1411 4269 nt

276 4304 361 4355 facile
379 4303 550 4370 intellegitur
568 4304 691 4356 versibus
708 4307 852 4356 Porcianis
869 4307 1009 4371 profectus
1028 4312 1083 4367 est3
1107 4307 1173 4355 item
1197 4305 1351 4367 exclusum,
1375 4303 1409 4353 de

277 4403 328 4452 qno
347 4387 432 4438 facile
451 4389 586 4461 quispiam
604 4390 717 4455 cogitet,
737 4389 782 4455 Sp.
798 4390 956 4440 Mummium
974 4391 1087 4441 fratrem
1099 4389 1223 4452 Achaici,
1242 4390 1365 4457 legatum
1383 4404 1410 4439 a.

273 4468 335 4535 608,
354 4472 388 4534 de
406 4474 483 4523 cuius
501 4474 600 4524 studiis
618 4475 738 4540 poeticis
748 4473 905 4525 identidem
923 4480 996 4526 teste
1014 4475 1148 4526 Cicerone
1167 4480 1285 4526 constat.
