3218 5000
438 450 672 496 avaeaaunura
693 450 783 495 nram
806 452 849 493 nn
871 451 959 494 anso
982 450 1186 493 aossnoavu
1321 430 1382 492 179

238 601 310 651 ludis
328 599 518 652 saecularibus
535 601 650 652 saecula
667 619 698 665 s,
720 601 781 652 sola
804 601 922 651 nominis
946 601 1053 665 origine
1070 600 1211 664 inductus,
1230 601 1304 651 aciat
1321 616 1381 651 sae·

239 670 348 719 celares
371 668 428 718 'dici
450 669 572 734 potuisse
597 670 669 733 qnod
691 669 850 735 plerumque
874 668 959 719 semel
981 668 1051 718 fiant
1076 668 1194 720 bominis
1219 675 1327 729 aetate,
1351 672 1382 719 ut

239 737 324 787 multa
344 736 400 785 alia
419 752 489 800 quae
508 752 572 785 rara
589 742 652 786 sunt
669 743 731 802 poet
749 737 890 787 saeculum
908 737 1018 787 euenire
1032 737 1200 801 loquentium
1214 736 1381 786 cousuetudo

239 810 361 869 usurpat.
397 804 451 853 Sed
470 804 557 853 nostri
576 805 694 854 maiores
712 806 783 869 quod
800 804 926 854 naturale
945 804 1085 853 saeculum
1099 810 1231 869 quantum
1249 808 1324 853 esset
1336 820 1381 852 ex-

238 873 374 937 ploratum
391 886 447 920 nea
464 871 614 931 habebant,
635 872 717 922 ciuile
736 873 772 923 ad
790 878 893 923 certum
908 871 1044 921 modulum
1058 887 1189 921 annerum
1202 878 1311 921 centum
1324 876 1382 921 sta-

238 944 357 989 tuerunt.
393 938 473 988 testis
491 944 534 987 est
551 940 626 1000 Piso,
645 939 673 988 in
687 940 764 990 cuius
777 940 872 989 annali
885 940 1002 1005 septImo
1014 941 1146 1005 scriptum
1159 945 1202 989 est
1220 941 1275 989 sic:
1296 940 1382 988 Roma

238 1008 350 1056 condita
368 1021 441 1055 anno
458 1006 508 1055 DC
527 1008 671 1071 septimum
690 1009 795 1072 accipit
813 1007 954 1057 saeculum
972 1008 1015 1056 his
1027 1007 1184 1057 consulibus
1203 1008 1250 1071 qui
1267 1005 1382 1071 proximi

238 1082 302 1125 arant
320 1072 454 1134 consules,
474 1075 511 1123 bl.
535 1074 668 1124 Aemilius
686 1075 723 1124 M.
749 1076 768 1124 f.
792 1075 915 1140 Lepidus
938 1074 968 1124 (l.
993 1075 1117 1139 Popilius
1140 1076 1166 1123 11
1188 1076 1297 1124 absens.
1333 1073 1382 1122 sed

238 1147 268 1191 ιιι
286 1143 357 1191 hunc
376 1156 506 1191 annorum
524 1156 666 1193 numerum
684 1144 886 1193 constituerent
904 1143 1004 1205 nostri,
1029 1158 1084 1192 non
1107 1142 1178 1192 nihil
1197 1157 1299 1192 causae
1319 1142 1382 1203 fuit,

181 1200 199 1223 '
238 1210 354 1274 primum
373 1208 443 1273 quod
461 1208 560 1259 multos
583 1224 691 1259 auorum
714 1209 815 1261 ciuium
839 1210 874 1259 ad
897 1210 969 1260 hune
992 1216 1114 1260 aetatem
1138 1210 1288 1274 producere
1305 1209 1381 1258 uido-

240 1278 316 1338 bant,
335 1276 398 1327 dein
417 1275 488 1340 quod
505 1277 644 1337 Etruscos,
665 1290 776 1342 quorum
794 1279 883 1342 prima
905 1277 1019 1328 saecula
1042 1283 1188 1327 centenum
1207 1278 1317 1327 suerunt
1335 1292 1384 1325 an-

239 1359 346 1406 nornm,
368 1345 453 1393 etiarn
472 1343 516 1394 hic
535 1348 565 1393 ut
584 1345 611 1392 in
631 1343 693 1395 aliis
705 1345 863 1410 plerumque
878 1346 981 1395 imitari
998 1345 1152 1395 uoluerunt.
1184 1344 1221 1394 14.
1235 1350 1383 1411 praeterea

239 1411 300 1461 lieri
316 1417 407 1477 potest
426 1411 495 1476 quod
513 1412 599 1461 refert
617 1413 717 1475 Varro,
749 1414 873 1477 quodque
893 1413 1071 1463 Dioscorides
1094 1412 1250 1478 astrologus
1273 1412 1381 1472 scribit,

238 1479 425 1529 Alexandriae
449 1480 522 1528 inter
545 1495 592 1529 eos
617 1481 662 1543 qui
681 1486 801 1530 mortuos
819 1480 922 1530 sallunt
940 1487 1067 1530 constare
1085 1480 1220 1530 hominem
1239 1480 1300 1546 plns
1314 1484 1382 1529 'een-

240 1552 295 1595 tum
314 1562 400 1596 annos
418 1547 513 1595 uiuere
532 1562 585 1595 non
603 1562 696 1611 posse,
721 1546 804 1612 idque
827 1563 875 1598 cor
896 1548 1034 1598 hominum
1057 1548 1201 1598 declarare
1225 1563 1318 1598 eorum
1337 1549 1381 1611 qui

239 1615 342 1679 integri
360 1615 499 1679 perierunt
523 1615 582 1663 sine
607 1616 729 1680 eorporis
753 1615 832 1683 tah93
857 1615 919 1664 ideo
942 1615 1013 1680 quod
1030 1615 1122 1665 multis
1141 1617 1220 1666 annis
1237 1615 1382 1681 pendendo

239 1697 287 1731 cor
309 1682 396 1731 omnis
421 1682 522 1731 aetatis
544 1681 716 1732 incrementa
739 1688 767 1732 et
789 1683 991 1733 deminutiones
1014 1684 1175 1733 obsernent:
1207 1691 1234 1733 et
1261 1683 1382 1732 anniculi

239 1748 359 1814 pendere
378 1749 446 1799 diras
464 1748 623 1811 drachmas,
643 1746 710 1799 bimi
728 1757 870 1815 quattuor,
893 1757 922 1800 et
944 1751 985 1801 sic
1003 1751 1033 1800 in
1051 1766 1138 1801 annos
1156 1751 1279 1816 singulos
1297 1766 1382 1815 usquo

240 1817 276 1867 ad
294 1817 495 1882 quinquaginta
514 1817 649 1867 accedere
668 1817 763 1878 binas,
782 1818 817 1868 ab
837 1818 872 1867 iis
885 1824 994 1868 centnm
1006 1818 1144 1868 drachmis
1157 1819 1193 1868 ab
1205 1834 1290 1884 usque
1311 1834 1383 1867 anno

240 1885 485 1950 quinquagensimo
504 1884 570 1933 item
589 1884 723 1935 decedere
743 1886 772 1934 in
790 1901 951 1950 unoquoque
970 1887 1064 1948 binas;
1084 1903 1118 1936 es
1135 1888 1190 1951 quo'
1206 1888 1382 1952 perspicuum

239 1953 276 2001 sit
289 1954 460 2003 centensimo
473 1967 545 2002 anno
564 1952 653 2003 redire
672 1953 706 2001 ad
726 1954 792 2002 enni
810 1954 891 2018 primi
903 1953 1006 2019 pondus
1019 1970 1071 2004 nec
1084 1954 1191 2019 longius
1204 1955 1289 2003 uitam
1302 1970 1382 2017 posse

239 2020 398 2084 producere.
441 2016 479 2068 15.
505 2020 641 2081 Quoniam
669 2020 754 2085 igitur
783 2020 866 2070 ciuile
895 2022 1078 2071 Romanorum
1105 2021 1245 2071 saeculum
1274 2027 1383 2070 centnm

240 2089 321 2137 annis
349 2087 524 2152 transigitur,
548 2088 619 2137 seire
648 2087 715 2137 licet
736 2089 766 2137 in
794 2089 900 2139 decimo
924 2089 1035 2138 saeculo
1065 2094 1093 2139 et
1121 2089 1236 2154 primum
1260 2088 1382 2138 natalem

240 2159 315 2205 tunm
339 2156 425 2205 fuisse
447 2159 476 2204 et
499 2153 658 2204 hodiernum
682 2171 751 2205 esse.
789 2162 852 2220 quot
876 2161 968 2205 antem
996 2157 1111 2205 saecula
1129 2156 1190 2205 urbi
1213 2157 1316 2206 Romae
1336 2156 1382 2204 de·

240 2222 371 2285 beantur,
392 2222 485 2272 dicere
504 2237 592 2272 meum
610 2230 737 2272 nonest:
762 2225 810 2272 sed
834 2222 899 2287 qnid
915 2222 989 2287 apud
1008 2224 1157 2274 Varronem
1175 2222 1304 2285 legerim,
1329 2239 1383 2273 non

240 2290 351 2350 tacebo,
377 2291 423 2354 qui
446 2289 516 2339 libro
533 2291 730 2354 antiquitatum
753 2291 993 2341 duodeuicensimo
1017 2292 1058 2340 ait
1080 2291 1165 2340 fuisse
1190 2291 1311 2339 Vettium
1328 2291 1382 2340 Rc·

239 2373 301 2406 mae
325 2358 353 2407 in
377 2358 490 2421 augurio
513 2373 568 2408 non
590 2358 739 2423 ignobilem
763 2359 874 2423 ingenio
897 2372 996 2423 magno
1024 2359 1113 2407 cuiuis
1136 2359 1253 2407 doctiori
1276 2359 1305 2409 iu
1328 2358 1382 2407 dis·

240 2425 376 2489 ceptando
398 2440 506 2490 perenm
543 2441 603 2475 eum
626 2441 656 2475 se
679 2425 789 2475 audisse
815 2426 966 2485 dicentem,
990 2426 1014 2475 si
1036 2426 1077 2475 ita
1101 2431 1176 2475 esset
1192 2432 1222 2474 ut
1240 2426 1384 2475 traderent

240 2492 365 2543 historici
392 2494 425 2542 dc
453 2492 562 2542 Romuli
589 2489 848 2544 urbis'condendac
872 2492 994 2557 auguriis
1022 2509 1056 2543 ac
1078 2493 1130 2542 XII
1152 2493 1288 2554 uulturiis,
1319 2510 1383 2558 quo-

240 2561 315 2609 niam
334 2558 408 2610 CXX
426 2575 512 2610 annos
531 2561 674 2611 incolumis
692 2562 886 2626 praeteriisset
903 2561 1018 2627 populus
1035 2561 1187 2621 Romanus,
1208 2561 1244 2611 ad
1261 2561 1337 2611 mille
1356 2566 1384 2610 et

240 2628 373 2678 ducentos
389 2634 593 2693 peruenturum.
629 2629 729 2679 XVIII.
758 2629 902 2679 Hactenus
925 2629 1027 2679 dictum
1050 2629 1083 2678 de
1102 2628 1228 2678 saeculo:
1253 2644 1325 2678 nunc
1348 2629 1382 2678 ‹le

241 2697 320 2745 annis
338 2695 487 2746 maioribus
505 2694 611 2758 dicam,
634 2711 747 2760 quorum
769 2696 929 2762 magnitudo
952 2697 1021 2746 adeo
1045 2697 1155 2745 diuersa
1178 2696 1383 2762 tangentibus

240 2762 389 2813 obseruata
407 2778 488 2827 quarn
507 2764 665 2814 auctoribus
684 2764 790 2814 tradita
808 2770 863 2825 est,
887 2771 918 2814 ut
941 2765 991 2813 alii
1009 2779 1110 2814 aunum
1128 2779 1256 2827 magnum
1275 2779 1336 2813 ease
1355 2766 1383 2813 in

241 2832 321 2880 annis
338 2830 508 2881 uertentibus
532 2831 646 2894 duobus,
666 2831 716 2881 alii
738 2832 768 2881 in
785 2832 878 2882 multis
890 2832 1000 2882 milibus
1019 2847 1150 2882 annornm
1169 2833 1299 2881 arbitrati
1318 2833 1382 2881 sint.

240 2898 311 2963 quod
324 2898 404 2962 quale
416 2899 455 2947 eit
466 2899 522 2947 iam
534 2898 599 2951 hinc
615 2899 736 2949 conabor
754 2899 906 2950 absoluere.
937 2901 962 2948 2.
980 2900 1095 2950 Veteres
1108 2900 1137 2949 in
1150 2900 1270 2949 Graecia
1283 2900 1383 2949 ciuita-

240 2973 283 3016 tes
301 2981 361 3015 cum
380 2965 647 3028 animaduerterent,
671 2967 733 3016 darn
756 2968 798 3018 eol
821 2982 912 3017 annuo
935 2982 1015 3017 cursu
1038 2968 1132 3017 orbem
1150 2982 1227 3016 suum
1246 2968 1381 3027 circumit,

241 3033 333 3083 lunam
354 3049 454 3083 nouam
478 3034 613 3083 interdurn
631 3034 768 3084 terdecies
787 3035 887 3084 exoriri
906 3034 987 3099 idque
1005 3049 1091 3100 saepe
1110 3035 1225 3084 alternis
1243 3034 1317 3097 fieri,
1343 3050 1383 3083 ar-

241 3101 339 3150 bitrati
356 3106 420 3151 sunt
436 3099 548 3151 lunares
565 3101 709 3153 duodecim
726 3117 835 3152 menses
859 3107 887 3151 et
904 3101 1076 3152 dimidiatum
1099 3103 1135 3151 ad
1153 3117 1254 3152 sanum
1271 3109 1383 3151 natura-

241 3169 294 3218 lem
313 3169 470 3220 conuenire.
506 3169 600 3233 itaque
619 3184 705 3219 annos
724 3170 822 3220 ciuiles
839 3170 881 3219 sie
899 3175 1065 3227 statuenmt,
1085 3176 1116 3220 ιιι
1133 3168 1324 3219 intercalando
1342 3172 1383 3219 ta-

240 3242 335 3286 cerent
352 3237 473 3286 alternos
492 3236 635 3287 duodecim
653 3252 788 3297 mensum,
807 3237 929 3287 alternos
946 3236 1093 3299 tredecim,
1117 3242 1258 3302 utrumque
1283 3252 1383 3286 annum

240 3309 399 3369 separatum
422 3309 590 3367 uertentem,
615 3306 724 3355 iunctos
747 3304 828 3355 ambo
852 3320 952 3354 annum
976 3319 1105 3369 magnum
1122 3312 1264 3354 uocantes.
1302 3305 1382 3368 iilqne

240 3377 348 3436 tempus
365 3371 510 3421 trieterida
528 3371 722 3437 adpellahant,
746 3372 817 3439 quod
835 3373 919 3423 tertio
938 3387 1043 3436 quoque
1062 3388 1134 3422 anno
1154 3370 1383 3434 intercalabatur,

240 3440 366 3504 quamuis
384 3438 491 3489 biennii
509 3441 642 3489 circuitus
662 3444 689 3489 et
707 3455 805 3490 reuera
823 3440 938 3489 dieteris
956 3444 1043 3499 eseet3
1062 3439 1134 3489 unde
1152 3440 1292 3503 mysteria,
1313 3454 1383 3503 qnae

239 3508 342 3559 Libero
360 3508 433 3572 patri
451 3506 565 3556 alternis
583 3507 652 3557 finnt
670 3509 763 3570 annia,
781 3508 925 3558 trieterica
943 3523 960 3556 a
978 3507 1067 3571 poetis
1084 3507 1220 3557 dicuntur.
1249 3504 1274 3555 3.
1288 3513 1384 3570 postea

240 3576 353 3640 cognito
370 3590 462 3624 errore
481 3574 533 3625 hoc
551 3580 658 3640 tempus
681 3574 856 3640 duplicarunt
875 3581 903 3625 et
921 3575 1102 3625 tetraeterida
1120 3573 1260 3625 lecemnt:
1284 3574 1332 3622 sed
1356 3580 1384 3622 et

242 3659 302 3693 earn
316 3642 387 3707 quod
399 3642 493 3707 quinto
506 3656 611 3707 qnoque
631 3656 703 3692 anno
721 3643 830 3693 redibat
847 3641 1040 3708 pentasterida
1052 3642 1240 3691 nominabant.
1272 3640 1316 3704 qui
1335 3655 1383 3690 au-

240 3727 291 3761 nus
308 3725 424 3775 magnus
438 3726 471 3759 ex
483 3709 662 3776 quadriennio
676 3712 841 3761 commodior
852 3712 928 3761 uisus
941 3716 984 3761 eet
1001 3728 1017 3758 a
1035 3727 1051 3759 a
1063 3709 1128 3760 solis
1142 3724 1242 3759 anuum
1256 3714 1384 3758 constare

241 3794 274 3828 ex
292 3778 389 3828 diebus
408 3777 553 3827 CCCLXV
571 3783 599 3826 et
616 3777 672 3827 diei
697 3783 776 3843 parte
799 3778 912 3830 circiter
935 3783 1047 3843 quarta,
1072 3793 1142 3841 quae
1167 3792 1248 3826 unum
1271 3776 1299 3825 in
1318 3791 1383 3840 qua·

241 3846 394 3896 driennium
413 3844 486 3895 diem
504 3844 661 3895 conficeret.
697 3846 721 3895 4.
742 3862 825 3910 qnare
844 3862 917 3912 agon
936 3853 964 3896 et
983 3849 1011 3895 in
1034 3846 1114 3897 Elide
1131 3844 1192 3895 Ioui
1210 3844 1338 3908 Olympio
1357 3849 1385 3893 et

240 3914 344 3965 Romae
364 3912 521 3978 Capitolino
540 3914 636 3978 quinto
654 3926 761 3978 quoque
779 3930 852 3965 anno
871 3914 1036 3965 celebratur.
1073 3913 1124 3963 hoc
1143 3928 1248 3977 qnoque
1267 3918 1384 3975 tempus,

241 3981 312 4046 quod
331 3980 367 4031 ad
384 3981 451 4031 solis
468 3980 547 4033 modo
566 3997 674 4033 cursum
696 3998 749 4034 nec
774 3983 810 4033 ad
826 3982 908 4032 lunae
928 3998 1079 4047 congruere
1097 3980 1244 4030 uidebatur
1261 3979 1383 4044 duplica·

240 4054 298 4099 tum
317 4054 360 4098 est
378 4055 406 4098 et
423 4049 573 4099 oetaeteris
591 4049 670 4099 facta
688 4065 759 4114 quae
776 4056 842 4100 tunc
861 4051 1037 4100 enneaetcris
1048 4049 1183 4109 uocitata,
1203 4048 1268 4112 qnia
1282 4047 1384 4111 primus

242 4119 301 4167 eius
320 4131 409 4166 annus
426 4132 498 4167 nono
517 4132 623 4181 quoque
642 4133 715 4168 anno
733 4118 850 4167 redibat.
880 4117 906 4167 5.
919 4117 990 4167 hunc
1010 4115 1154 4167 circuitum
1172 4130 1266 4164 uorum
1284 4128 1384 4163 annum

241 4200 370 4250 magnum
389 4199 449 4235 esse
467 4185 598 4250 pleraque
617 4185 737 4234 Graecia
755 4186 939 4247 existImauit,
964 4185 1034 4248 qnod
1057 4200 1091 4233 ex
1114 4184 1194 4232 annis
1212 4181 1384 4230 uertentibus

241 4252 338 4303 solidis
356 4258 506 4315 constaret,
523 4258 555 4302 ut
571 4252 679 4317 proprie
698 4254 727 4301 in
746 4264 817 4301 anno
835 4267 935 4317 megae
947 4251 1007 4301 fieri
1019 4267 1068 4316 par
1088 4257 1139 4299 est.
1162 4265 1226 4299 nam
1244 4248 1303 4297 dies
1321 4252 1386 4294 snat

242 4320 323 4370 solidi
335 4318 578 4381 nnccccxxfl,
597 4334 705 4369 menses
723 4318 805 4369 solidi
823 4333 878 4367 nno
890 4320 980 4369 mines
1000 4326 1118 4375 centum,
1138 4317 1257 4379 annique
1275 4319 1384 4362 norton„

243 4394 284 4435 tes
302 4387 385 4437 solidi
402 4392 475 4437 ecto.
506 4386 578 4437 hane
596 4386 770 4438 octaeterida
787 4385 871 4449 uulgo
891 4386 1023 4435 creditum
1043 4391 1086 4435 est
1103 4385 1138 4433 ab
1152 4383 1264 4432 Eudoxo
1283 4380 1383 4429 (Inidia

243 4455 412 4516 institutam,
430 4454 479 4505 sed
492 4454 542 4505 alii
555 4453 739 4504 Cleostratam
750 4452 902 4503 Tenediam
920 4454 1035 4517 primum
1047 4453 1140 4501 ferunt
1152 4448 1337 4512 composuisse
1357 4454 1385 4494 et

1243 4534 1258 4559 Ι

1114 4548 1179 4610 12*
