3200 4992
605 450 648 493 nn
670 451 759 494 anuo
781 449 986 493 sousnonvn
1306 433 1363 494 173

307 612 471 660 runcone
485 620 515 660 a
530 606 618 663 motu
637 598 780 662 siderum
801 606 878 661 sunt
892 597 989 661 dicta.
1014 598 1092 659 anni
1112 604 1263 682 quattuor
1284 584 1477 661 tem-122*

220 719 302 785 pora
328 698 575 763 adscribuntur:
619 699 736 762 hiemis
766 698 855 762 ueris
885 699 1018 761 aestatis
1051 697 1159 784 adque
1184 703 1366 784 autumpni.

223 815 291 861 vsu
313 810 442 863 constat
464 822 507 863 cx
529 800 671 864 humore'
685 810 718 863 et
734 800 818 883 igni,
840 813 973 877 nassas
996 820 1039 861 ex
1062 799 1129 882 igni
1153 809 1186 861 et
1206 800 1365 881 siccitate,

223 969 368 1014 annorum3
397 953 461 1003 binc
491 955 661 1004 aetuternnm
691 954 762 1019 quod
792 954 895 1002 lactum
918 960 960 1001 cst
984 960 1151 1013 aeternumr,
1169 953 1238 1018 quod
1264 954 1366 1003 Graeci

222 1015 315 1070 alaisa
333 1021 360 1070 id
380 1022 420 1070 ait
438 1022 605 1087 Chrysippus
624 1037 684 1070 esse
703 1011 750 1070 a'al
768 1008 810 1070 ὄν.
848 1020 882 1070 ab
902 1036 934 1069 co
953 1020 1080 1069 Plautus:

442 1105 496 1138 nou
514 1090 602 1138 omnis
621 1094 700 1138 aetas
719 1089 753 1138 ad
772 1088 980 1153 perdiscendum
999 1094 1041 1137 cst
1053 1089 1136 1151 satis,

222 1154 285 1203 binc
303 1161 403 1220 poetae
422 1159 543 1206 Aeterua
561 1155 664 1221 templa
683 1155 773 1205 caeli.’
887 1200 894 1217 ,

312 1219 379 1275 122*
397 1223 522 1274 Isidorus
536 1224 570 1273 de
588 1232 687 1273 natura
706 1237 795 1272 rerum
814 1222 880 1271 vn:
910 1223 961 1271 ‘De
974 1223 1151 1288 temporibus.
1181 1223 1226 1272 Sic
1247 1224 1286 1272 ait
1303 1225 1364 1272 dm·

223 1291 344 1340 brosius:
363 1290 500 1356 Tempora
519 1297 580 1340 sunt
598 1292 675 1340 uices
689 1291 875 1349 mutationum,
896 1291 924 1339 in
944 1290 1041 1355 quibus
1059 1291 1100 1339 sol
1120 1296 1197 1340 certa
1215 1306 1309 1340 cursus
1323 1292 1364 1340 sui

223 1358 392 1408 dimensione
412 1358 478 1407 anni
497 1359 589 1408 orbern
608 1359 636 1407 in
661 1358 777 1408 contusa
799 1358 936 1406 uarietate
956 1358 1107 1422 distinguit.
1143 1358 1298 1438 t'em-pora
1317 1374 1364 1407 au·

222 1431 278 1473 tem
297 1442 313 1475 a
332 1432 419 1475 motu
438 1426 591 1475 siderum
610 1432 688 1475 snut
705 1425 813 1486 dicta,
833 1425 904 1474 unde
924 1430 952 1473 ct
970 1425 1036 1474 deus
1055 1425 1197 1475 cumbaec
1216 1427 1366 1476 instituerit

224 1492 304 1541 dixit:
331 1494 365 1542 Et
388 1495 444 1542 siut
466 1494 494 1543 in
513 1495 593 1558 signa
612 1499 640 1542 et
657 1495 685 1542 in
704 1498 827 1557 tempora
847 1498 874 1541 et
893 1492 999 1542 indies
1018 1498 1046 1541 et
1064 1493 1091 1541 in
1111 1509 1210 1553 annos,
1231 1493 1258 1542 id
1278 1501 1320 1543 est
1337 1495 1365 1543 in

224 1559 315 1624 aliquo
335 1561 460 1610 mutabili
478 1566 560 1621 motu,
582 1561 659 1610 cuius
678 1560 751 1609 aliud
770 1560 843 1624 prius
863 1560 937 1609 aliud
951 1561 1086 1625 posterius
1098 1564 1232 1625 praeterit
1245 1578 1277 1610 ee
1296 1562 1366 1625 quod

223 1626 302 1676 simul
322 1642 383 1678 esse
402 1644 455 1677 non
474 1630 587 1694 possint.
625 1634 731 1693 tempus
754 1628 829 1676 iuxta
853 1627 997 1676 Hebraeos
1020 1624 1129 1693 integer
1151 1644 1239 1678 annus
1263 1635 1306 1678 est
1324 1645 1366 1679 se·

224 1695 339 1744 cundum
363 1695 430 1745 illud
453 1696 482 1744 in
504 1695 637 1745 Daniele:
668 1697 788 1760 Tempus
812 1700 840 1743 et
862 1700 986 1760 tempera
1015 1700 1042 1743 ct
1065 1696 1203 1745 dimidium
1226 1699 1365 1762 temporis,

223 1777 272 1826 per
300 1768 407 1828 tempus
437 1778 537 1812 artuum
566 1762 739 1827 significans,
774 1777 825 1826 per
851 1767 975 1827 tempera
1003 1761 1070 1811 duos
1099 1770 1127 1812 et
1154 1778 1203 1828 per
1225 1763 1366 1814 dimidium

222 1845 331 1879 menses
345 1845 401 1880 sex.
421 1831 498 1879 iuxta
510 1832 627 1879 Latinos
640 1840 730 1880 autem
743 1831 843 1879 rruius
857 1831 939 1887 anui·
955 1834 1121 1895 quattuor
1137 1836 1291 1896 tempora
1308 1833 1365 1882 ad-

223 1898 437 1947 scribuntur:
468 1889 709 1947 hiemisberis
734 1897 886 1946 aestatis
909 1898 1017 1962 adque
1037 1899 1221 1963 autumpni.
1251 1900 1366 1965 Hiemps

224 1971 266 2012 cst
279 1980 339 2013 cum
352 1965 392 2015 sol
406 1965 564 2014 meridianis
574 1966 697 2030 partibus
710 1967 872 2025 inmoratur3
885 1969 949 2014 tunc
963 1965 1034 2014 enirn
1045 1965 1085 2014 sol
1098 1965 1207 2030 longius
1220 1966 1300 2016 abest
1311 1972 1365 2016 ter·
1387 2018 1389 2022 ,

223 2046 308 2096 raquc
321 2032 435 2096 rigescit
451 2033 515 2097 gelu
533 2034 620 2097 adque
639 2033 782 2098 stringitur
798 2035 826 2080 et
842 2031 991 2096 prolixiora
1003 2038 1066 2081 sunt
1081 2035 1172 2097 spatia
1183 2035 1272 2083 noctis
1286 2049 1366 2097 quam

223 2098 287 2147 diei.
307 2098 371 2149 hinc
385 2115 470 2149 causa
483 2101 568 2149 oritur
580 2104 609 2148 ut
621 2100 743 2150 bibernis
755 2099 865 2148 flatibus
877 2100 963 2149 nimia
980 2101 1023 2148 uis
1040 2101 1142 2149 niuium
1159 2099 1365 2166 plumarumque

224 2167 362 2215 fundatur.
376 2168 443 2233 ,Ver
461 2175 503 2216 est
521 2183 582 2216 cnm
600 2167 641 2217 sol
652 2184 685 2216 ex
703 2166 862 2217 meridianis
879 2166 1015 2216 decedens
1033 2167 1158 2231 partibus
1170 2174 1365 2232 superterram

223 2234 295 2282 redit
307 2240 335 2283 et
347 2235 437 2284 noctis
450 2250 483 2286 ec
496 2235 552 2283 diei
571 2242 707 2299 exaequat
719 2243 844 2298 tempora
861 2240 889 2282 et
901 2237 1059 2299 temperiem
1074 2235 1146 2283 aeris
1159 2234 1265 2284 reducit
1278 2236 1365 2301 adque

223 2302 321 2351 fouens
339 2303 431 2351 omnis
453 2302 618 2367 repetendos
636 2303 711 2367 cogit
733 2304 760 2352 in
778 2306 883 2366 partus,
901 2306 931 2350 nt
949 2308 1023 2350 terra
1041 2303 1175 2367 germinet
1194 2316 1227 2351 ac
1245 2303 1366 2353 resoluta

223 2367 306 2417 sulcis
329 2369 435 2418 semina
459 2370 628 2418 reuiuiscant
651 2370 739 2434 adque
764 2368 881 2417 omnium
905 2384 1034 2433 generum
1058 2384 1127 2433 quae
1157 2370 1184 2418 in
1213 2371 1294 2419 terris
1320 2371 1367 2420 nel

224 2436 303 2499 aquis
321 2442 384 2485 sunt
407 2438 505 2486 annuis
524 2437 626 2486 letibus
649 2436 788 2487 successio
807 2442 980 2501 propagetur.
1019 2439 1116 2486 Aestas
1136 2442 1178 2485 est
1195 2452 1256 2486 cum
1277 2437 1319 2487 sel
1336 2441 1365 2488 in

224 2504 439 2567 septentrionem
452 2520 482 2553 se
492 2504 609 2570 subrigit
627 2510 655 2553 et
672 2506 763 2571 spatia
775 2504 873 2552 diurna
889 2504 1029 2620 producit,
1054 2509 1149 2554 noctes
1167 2519 1232 2553 uero
1257 2511 1366 2555 coartat

226 2575 254 2618 et
267 2570 402 2635 astringit.
433 2571 526 2636 itaque
540 2587 592 2636 quo
610 2572 699 2636 magis
712 2573 752 2622 sol
764 2586 814 2620 usu
828 2571 888 2620 adsi
906 2586 941 2620 uo
955 2574 1013 2620 aeri
1032 2572 1094 2621 huic
1115 2572 1259 2637 copulatur
1277 2573 1364 2638 adque

224 2639 363 2697 miscetur,
383 2654 416 2688 eo
435 2638 552 2703 amplius
570 2654 660 2688 aerem
679 2640 766 2704 ipsum
784 2643 903 2704 uaporat
926 2646 953 2687 et
970 2638 1081 2688 humore
1100 2640 1240 2689 exsiccato
1259 2640 1366 2690 fatiscit

223 2707 252 2753 in
271 2706 411 2770 puluerem
431 2712 458 2755 et
482 2706 640 2756 adolescere
666 2708 735 2756 tacit
758 2707 864 2756 semina
885 2712 913 2754 et
930 2713 1069 2771 tamquam
1093 2722 1172 2756 sucos
1193 2707 1288 2756 uiridis
1307 2724 1365 2757 ma·

224 2781 365 2823 turescere
384 2774 459 2838 cogit
476 2789 558 2838 poma
576 2774 714 2823 siluarum.
752 2781 817 2824 tunc
837 2773 901 2837 quia
919 2774 960 2823 sol
974 2776 1087 2824 aestiuis
1100 2775 1200 2839 flagrat
1212 2775 1364 2838 ardoribus,

224 2842 343 2890 minores
361 2842 471 2891 umbras
491 2842 561 2890 lacit
579 2843 607 2890 in
626 2842 778 2892 meridiano
797 2843 925 2906 quoniam
944 2858 977 2890 ex
997 2843 1054 2892 alto
1073 2842 1144 2891 hunc
1164 2842 1309 2892 inluminat
1328 2844 1366 2892 lo-

128 2936 135 2943 ·
225 2922 294 2956 cnm.
317 2910 502 2974 „Autnmpuus
521 2916 573 2969 est,
593 2909 655 2958 dum
673 2924 766 2960 rursus
784 2909 825 2960 sol
844 2925 861 2957 a
879 2924 982 2958 summo
996 2911 1071 2959 caeli
1081 2911 1251 2959 descendens
1270 2911 1366 2961 intrin-

224 2977 265 3038 git
290 2981 415 3025 aestuum
439 2975 656 3041 magnitudinem
688 2984 715 3027 ct
744 2976 885 3043 paulisper
907 2976 1031 3027 relaxato
1059 2993 1092 3027 ac
1116 2978 1243 3043 deposito
1273 2979 1365 3029 calore

224 3048 351 3107 praestat
368 3045 529 3159 temperiem
548 3046 676 3108 sequenti
699 3050 864 3110 tempestate
888 3051 1032 3095 uentorum
1056 3051 1084 3094 et
1102 3046 1211 3095 turbine
1231 3047 1366 3111 procella-

224 3126 282 3161 rum
301 3116 329 3159 et
346 3112 376 3159 ui
394 3111 539 3160 luminum
557 3114 761 3175 tonitruumque
786 3112 951 3161 sonantium.
988 3114 1123 3174 Quoniam
1148 3113 1231 3163 certis
1250 3114 1365 3163 distinc-

222 3178 346 3227 tionibus
368 3178 577 3228 uiclssitudiues
595 3185 744 3245 temporum
762 3180 840 3243 iurta
856 3179 975 3243 priorum
994 3179 1169 3229 definitiones
1187 3183 1365 3246 praestrinxi-

223 3260 292 3307 mus,
311 3260 382 3295 nanc
397 3246 517 3310 qualiter
530 3247 625 3296 eadem
645 3253 768 3312 tempora
786 3246 959 3296 naturalibus
973 3247 1084 3297 circulis
1097 3247 1151 3296 sibi
1170 3247 1288 3297 inuicem
1302 3265 1365 3298 con·

153 3320 156 3327 ’
223 3312 346 3378 ligantur
369 3312 553 3379 expediamus.
584 3317 761 3380 uerqnippe
781 3319 922 3364 constat
996 3314 1264 3364 diesCCCLXV.
1296 3316 1365 3365 haec

224 3382 318 3445 itaqua
347 3381 496 3430 secundum
526 3382 680 3430 naturalem
711 3381 904 3432 differentiam.
946 3386 1066 3430 ceterum
1098 3383 1174 3431 iuxta
1204 3381 1365 3446 allegoriam

223 3449 330 3513 hiemps
348 3448 509 3514 temporalis
528 3448 701 3513 intellegitur
712 3448 863 3509 tribulatio,
885 3448 993 3512 quando
1010 3454 1189 3514 tempestates
1203 3456 1231 3498 et
1242 3451 1366 3499 turbines

224 3516 329 3565 saecnli
347 3516 518 3566 incumbunt.
555 3521 649 3565 aestas
672 3524 715 3566 est
736 3517 802 3566 fidei
819 3516 989 3582 persecutio,
1014 3517 1122 3581 quando
1141 3516 1268 3565 doctrina
1285 3518 1365 3582 perfi-

209 3576 288 3632 'diac
312 3583 444 3633 ariditate
462 3584 593 3633 siccatur.
629 3599 678 3633 uer
701 3590 792 3633 autem
816 3584 926 3634 notritas
950 3588 993 3632 est
1011 3584 1075 3632 fidei
1094 3585 1152 3632 slus
1171 3599 1237 3648 pax,
1258 3585 1365 3648 quando

225 3656 288 3714 post
306 3649 404 3700 hiemis
422 3650 629 3700 tribulationem
648 3652 836 3717 tranquillitas
855 3650 993 3700 ecclesiae
1011 3650 1141 3713 redditur,
1164 3651 1273 3715 quando
1290 3668 1365 3702 men·

227 3719 266 3767 sis
283 3732 413 3768 nouorum
433 3719 460 3767 id
479 3726 523 3768 est
540 3719 645 3783 pascha
664 3721 729 3783 agui
747 3718 911 3779 celebratur,
931 3718 1038 3782 quando
1056 3723 1131 3767 terra
1149 3719 1259 3768 floribus
1278 3719 1310 3779 td,
1324 3725 1367 3769 est

226 3785 348 3835 ecclesia
371 3794 528 3836 sanctornm
547 3787 672 3836 coetibus
694 3788 848 3837 decoratur.
890 3800 978 3835 annus
1002 3787 1095 3850 itaque
1120 3787 1224 3835 ambitu
1247 3787 1314 3836 solis
1338 3793 1367 3836 et

223 3855 358 3903 mensium
382 3853 545 3918 explicatur.
581 3859 705 3919 tempora
728 3856 907 3905 mutationum
926 3854 1034 3903 uicibus
1058 3853 1229 3903 euoluuntur.
1265 3857 1367 3905 mensis

224 3920 306 3970 lunae
323 3922 493 3971 incremento
505 3922 637 3985 senioque
655 3922 809 3972 coniicitur.
839 3922 1012 3970 bebdomada
1024 3923 1182 3986 septenario
1200 3921 1303 3971 dierum
1318 3938 1365 3971 nu-

224 4003 299 4037 mero
321 3988 492 4039 terminatur.
535 3989 595 4037 dies
619 3992 647 4037 et
669 4004 723 4038 nox
749 3990 949 4039 recursantium
972 3987 1103 4038 luminum
1128 4004 1161 4039 ac
1188 3990 1365 4040 tenebrarum

227 4055 342 4105 alternis
354 4056 464 4106 uicibus
479 4063 651 4122 reparantur.
681 4056 750 4108 hora
762 4058 881 4107 motibus
896 4056 1057 4122 quibusdam
1071 4058 1260 4108 etmomeutis
1274 4059 1365 4123 exple·

311 4205 322 4255 l
341 4193 432 4252 modu
447 4190 487 4261 B¹
503 4186 518 4275 Η
533 4192 616 4252 dicta
630 4212 683 4252 om.
697 4196 726 4251 B
740 4187 754 4275 ΙΙ
768 4194 835 4252 ΗΠ
851 4196 879 4250 Β
892 4187 938 4274 {lt
957 4192 1164 4252 asscribuntur
1179 4191 1221 4253 B²
1236 4189 1249 4273 ll
1263 4195 1365 4253 uaeris
1422 4216 1424 4221 ⁴

225 4280 379 4336 AuerniB
391 4272 405 4358 ΙΙ
421 4286 513 4356 atque.
529 4274 570 4335 B²
585 4273 599 4359 Η
613 4279 749 4337 autumni
760 4273 799 4333 1³²
811 4287 985 4335 autumnum
997 4275 1031 4335 B¹
1048 4271 1062 4357 ΙΙ
1077 4287 1094 4339 3
1107 4285 1218 4337 uaerA
1233 4275 1245 4353 ll
1261 4297 1365 4336 nnrore

224 4359 407 4506 ssqgnplli
421 4359 434 4442 ΙΙ
450 4382 485 4420 ex
500 4364 561 4437 igni
576 4382 629 4420 om.
646 4358 680 4418 ΒΙ
698 4356 711 4442 ΙΙ
728 4362 798 4437 igne
808 4358 847 4418 13²
864 4357 876 4440 ll
893 4361 933 4435 et]
951 4381 988 4419 ex
1006 4358 1039 4418 B'
1057 4356 1072 4442 ΙΙ
1089 4365 1226 4421 siccitate.
1239 4363 1365 4465 etlcale·
