3218 5000
422 424 654 470 strennuum
679 425 767 469 arsat
790 426 833 469 nn
857 428 983 469 danaus
1006 426 1147 470 tasrlvu
1294 411 1357 477 269

212 572 321 692 ripere
341 577 440 656 ἔσχον
463 573 667 658 ἐπωνυμίαν.
710 568 861 657 ἐφόρουν
889 558 953 637 οὖν
981 573 1017 637 ct
1040 576 1208 654 πατρίκιοι
1229 599 1269 638 τα
1294 598 1358 639 κα-

214 698 327 760 rayca.

215 866 344 926 formam,
363 864 412 914 sed
430 869 525 915 notum
543 866 699 915 centenarii
715 864 821 914 numeri
838 863 1031 930 significabat,
1057 864 1127 930 qnod
1145 866 1227 915 initio
1244 862 1359 931 patri'cIi

216 938 361 983 senatores
381 938 490 982 centum
508 931 633 982 fuerint'

369 1134 637 1185 SVPPLEMENTA
666 1134 767 1184 LIBRI
795 1134 846 1184 DE
874 1134 1021 1185 GENERE
1044 1135 1205 1186 VESTIVM

300 1253 422 1303 Isidorus
440 1254 527 1318 origg.
540 1253 649 1302 XVIIII
667 1252 720 1303 ‘De
737 1252 856 1303 nauibus
874 1252 1009 1302 aedificiis
1022 1258 1050 1301 et
1062 1252 1206 1303 uestibus)
1233 1254 1274 1302 21.
1300 1254 1356 1306 ‘De

216 1325 294 1371 ueste
306 1320 474 1370 sacerdotali
486 1322 514 1369 in
524 1319 607 1385 lege'
631 1320 674 1369 22.
698 1321 749 1370 ‘De
760 1321 916 1370 nominibus
929 1321 1048 1369 uestium
1060 1320 1232 1371 ceterarum’
1258 1322 1357 1387 lsqq.:

217 1389 386 1438 ‘Diuersitas
403 1389 628 1439 uestimentorum
641 1393 752 1452 tegmen
771 1394 901 1453 tegumen
917 1388 1106 1438 indumentum
1120 1390 1314 1439 uestimentum
1329 1395 1358 1440 et

216 1457 331 1521 reliqua.
361 1459 472 1521 tegmen
485 1456 587 1505 dictum
600 1471 632 1505 eo
645 1455 715 1519 quod
727 1461 805 1520 tegat
817 1456 953 1519 membra,
971 1457 1044 1504 sicut
1055 1463 1183 1520 tegumen
1196 1463 1273 1507 tecta
1286 1474 1357 1522 quae

216 1529 315 1589 tegunt
332 1539 455 1590 corpora.
490 1522 692 1584 indumentum,
711 1525 782 1587 quod
800 1525 874 1572 intus
893 1523 928 1572 ad
947 1538 1044 1587 corpus
1063 1524 1198 1585 induitur,
1219 1526 1297 1589 quasi
1316 1527 1357 1575 in-

217 1597 376 1641 tumentum.
410 1592 606 1640 uestimentum
623 1606 689 1640 uero
707 1597 763 1651 est,
783 1591 854 1654 quod
867 1606 953 1655 usqne
966 1591 1002 1640 ad
1013 1593 1161 1656 uestigium
1174 1594 1356 1656 protenditur,

218 1660 298 1724 qnasi
319 1659 556 1724 uestigimentum‚
585 1664 616 1707 ut
638 1664 682 1707 εει
702 1660 799 1708 tunica
820 1657 934 1720 talaris,
961 1659 1010 1707 sed
1039 1664 1067 1707 et
1095 1659 1166 1709 haec
1189 1662 1358 1711 consuetudo

218 1728 350 1778 sermonis
374 1732 514 1777 auctorum
530 1725 683 1777 confundit.
712 1726 879 1775 discernitur
897 1731 989 1776 antem
1006 1727 1124 1776 uestitus
1143 1742 1160 1776 a
1178 1729 1267 1788 cultu,
1293 1744 1359 1793 quo·

217 1797 292 1844 niam
314 1794 416 1844 lautior
438 1792 607 1858 intelligitur
630 1792 729 1842 cultus.
764 1794 832 1842 item
854 1793 945 1843 cultus
970 1794 1005 1842 ab
1022 1793 1134 1855 habitu3
1158 1809 1222 1844 nam
1245 1795 1358 1846 habitus

218 1863 254 1911 ad
271 1866 397 1911 naturam
415 1862 546 1926 pertinet,
565 1861 654 1910 cultus
672 1860 708 1909 ad
726 1861 859 1911 homines.
894 1861 1044 1925 pleraeque
1062 1868 1154 1911 autem
1172 1864 1291 1913 uestium
1310 1870 1358 1913 aut

219 1945 236 1979 a
259 1937 381 1993 tempore
408 1944 461 1993 quo
486 1929 603 1979 maxime
627 1929 656 1976 in
678 1943 730 1977 usu
756 1935 820 1978 suut
842 1928 1019 1993 appellantur
1041 1935 1089 1978 aut
1112 1944 1129 1978 a
1151 1929 1220 1980 loeis
1242 1930 1290 1980 ubi
1312 1932 1359 1981 uel

218 1998 335 2064 primum
352 1998 498 2046 consectae
521 1996 566 2045 uel
590 1997 707 2045 maritae
725 1996 916 2058 uenditarum,
936 2001 984 2044 aut
1001 2010 1019 2045 a
1036 2011 1138 2060 genere
1157 1997 1257 2046 coloris
1275 2007 1323 2047 aut
1342 2014 1359 2048 a

218 2065 328 2114 nomine
346 2062 533 2129 repertorum!
574 2062 605 2112 6:
630 2064 752 2112 ‘Tunica
775 2063 860 2112 uestis
884 2064 1078 2127 antiquissima
1107 2065 1264 2128 appellata,
1293 2067 1359 2129 quia

219 2134 248 2182 in
265 2137 340 2182 motu
358 2132 513 2181 incedentis
531 2146 625 2181 sonum
644 2131 721 2180 iacit.
758 2136 839 2180 tonus
858 2131 930 2179 enim
948 2145 1032 2179 sonus
1050 2134 1110 2179 est'
1146 2133 1245 2195 lsqq.:
1266 2133 1359 2183 ‘Tala-

219 2202 256 2250 ris
275 2200 370 2249 tunica
387 2198 464 2248 dicta
483 2215 514 2248 eo
534 2199 604 2263 quod
623 2199 658 2247 ad
676 2198 748 2247 talos
765 2213 851 2262 usque
870 2196 1022 2246 descendat
1045 2203 1073 2247 et
1091 2198 1126 2247 ad
1144 2199 1228 2263 pedes
1247 2200 1358 2263 defluat,

219 2270 291 2317 sieut
307 2267 466 2331 pectoralis,
486 2266 552 2331 quia
570 2266 643 2330 apud
662 2266 790 2329 antiquos
809 2266 900 2314 breuis
919 2270 989 2325 erat,
1006 2269 1038 2313 ut
1056 2271 1161 2314 tantum
1180 2274 1276 2330 pectus
1294 2283 1358 2332 ope·

219 2336 295 2394 siret,
314 2335 382 2383 lieet
403 2350 474 2383 nunc
498 2335 637 2398 profusior
658 2335 704 2383 sit.
746 2332 905 2381 manuleata
922 2334 1018 2381 tunlea
1037 2332 1064 2382 id
1083 2341 1126 2382 est
1143 2334 1297 2396 manicata,
1327 2351 1359 2385 so

224 2401 295 2467 quod
312 2401 416 2451 haheat
433 2405 559 2451 manicas
577 2416 658 2465 quam
676 2393 842 2465 χειριδωτὸν
861 2400 963 2449 Graeci
980 2404 1091 2450 uocant.
1121 2401 1281 2451 Dalmatica
1298 2417 1360 2452 ues-

220 2472 256 2519 tis
274 2471 390 2533 primum
408 2471 436 2518 ln
454 2468 596 2518 Dalmatia
614 2469 758 2533 prouIncia
777 2468 913 2517 Graeciae
931 2473 1008 2516 texta
1031 2476 1073 2517 εει
1091 2503 1140 2517 ...
1160 2469 1280 2518 eandida
1298 2486 1359 2520 cum

221 2537 308 2586 clauis
327 2553 361 2586 ex
378 2552 506 2602 purpura.
547 2542 657 2585 russata
680 2551 760 2600 quam
779 2535 881 2584 Graeci
899 2535 1081 2600 phoeniceam
1099 2541 1203 2585 uocant
1225 2551 1274 2585 nos
1298 2553 1359 2587 cuc·

222 2606 330 2654 cineam
353 2610 464 2669 reperta
488 2620 504 2653 a
522 2603 753 2653 Lacedaemoniis
771 2602 807 2651 sd
826 2603 971 2652 celandum
990 2604 1089 2652 coloris
1102 2604 1282 2653 similitudine
1296 2620 1359 2654 sau-

221 2675 345 2737 guinem,
364 2672 490 2737 quotiens
509 2674 569 2736 quis
588 2672 615 2719 in
634 2672 695 2721 acie
713 2670 913 2733 numeraretur,
933 2685 967 2719 ne
986 2670 1183 2734 contemplanti
1201 2672 1360 2722 aduersario

221 2741 328 2788 animus
352 2744 523 2802 augesceret.
559 2738 612 2788 hac
630 2739 681 2788 sub
700 2738 858 2788 consulibus
876 2738 994 2787 Romani
1011 2739 1054 2787 usi
1072 2744 1136 2787 sunt
1153 2739 1268 2798 milites,
1287 2741 1359 2789 unde

222 2807 306 2856 etiarn
323 2806 426 2855 russati
442 2805 627 2855 uocabantur:
659 2807 768 2856 solebat
786 2807 875 2855 etIam-
887 2805 990 2869 pridie,
1015 2820 1095 2869 quam
1113 2806 1299 2856 dimicandum
1318 2823 1359 2857 es·

221 2880 277 2936 set,
297 2879 362 2923 ante
380 2874 519 2938 principia
541 2875 671 2938 proponi,
690 2874 770 2939 quasi
792 2873 943 2923 admonitio
966 2882 994 2922 et
1012 2874 1143 2922 indicium
1166 2874 1274 2924 futurae
1293 2891 1360 2940 pug-

220 2957 284 2991 nae.
325 2941 448 2991 laculata
471 2945 527 3003 est,
551 2957 622 3006 quae
645 2941 724 2991 lacus
748 2941 895 3005 quadratos
914 2941 1045 3006 quosdam
1069 2956 1129 2990 cum
1148 2943 1258 3005 pictura
1274 2942 1361 2992 habet

220 3010 340 3059 intextos
352 3014 401 3059 aut
416 3008 523 3058 additos
536 3025 596 3058 acu.
626 3008 807 3072 hyacinthina
819 3009 908 3058 uestis
926 3014 969 3058 est
981 3009 1057 3057 aerio
1070 3008 1160 3058 colore
1172 3010 1359 3073 resplendens.

221 3075 387 3127 molochinia
406 3092 475 3141 quae
488 3077 640 3126 maluarum
657 3078 776 3126 stamine
794 3076 950 3136 coniicitur,
969 3091 1049 3139 quam
1067 3075 1116 3124 alii
1134 3076 1298 3127 molocinam
1312 3078 1361 3127 alii

221 3143 380 3195 maluellam
390 3152 502 3195 uocant.
521 3144 686 3207 bombycina
699 3149 742 3193 est
754 3160 771 3193 a
781 3145 914 3206 bombyce
927 3143 1088 3204 uermiculo‚
1102 3146 1148 3207 qni
1156 3144 1317 3209 longissima
1328 3162 1361 3195 ex

221 3229 252 3263 se
261 3212 309 3262 iila
318 3218 443 3277 generat,
455 3228 567 3277 quorum
577 3217 687 3261 textura
696 3211 887 3274 bombycinum
900 3211 1007 3271 dicitur,
1020 3211 1215 3275 conficiturque
1228 3212 1257 3261 in
1269 3212 1362 3262 insula

222 3281 288 3331 Coo.
300 3281 471 3345 apocalama.
491 3280 583 3329 serica
595 3281 714 3353 anserico
727 3280 812 3341 dicta,
823 3279 868 3327 uel
880 3279 952 3343 quod
962 3293 1023 3327 eam
1033 3278 1114 3328 Seres
1123 3279 1205 3342 primi
1219 3280 1358 3329 miserunt

221 3349 379 3399 holoserica
402 3354 461 3398 tota
484 3349 587 3398 serica:
612 3348 680 3397 alos
703 3348 776 3396 enim
798 3352 893 3397 totum.
934 3346 1114 3395 tramoserica
1136 3346 1254 3396 stamius
1272 3347 1360 3397 lineo:

221 3423 312 3465 trama
330 3432 364 3465 ex
381 3417 479 3465 serico.
515 3414 717 3479 holoporphyra
734 3419 794 3464 tota
813 3431 846 3463 cx
863 3428 993 3478 purpura.
1029 3413 1141 3475 byssina
1159 3414 1279 3462 candida
1297 3430 1361 3464 con·

222 3485 298 3534 lects
316 3500 350 3533 ex
368 3484 485 3548 quodam
503 3497 604 3547 genere
622 3482 671 3532 liui
690 3483 843 3547 grossioris.
866 3486 971 3531 suntet
989 3480 1034 3545 qui
1053 3495 1139 3544 genus
1157 3481 1291 3544 quoddam
1309 3481 1362 3531 lini

222 3552 332 3616 byssum
351 3566 412 3601 esso
431 3551 597 3600 existiment.
633 3549 733 3598 fibrina
750 3556 865 3599 mamam
884 3549 917 3598 de
936 3547 998 3597 fibri
1015 3549 1081 3598 lana
1103 3548 1217 3598 habeus.
1253 3550 1359 3613 aprina.
1454 3596 1457 3601 .

223 3620 380 3668 masticina.
417 3633 507 3668 mena.
542 3617 618 3666 linea
641 3632 710 3681 quae
734 3633 768 3666 ex
786 3617 844 3666 solo
862 3617 919 3666 lino
937 3615 976 3665 fit.
1003 3616 1151 3664 linostema
1162 3616 1248 3665 uestis
1267 3621 1311 3665 est
1328 3632 1362 3666 ex

222 3686 289 3736 lana
305 3687 416 3751 linoque
440 3689 579 3735 contexta.
613 3690 641 3734 et
663 3684 739 3733 dicta
760 3685 920 3743 linostema,
946 3684 1010 3747 quia
1029 3685 1056 3732 in
1075 3684 1191 3732 stamine
1209 3683 1308 3745 linum,
1331 3685 1362 3734 in

222 3761 312 3804 trama
329 3755 423 3804 lanam
440 3753 533 3802 habet.
569 3758 646 3802 recta
663 3752 764 3801 dicitnr
781 3753 875 3813 ιιεειὶε,
895 3767 976 3816 quam
993 3766 1099 3801 sursum
1117 3766 1225 3801 uersum
1243 3757 1362 3803 stantes·
1418 3774 1421 3777 ·

224 3838 276 3887 qua
295 3829 399 3876 terunt.
434 3824 610 3886 sagmsntsta
632 3820 708 3869 zonis
731 3820 893 3883 quibusdam
917 3825 945 3869 et
968 3820 1048 3884 quasi
1071 3820 1301 3883 praecisamentis
1318 3836 1361 3870 or-

224 3895 300 3939 nata.
339 3906 403 3940 nam
433 3895 461 3938 et
482 3888 635 3953 particulas
658 3887 820 3951 cuicumque
843 3888 977 3936 materiae
1001 3887 1142 3936 abscissas
1167 3888 1363 3952 praesegmina

224 3963 335 4007 uocant.
371 3958 520 4007 leuidensis
544 3956 615 4020 quod
636 3970 700 4005 raro
722 3952 767 4003 filo
794 3955 832 4003 sit
858 3954 1013 4019 leniterque
1040 3953 1166 4004 densata.
1207 3957 1362 4019 pauitansis

225 4025 364 4075 contraria
382 4025 532 4085 leuidensi,
555 4023 631 4073 dicta
655 4021 725 4087 quod
747 4021 871 4086 grauiter
893 4037 988 4086 pressa
1007 4028 1089 4085 atque
1109 4022 1219 4071 calcata
1243 4023 1287 4073 sit.
1324 4023 1362 4073 ci·

224 4099 300 4142 trosa
318 4092 396 4157 quasi
415 4094 560 4157 concrispa
578 4092 613 4140 ad
631 4089 837 4140 similitudinem
855 4089 927 4138 citri.
956 4090 1091 4138 Naeuius:
1110 4090 1310 4155 Pulchramque
1329 4102 1363 4141 ex

224 4176 292 4209 auro
309 4166 468 4224 uestemque
487 4159 626 4209 citrosam.
666 4156 788 4207 ueleusis
805 4157 901 4206 tunica
920 4161 974 4215 est,
1002 4172 1072 4221 quae
1096 4156 1210 4207 affertur
1233 4173 1267 4207 ex
1288 4158 1362 4207 insu-

224 4227 268 4277 lis.
301 4229 411 4277 exotica
430 4228 516 4277 uestis
532 4233 575 4277 est
591 4225 740 4291 peregrina
758 4223 791 4273 da
816 4224 881 4273 foris
905 4226 1029 4273 ueniens.
1140 4224 1272 4289 polymita
1295 4224 1362 4273 mul·

224 4295 362 4355 ticoloris;
386 4295 534 4360 polymitus
551 4295 623 4344 enim
635 4297 726 4343 textus
744 4290 888 4340 multorum
908 4292 1027 4340 colorum
1041 4297 1091 4341 est.
1123 4294 1253 4356 acupicta
1275 4292 1363 4342 uestis

225 4378 278 4412 acu
299 4364 405 4412 textilis
428 4362 472 4412 uel
496 4377 549 4411 acu
571 4366 677 4412 ornata.
714 4359 809 4409 eadem
834 4365 862 4410 ει
879 4358 1013 4422 Phrygia3
1037 4358 1117 4409 huius
1140 4360 1211 4409 enim
1230 4360 1298 4409 artis
1315 4374 1363 4423 pe-

188 4490 191 4495 g
224 4431 272 4480 riti
290 4431 405 4496 Phrygii
424 4444 518 4479 omnes
541 4430 680 4492 dicuntur,
704 4430 764 4478 siue
788 4430 853 4493 quia
876 4430 905 4477 in
928 4427 1050 4493 Phrygia
1071 4429 1186 4476 inuenta
1205 4432 1256 4476 cst.
1290 4426 1362 4481 unda
