3186 4996
725 396 768 436 aa
791 396 907 435 rearis
1346 378 1386 441 39

241 538 330 604 ualla
352 540 500 603 insaniae
520 540 783 623 conscribsisset‚
807 532 888 628 quos
910 550 1024 629 postea
1046 544 1163 625 Cicero
1192 546 1387 627 emendauit,

240 642 380 727 propria.
394 662 430 705 se
451 663 550 706 manu
572 642 738 706 interfecit
756 664 841 707 anno
863 645 979 708 aetatis
1001 642 1147 708 XLIIll.

783 767 845 827 XV
990 824 993 833 .

327 877 363 923 u.
380 876 505 925 rvurvs
520 869 618 948 poeta
635 870 850 948 cognomento
868 880 1060 929 Bruacvuvs
1078 863 1258 930 Cremonae
1277 868 1381 931 nasci·
1396 862 1473 938 21*

99 1018 102 1024 .
179 961 192 977 ·
239 973 294 1025 tur
315 968 353 1037 (a
377 970 459 1041 652).
894 988 897 994 ·
1243 950 1250 956 ’

735 1088 852 1171 'xvi

219 1192 232 1229 ⁵
330 1197 433 1245 aarvs
456 1198 628 1246 vrnmuvs
655 1198 834 1251 carvanas
854 1184 993 1249 scribtor
1014 1184 1139 1272 lyricus
1161 1185 1311 1250 Veronae
1333 1208 1388 1250 na·
1403 1174 1480 1247 22*
1498 1194 1513 1211 ··

239 1285 341 1347 scitur
362 1288 433 1360 (ta.
458 1292 540 1362 667).
597 1366 601 1379 ι

327 1384 476 1450 Catullus
497 1380 603 1449 XXX
625 1386 743 1449 aetatis
765 1407 851 1451 anno
871 1388 996 1452 Romae
1018 1390 1154 1453 moritur
1170 1372 1243 1467 (tal
1266 1398 1344 1468 697).
1402 1380 1481 1452 26*

766 1510 863 1571 XVII

325 1622 357 1668 P.
385 1619 581 1670 manuumve
614 1620 732 1671 vanno
761 1607 834 1671 uico
862 1608 966 1672 Atace
994 1609 1035 1672 in*
1057 1608 1229 1696 prouincia
1259 1607 1383 1675 Narbo·
1399 1598 1482 1673 24*

240 1706 334 1771 aeusi
350 1707 495 1770 nascitur
511 1713 550 1783 (a.
568 1716 656 1793 cml:
675 1709 732 1794 qui
751 1719 867 1795 postea
885 1708 1021 1775 XXXV
1037 1733 1157 1775 anuum
1172 1732 1273 1797 agens
1291 1733 1384 1797 grae-

205 1827 296 1872 rooas
318 1807 445 1873 litteras
468 1829 542 1872 eum
563 1829 688 1872 summo
711 1810 819 1875 studio
841 1810 964 1875 didicit.

239 2012 377 2099 tendere.’
398 2047 434 2097 ef.
448 2047 589 2113 Vergilius
602 2047 701 2114 Georg.
722 2048 750 2099 II
761 2047 876 2115 suosqq.
895 2050 1019 2101 Velleius
1031 2051 1059 2100 ΙΙ
1072 2049 1118 2111 36,
1138 2052 1166 2100 2:
1186 2054 1384 2117 ‘auctoresque

239 2117 392 2167 carminum
403 2116 554 2165 Varronem
573 2132 606 2166 ac
619 2116 802 2166 Lucretium)
823 2118 1011 2180 Quintilianus
1023 2119 1047 2168 X
1068 2118 1091 2179 l,
1110 2116 1155 2168 87:
1176 2117 1272 2170 ‘ceteri
1291 2134 1384 2170 omnes

238 2185 321 2250 longa
344 2188 495 2247 sequentur
516 2182 689 2248 (Verpiliam).
727 2200 790 2234 narn
808 2186 904 2234 Macer
926 2192 954 2236 et
971 2187 1119 2237 Lucretius
1136 2185 1249 2252 legendi
1264 2186 1383 2251 quidem,

239 2253 361 2304 sednon
379 2256 410 2299 ut
427 2250 541 2315 phrasin
559 2251 588 2300 id
606 2256 650 2300 est
669 2267 767 2317 corpus
784 2253 960 2317 eloquentiae
978 2254 1099 2314 faciant3
1124 2254 1267 2319 elegantes
1285 2254 1315 2303 in
1332 2268 1383 2303 sua
1442 2256 1446 2261 “

240 2320 355 2385 quisque
373 2319 493 2368 materia
510 2318 560 2368 sed
578 2317 650 2368 alter
662 2319 773 2370 humilis
792 2319 864 2370 alter
881 2319 1024 2371 difficilis)
1038 2348 1071 2355 -
1086 2321 1121 2370 ‘A
1140 2321 1251 2370 Lucilia
1265 2321 1382 2386 quadam

240 2387 416 2453 propinatum
435 2384 477 2434 illi
496 2386 581 2436 fuisse
600 2386 653 2436 hoc
670 2386 792 2451 philtron
810 2388 958 2438 didicimus
976 2405 1010 2438 ex
1021 2387 1149 2453 Epistola
1167 2388 1272 2437 Valerii
1292 2389 1382 2438 cuins-

239 2457 302 2505 dam
322 2455 412 2519 inepti
431 2454 575 2519 scriptoris
595 2454 630 2503 ad
648 2454 788 2504 Rufinum:
807 2455 891 2504 Liuia
908 2457 997 2505 uirum
1020 2471 1098 2505 suum
1121 2457 1277 2517 interfecit,
1303 2471 1383 2519 quem

240 2522 321 2574 nimis
343 2521 414 2572 odit:
444 2521 555 2571 Lucilia
578 2537 656 2571 suum
674 2523 745 2586 quod
763 2524 845 2572 nimis
863 2524 976 2573 amauit.
1006 2523 1056 2573 illa
1074 2528 1171 2588 sponte
1189 2524 1302 2573 miscuit
1319 2539 1382 2573 aeo-

239 2592 335 2640 uitum.
354 2589 425 2639 haec
443 2588 562 2654 decepta
580 2590 699 2639 furorem
717 2592 877 2656 propinauit
894 2607 943 2655 pro
963 2592 1063 2641 amoris
1081 2590 1204 2656 poculo.’
1224 2591 1297 2641 Seal.
1316 2591 1343 2640 h.
1363 2590 1380 2639 l.

240 2659 276 2709 cf.
296 2658 444 2707 Suetonius
457 2655 546 2723 Calig.
566 2656 613 2707 50:
633 2657 764 2708 ‘eraditur
782 2658 925 2739 (Calipulal
937 2660 1096 2725 potionatus
1115 2659 1283 2709 aCaesouia
1298 2674 1382 2710 uxore

239 2726 376 2776 amatorio
394 2724 503 2790 quidem
522 2724 737 2789 medicamento,
762 2726 811 2775 sed
829 2728 899 2791 quod
918 2743 947 2776 ru
965 2728 1084 2777 furorem
1100 2726 1247 2777 uerteret'
1441 2772 1446 2779 .

323 2805 379 2861 21*
397 2809 582 2873 Hieronymus
595 2809 638 2858 Ol.
655 2808 715 2869 169,
735 2809 759 2860 3.
775 2810 810 2859 ct'.
824 2810 934 2875 Pragm.
948 2810 985 2862 3*
1002 2826 1066 2877 pag.
1085 2810 1132 2875 26,
1152 2812 1175 2860 2.
1194 2810 1382 2873 Quintilianus

238 2878 306 2940 xl,
325 2876 367 2927 66.
387 2877 503 2927 Tacitus
526 2878 595 2926 Anu.
620 2877 659 2925 IV
687 2876 733 2927 34:
776 2877 914 2929 ‘carmina
942 2879 1070 2929 Bibaculi
1095 2885 1123 2929 et
1146 2878 1250 2929 Catulli
1278 2879 1383 2928 referta

241 2945 416 2997 coutumeliis
435 2944 586 2994 Caesarum
608 2943 759 3010 legantem
795 2946 918 2999 Messala
936 2946 1071 3004 Corvinus
1095 2962 1139 3012 ap.
1164 2946 1325 2996 Suetonium
1347 2947 1382 2995 de

239 3030 352 3079 gramm.
373 3018 401 3062 et
413 3012 482 3062 rhet.
507 3012 535 3061 l:
554 3012 620 3061 ‘non
638 3028 698 3062 esse
717 3014 772 3062 sibi
790 3029 846 3063 rem
865 3029 926 3063 eum
944 3015 1028 3064 Furio
1045 3014 1182 3065 Bibaculo
1200 3030 1234 3064 ne
1253 3026 1315 3064 cum
1335 3015 1382 3063 Ti·

239 3083 304 3132 aida
317 3081 425 3145 quidem
444 3084 494 3130 aut
509 3081 665 3130 litteratore
685 3080 816 3130 Catone'

323 3162 572 3230 22²Hieronymus
585 3164 628 3213 Ol.
650 3164 713 3227 173,
732 3165 756 3213 2.
776 3162 1027 3230 23*Hieronymns
1046 3164 1165 3229 01186,
1184 3167 1209 3215 4.
1228 3165 1382 3231 Utrobique

239 3233 368 3286 decennii
391 3233 651 3295 metachronismns‚
672 3235 695 3281 si
713 3235 922 3298 sagacissimam
940 3233 1114 3283 Lachmanui
1132 3234 1320 3284 coniecturam
1339 3248 1383 3283 se·

239 3303 361 3367 quimur‚
376 3315 429 3365 qua
441 3301 638 3364 Hieronymum
652 3301 700 3350 Cn.
716 3301 863 3351 Octauium
877 3301 924 3350 Cn.
940 3300 1025 3351 filium
1038 3316 1093 3351 aas.
1106 3317 1130 3350 a.
1144 3300 1193 3351 667
1207 3316 1267 3350 cum
1282 3316 1382 3366 cogno·

238 3370 313 3420 mine
331 3370 368 3419 M.
389 3367 444 3417 filio
464 3383 519 3418 cos.
541 3383 566 3418 a.
585 3366 636 3418 678
653 3369 812 3419 confudisse
831 3369 938 3432 statuit.
957 3396 990 3404 —
1009 3370 1157 3419 Suetonius
1174 3369 1226 3418 Iul.
1245 3367 1291 3418 73:
1312 3369 1381 3418 ‘Va-

239 3438 337 3489 lerium
357 3435 510 3497 Catullum,
535 3451 624 3501 aquo
647 3437 701 3486 sibi
718 3438 864 3487 uersiculis
888 3437 922 3487 de
940 3439 1078 3487 Mamurra
1097 3444 1232 3502 perpetua
1250 3436 1383 3500 stigmata

238 3506 370 3571 imposita
383 3520 436 3552 non
456 3503 694 3565 dissimulauerat‚
714 3507 784 3555 satis
800 3506 951 3555 facientem
965 3505 1062 3571 eadem
1074 3505 1118 3553 die
1138 3504 1264 3553 adhibuit
1276 3518 1382 3554 caenae

214 3588 219 3595 ·
238 3573 414 3638 hospitioque
426 3572 514 3637 patris
528 3572 587 3625 eius
600 3572 673 3622 sicut
686 3578 833 3622 consuerat
845 3574 886 3622 uti
899 3571 1114 3638 perseuerauit’
1134 3572 1169 3621 cs.
1184 3570 1299 3620 Tacitus
1311 3570 1380 3619 Anu.

238 3641 277 3691 IV
295 3640 328 3691 34
345 3640 455 3704 Fragm.
475 3637 511 3689 3*
528 3655 593 3704 pag·
611 3639 657 3700 26,
679 3639 701 3689 l.
732 3641 920 3702 Quintilianus
938 3641 964 3690 X
983 3638 1010 3701 1,
1029 3638 1071 3689 ab.
1097 3638 1221 3689 Velleius
1240 3635 1332 3699 1136,
1350 3640 1381 3687 2:

238 3710 344 3773 ‘neque
362 3707 419 3757 'ullo
437 3707 466 3755 in
484 3708 607 3773 suscepti
626 3708 717 3774 aperis
735 3709 779 3758 bui
792 3709 914 3759 carmine
933 3708 1065 3757 minorem
1084 3703 1246 3756 Catullum’

323 3788 502 3844 wisteren
549 3807 580 3841 us
594 3792 637 3842 Ol.
653 3791 715 3855 174,
729 3791 753 3843 3.
772 3792 898 3843 Velleius
916 3792 944 3842 11
962 3790 1007 3853 36,
1027 3792 1051 3840 2.
1081 3790 1119 3839 Μ.
1138 3790 1246 3840 Seneca
1259 3795 1381 3840 controv.

238 3860 292 3911 vn
312 3859 344 3911 16
361 3877 386 3926 p.
415 3858 475 3921 165,
501 3810 587 3926 dldqq·
624 3861 815 3922 Quintilianus
832 3861 857 3909 X
881 3856 974 3922 1,87:
1017 3858 1166 3908 ‘Atacinus
1184 3859 1271 3909 Varro
1294 3858 1323 3907 in
1342 3858 1382 3907 eis

238 3945 289 3993 per
307 3944 377 3994 quae
396 3944 496 3978 nomeu
514 3935 557 3978 est
575 3934 720 3978 assecutus
738 3930 875 3993 interpres
894 3928 985 3993 operis
1010 3927 1110 3987 alieni,
1135 3942 1189 3976 non
1213 3924 1382 3991 spernendus

239 3996 349 4061 quidem
368 4011 463 4046 uerum
482 3997 516 4045 ad
535 3997 691 4062 augendam
709 3996 877 4046 facultatem
894 3995 1006 4045 dicendi
1023 4009 1118 4060 parum
1135 3993 1284 4060 locuples.'

164 4258 168 4265 ·
323 4234 485 4295 axum
513 4236 568 4292 BP
588 4234 822 4313 quadragesimo
845 4242 952 4312 quarto
976 4235 1050 4291 Saul.
1073 4227 1087 4313 ll
1109 4231 1262 4294 3Marcus
1280 4231 1381 4313 (Scal.)

240 4314 253 4399 ll
270 4318 420 4379 Cremona
436 4322 464 4376 B
478 4313 491 4401 ΙΙ
507 4331 523 4381 b
542 4319 577 4383 O.
598 4321 673 4378 Scal.
689 4313 703 4399 11
718 4312 875 4382 scutulas
890 4313 977 4401 11118
991 4315 1170 4376 Torrentius
1191 4318 1219 4373 B
1233 4309 1248 4396 {l
1262 4314 1381 4373 Uuarro

239 4406 268 4464 a
287 4398 301 4487 n
322 4402 483 4467 cxxxv
500 4405 601 4480 (soar.)
617 4404 713 4463 xxu
737 4406 765 4461 n
1272 4439 1275 4445 .
