3194 5004
274 412 353 475 526.
691 433 723 474 m
737 431 835 474 mrsu
849 431 997 473 rnnurrn

271 582 345 664 quid
359 581 418 643 eibi
438 583 523 656 velit,
545 584 651 662 ignoro
667 584 753 643 iuxta
768 604 835 643 cum
850 563 1069 673 ignarissuinis
1106 577 1171 642 Nee
1188 580 1347 658 Scaligero
1365 583 1406 639 di·

270 703 336 743 cens
351 685 511 745 tolerabile
528 688 642 760 visum,
667 688 768 767 utqui
789 692 882 745 orma
900 690 994 745 dulae
1011 702 1147 761 pram
1165 684 1258 743 tacite
1276 683 1408 744 ediderit

269 788 302 845 in
318 785 485 848 Ostalectis
504 808 536 869 p.
556 798 607 851 Ὧι
630 786 678 849 ed.
694 788 860 849 Lindenhr.
880 809 905 847 a.
924 798 1001 853 1617-
1039 786 1130 866 Quod
1152 806 1219 847 cum
1235 807 1255 846 a
1269 787 1406 847 similitu·

148 910 158 923 ⁴
270 887 343 949 diue
357 890 527 951 litterarum
541 910 648 971 panim
664 890 935 952 commendationis
951 889 1080 961 hebeat,
1094 887 1167 947 vide
1182 909 1253 948 num
1269 909 1286 949 e
1300 892 1407 947 dalcae

269 995 364 1052 dicem
378 992 488 1053 litteris
503 994 614 1052 rectius
625 993 778 1053 effecerim
793 990 976 1051 dulcidiscens
986 991 1016 1050 h.
1029 1011 1056 1051 e.
1068 994 1160 1050 dulcia
1171 996 1296 1050 successa
1326 991 1356 1050 N
1358 1011 1407 1049 am

270 1094 353 1175 quod
368 1112 444 1154 come
459 1093 567 1155 Cicero
582 1094 673 1169 dicit,
697 1114 765 1154 cum
780 1094 842 1154 suis
859 1096 911 1176 qui
927 1095 1007 1154 infru
1022 1094 1113 1174 positi
1131 1101 1202 1153 sunt
1214 1091 1355 1153 versibus
1368 1093 1405 1153 O.

271 1196 387 1256 Caesar
400 1201 460 1256 icae
475 1198 706 1276 interpretetur,
722 1198 833 1258 lenitus
848 1206 951 1257 autem
965 1198 1056 1256 etiem
1072 1195 1158 1255 arida
1172 1216 1242 1256 esse
1257 1204 1288 1257 et
1306 1196 1407 1256 ieiuna

269 1299 381 1378 possit,
397 1300 461 1359 iure
481 1320 535 1359 suo
553 1298 661 1361 Cicero
679 1299 835 1361 videbitur
850 1301 932 1360 omni
946 1301 1097 1360 suavitate
1113 1299 1233 1358 mistam
1247 1298 1406 1359 lenitatem

268 1401 301 1459 in
322 1410 416 1480 poeta
434 1400 629 1482 praedicare,
654 1404 758 1483 utqui
785 1402 864 1462 intra
885 1403 1019 1462 lenitatis
1042 1400 1164 1482 quidem
1182 1400 1235 1460 vel
1255 1400 1406 1460 comitatis

268 1501 345 1562 fines
363 1502 413 1581 (eo
430 1505 509 1564 enim
525 1513 646 1584 spectat
660 1504 743 1585 quod
756 1505 915 1584 praemisit
929 1505 1093 1565 Suetonius
1109 1505 1216 1562 ‘Cicero
1230 1505 1407 1562 hactenus

268 1604 394 1683 laudct‘)
417 1605 493 1665 nihil
515 1605 685 1667 dulcedinis
701 1606 849 1681 omiserit,
871 1606 932 1667 vim
946 1615 1049 1666 autem
1063 1615 1095 1664 et
1109 1605 1309 1683 gravitatem,
1326 1625 1406 1687 quae

191 1748 202 1770 .
269 1710 410 1787 opposita
425 1717 472 1767 est
487 1708 621 1783 lenitati,
639 1708 819 1769 destituerit.

352 1809 427 1887 Peg,
444 1810 494 1885 84,
512 1812 532 1870 8
551 1810 589 1870 de
604 1811 763 1890 praeclara
780 1810 1004 1885 emendatione,
1020 1831 1081 1890 qua
1094 1809 1324 1871 inOcesaris
1339 1830 1404 1870 car·
1466 1790 1477 1803 ¹

268 1911 349 1973 mine
365 1932 385 1972 a
399 1912 547 1993 Stephani
565 1915 662 1974 amico
680 1924 708 1973 tu
722 1919 751 1973 is
765 1917 909 1976 sumno
931 1914 1073 1972 effectum
1093 1923 1141 1973 est
1158 1914 1322 1973 eParisini
1343 1932 1404 1972 mc·

268 2015 364 2073 moria
378 2024 407 2073 tu
422 2018 451 2073 in
465 2022 623 2086 summisso,
638 2037 699 2076 nou
714 2014 859 2096 estquod
875 2013 993 2074 dicetur
1006 2015 1154 2094 pluribus.

277 2112 279 2115 ’
352 2118 454 2178 Versu
470 2117 509 2179 10
530 2118 613 2199 quod
632 2123 724 2178 noua
740 2106 880 2195 Scaliger
898 2116 1061 2196 expetebat
1080 2138 1135 2197 pro
1153 2122 1281 2193 scriptis,
1299 2117 1403 2196 opina·

267 2227 319 2279 tas
338 2219 511 2297 elegantiae
532 2220 638 2281 fallaci
655 2221 759 2301 specie
780 2220 927 2299 deceptus
947 2228 1002 2278 est.
1042 2218 1126 2279 Satis
1144 2228 1218 2279 nota
1236 2226 1307 2279 suut
1322 2217 1405 2299 apud

150 2374 155 2385 ,
267 2321 428 2382 Horatium
443 2327 532 2381 Lucili
548 2328 655 2399 scriptu
669 2323 765 2383 Serm.
782 2335 804 2393 1,
822 2334 863 2396 lt,
876 2331 921 2397 56,
936 2326 1034 2397 affictis
1046 2325 1159 2399 arduas
1172 2324 1287 2380 mechis
1299 2325 1406 2396 scripta

267 2424 365 2504 Epist.
382 2436 405 2498 1,
422 2431 465 2498 19,
480 2434 525 2499 42,
542 2428 712 2484 Graecorum
730 2429 920 2501 antiquissimo
933 2428 1040 2499 scripta
1054 2436 1096 2499 11,
1115 2435 1145 2497 l,
1160 2433 1210 2496 21,
1223 2442 1285 2482 mcc
1298 2428 1405 2497 scripta

268 2526 364 2588 Scrm.
380 2540 408 2605 1,
425 2536 458 2601 4,
474 2536 524 2591 23:
547 2536 581 2586 ut
601 2528 632 2586 in
646 2535 756 2608 poetae
778 2526 958 2588 testimoniis
982 2546 1029 2585 me
1051 2527 1221 2586 contineam
1244 2524 1283 2587 ad
1297 2534 1405 2606 poetes

267 2628 486 2708 spectantibus.
526 2631 577 2691 Dc
597 2631 664 2710 ipso
685 2641 786 2690 antem
800 2630 947 2690 Terentio
967 2649 1029 2688 non
1046 2628 1210 2689 Suetonius
1223 2636 1340 2688 tentum
1353 2648 1405 2688 su·

267 2751 324 2811 pra
337 2753 368 2811 p.
386 2740 436 2805 30,
454 2742 472 2796 3
494 2735 565 2792 ‘uon
580 2731 711 2791 obscura
726 2732 808 2791 fama
828 2741 876 2792 set
890 2729 1025 2790 adiutum
1043 2735 1073 2789 in
1088 2735 1201 2806 scriptu
1215 2750 1234 2789 a
1248 2731 1357 2791 Laelio
1374 2739 1406 2791 et

268 2831 437 2912 Scipione',
459 2835 531 2894 item
552 2856 582 2914 p.
597 2842 679 2908 ΒΜ
704 2838 812 2893 ‘mores
835 2853 912 2913 quos
933 2853 994 2893 non
1014 2832 1142 2912 perinde
1166 2835 1351 2913 exprimeret
1372 2834 1404 2892 iu

265 2938 396 3010 scriptio,
412 2935 467 2996 sed
479 2932 705 3013 Quinctilianus
721 2955 842 3017 quoque
859 2949 890 3010 x,
907 2945 932 3008 1,
949 2944 983 2999 99
997 2935 1080 2995 ‘licet
1092 2936 1231 2995 Terentii
1244 2930 1350 3011 scriptu
1362 2934 1404 2995 ad

267 3032 441 3116 Scipionem
456 3022 647 3097 Africanum*
659 3036 850 3098 reforment
886 3036 1079 3118 Quamquam
1100 3037 1174 3097 alibi
1194 3037 1306 3097 accidit
1326 3056 1402 3097 sane

267 3138 349 3196 utin
368 3144 474 3215 scriptu
493 3147 685 3206 verterentur
704 3159 784 3220 quae
806 3147 897 3220 poeta
917 3144 1004 3198 uerba
1025 3139 1170 3214 dixisset,
1192 3149 1226 3199 ut
1246 3142 1278 3199 in
1298 3138 1402 3200 Ovidii

268 3240 357 3319 epist.
374 3260 412 3300 ex
429 3243 527 3301 Ponto
545 3252 571 3314 1,
586 3254 618 3313 5,
635 3251 661 3303 2.
675 3276 718 3287 -
742 3243 779 3302 In
797 3243 881 3302 exitu
893 3261 1001 3302 versus
1017 3242 1153 3303 notabile
1172 3251 1219 3303 est
1234 3262 1340 3304 veram
1356 3242 1402 3300 in-

265 3342 507 3422 terpunctionem
528 3364 547 3403 a
559 3323 700 3404 Bentleio
716 3344 888 3427 Wolfioque
909 3345 1079 3405 restitutum
1098 3354 1234 3407 veteram
1251 3344 1328 3405 adeo
1343 3344 1402 3403 Pa·

266 3445 392 3506 risinum
405 3464 557 3508 servasse.
712 3509 716 3519 ,

351 3548 451 3608 Versu
475 3549 511 3611 12
543 3567 633 3627 neque
655 3551 710 3608 huc
737 3552 864 3625 despecto
888 3566 928 3607 en
952 3559 1035 3625 parte
1058 3554 1166 3609 iaceres
1189 3548 1270 3609 idem
1290 3548 1402 3608 Parisi-

266 3669 340 3711 nus:
365 3651 419 3710 ubi
433 3668 471 3711 ac
486 3672 505 3711 a
519 3651 649 3712 noviciis
667 3651 754 3711 libris
770 3651 925 3732 plerisque
943 3651 1045 3725 abest,
1065 3672 1084 3711 e
1100 3660 1204 3711 vetere
1218 3661 1320 3710 eutem
1336 3669 1401 3709 cor·

266 3762 385 3814 rectore
400 3754 462 3829 illo,
479 3757 563 3814 cuius
581 3756 713 3833 vestigia
730 3753 827 3814 codex
836 3752 968 3814 Vrbinas
984 3763 1097 3827 servat,
1112 3756 1159 3813 sic
1176 3763 1225 3813 est
1239 3761 1400 3813 mutatum:

266 3874 356 3933 neque
368 3862 399 3916 in
416 3861 471 3916 huc
487 3861 631 3933 despectus
641 3867 726 3933 purte
742 3862 857 3915 iaceres.
894 3858 936 3915 Et
947 3856 1025 3915 illud
1041 3856 1179 3938 quidem,
1194 3873 1283 3930 nme
1295 3861 1326 3914 in
1337 3857 1402 3928 aar,

266 3968 389 4037 prester
404 3962 561 4035 rationem,
576 3980 637 4041 qua
651 3978 721 4019 neue
735 3962 790 4017 tac
804 3960 904 4038 potius
920 3959 1125 4018 commendari
1140 3956 1269 4017 Rothius
1283 3956 1401 4017 intelle·

267 4062 326 4121 xit:
343 4082 461 4122 summa
475 4072 577 4123 autem
588 4082 655 4123 cum
667 4061 821 4122 evidentia
832 4061 970 4120 veritatis
985 4064 1128 4137 despectis
1142 4079 1197 4138 pro
1212 4062 1341 4136 despectu
1355 4077 1401 4131 aa,
1496 4137 1507 4145 =

186 4184 204 4231 '.
269 4165 353 4223 cuius
371 4152 539 4245 scripturae
557 4163 770 4224 defendendae
786 4164 837 4223 vie
852 4163 1042 4242 nullapetet.
1066 4162 1306 4240 Quamvis'enim
1318 4160 1403 4221 facili

268 4269 504 4339 constructione,
526 4268 553 4325 si
567 4265 655 4326 modo
671 4272 775 4325 iaceret
788 4266 953 4345 recipiatur
970 4285 1009 4325 ex
1023 4264 1157 4326 editione
1171 4265 1325 4345 principe,
1351 4283 1400 4323 su-

266 4368 435 4448 perioribus
458 4369 535 4429 hsec
555 4370 782 4429 continuentur:
814 4386 885 4427 neue
905 4370 961 4426 huc
980 4370 1108 4442 depecta
1129 4384 1168 4425 ex
1189 4375 1272 4441 parte
1291 4354 1402 4439 isoer’ut

266 4477 369 4531 temen
384 4473 452 4551 ipsc
465 4471 542 4531 retio
558 4470 728 4531 sententiae
742 4470 852 4530 obstat.
887 4470 1009 4549 Quippe
1025 4468 1102 4530 nihil
1117 4468 1292 4539 offensionis
1308 4475 1400 4541 esset,
