3220 5022
619 406 762 449 ονοισιτι
784 408 940 449 ειετοιιιε
1288 395 1349 458 323

210 542 311 626 αὐτὸς
333 542 429 623 εἰδῶς
444 547 585 633 κύβων
604 547 660 615 καὶ
676 551 840 615 πεσσῶν
853 549 909 616 καὶ
920 549 1152 636 παλαιοτάτην
1167 546 1270 619 εἰπάν
1288 547 1350 638 τὴν

204 747 241 806 Ἡ
259 747 362 806 οδότοο
382 746 454 807 έπὶ”
446 757 536 834 Ατνος
555 746 714 833 εύρεθήναι
734 747 784 806 διά
802 750 886 834 λιμὸν
902 750 953 837 τάς
965 750 1099 838 παιδιάς
1114 749 1167 811 ούκ
1180 749 1241 821 έξ’
1222 753 1351 838 ανάγκης

209 772 259 874 555
277 819 374 874 πεττολ
392 823 581 874 σνννοούνται
600 812 650 882 οὓς
669 815 684 874 5
704 819 883 890 Παλαμήδης
902 814 975 905 εύρε.
1012 823 1062 875 καὶ
1081 794 1123 907 ότι
1144 826 1230 899 δοκει
1247 823 1278 878 τό
1301 846 1349 879 κυ-

210 883 306 968 βεύειν
327 887 378 941 καὶ
401 885 548 942 πεττεύειν
571 888 621 941 καὶ
650 881 868 1009 α’στραγαλίζειν
891 887 1042 971 λέγεσθαι,
1071 887 1109 953 οἱς
1134 887 1350 961 ύπεμφαίνεται

209 948 267 1033 άπὸ
291 957 357 1008 τοῦ·
386 951 678 1023 άστραγαλίζονσινί
680 976 696 1007 ν
714 958 759 1041 τη
781 953 854 1009 κατά
881 955 934 1026 τὴν
954 932 1122 1038 Ὀδυσσείάν
1147 963 1276 1029 πολιτείᾳ
1299 961 1350 1048 καὶ

209 1016 362 1090 ὀρχοῦνται
380 1024 431 1105 καὶ
449 1027 638 1091 σφαιρίζουσι.
674 1022 724 1076 καὶ
742 1043 784 1077 οτι
803 1028 933 1077 συντελεῖ
948 1024 1019 1105 πρός
1031 1022 1072 1078 τό·
1090 1016 1268 1108 άστράγαλος
1284 1031 1349 1108 τρία

209 1092 359 1172 σημαίνει
376 1087 427 1144 τὸν
450 1086 481 1144 έν
504 1093 620 1171 σφυρῷ
626 1090 676 1143 καί
699 1088 749 1144 τὸν
767 1087 929 1145 σπόνδνλον
949 1087 1046 1153 άπλιός
1064 1094 1113 1147 καί
1131 1092 1181 1148 τὸν
1198 1093 1349 1149 παιστικόν

245 1131 381 1240 πεσσικβν
405 1155 491 1229 βόλον
513 1155 546 1212 τὸ
569 1160 620 1212 τοῦ
641 1152 780 1219 Ἀπίωνος.
816 1151 905 1212 καλ
889 1178 932 1212 οτι
957 1156 1076 1240 κύβος
1061 1180 1077 1214 ο
1096 1158 1246 1246 κύκλφθεν
1263 1160 1349 1241 βάσιν

209 1149 319 1309 5155
299 1245 317 1306 η
336 1220 352 1278 5
370 1244 472 1306 κατεστ
491 1222 626 1309 αμμένος,
646 1220 676 1279 έκ
695 1227 747 1279 τοῦ
764 1227 841 1311 5555
863 1226 977 1296 κοβήσω
995 1224 1026 1280 τὸ
1038 1227 1240 1312 καταστρέφω.
1275 1223 1348 1284 ὅθεν

209 1293 259 1345 καὶ
275 1294 395 1360 κυβιτον
416 1291 449 1346 τό
474 1245 626 1361 όγκωμα
610 1294 766 1375 Ρωμαῖστί,
794 1293 843 1346 καὶ
861 1293 1043 1375 κυβιστᾶν
1016 1315 1048 1349 το
1066 1292 1112 1349 έπί
1108 1293 1262 1380 κεφαλην
1279 1300 1348 1352 15-
1400 1334 1402 1339 ,

209 1379 277 1415 τειν.
313 1364 349 1430 τη
383 1357 415 1415 δε
433 1358 534 1426 λέξεως
551 1363 607 1414 τῶν
624 1381 642 1429 η
634 1355 693 1414 έν
711 1360 776 1415 δνσὶ
794 1364 881 1448 σίγμα
899 1358 996 1441 γραφη
1015 1366 1064 1432 ζητ
1085 1361 1134 1418 τέα
1158 1362 1186 1418 εί
1208 1361 1348 1447 φυλάσσε-

209 1447 254 1480 ται
273 1426 322 1481 καί
348 1381 379 1481 55
401 1434 461 1489 τοῖς
482 1424 564 1511 παρά
587 1421 734 1548 Ἀρχιηένει
759 1435 866 1489 πεσοίς.
901 1426 1053 1510 φάρμακα
1065 1384 1099 1484 55
1123 1429 1195 1513 εἰσιν
1222 1431 1298 1485 ίατι
1289 1430 1347 1501 ικά,

210 1513 309 1563 φασιν,
329 1490 490 1576 έκεινα,’
454 1513 489 1549 ου
507 1512 631 1579 γνωστα
642 1514 654 1549 ε
686 1491 717 1549 έν
730 1496 796 1549 5555
808 1513 841 1549 55
853 1515 1003 1575 γραφεται
1039 1493 1107 1551 όδέ
1125 1496 1165 1552 τά
1184 1500 1264 1581 περὶ
1316 1504 1349 1553 λ-

210 1565 399 1632 ληνιιιής..
407 1558 591 1644 .άναιδές.
615 1555 701 1617 ὅτιδὲ
714 1583 763 1616 και
777 1583 819 1624 τις
831 1562 914 1642 βολος
931 1559 1272 1647 αοτραγαλιστικοςκνων
1285 1564 1349 1622 έκα

209 1635 298 1697 λειτο,
297 1603 548 1716 προδεδηλφται.
591 1628 631 1684 ἔτι
657 1628 751 1684 ίστέον
773 1630 823 1683 καλ
847 1624 889 1685 ὅτι
914 1628 986 1686 κατά
1010 1630 1063 1715 τὴν
1085 1637 1137 1688 τού
1165 1636 1348 1717 δειπνοσοφι-

209 1701 277 1751 στού
295 1695 426 1779 ιστορίαν
446 1696 550 1752 Ρόδιοί
564 1717 639 1760 τινες
658 1697 699 1759 είς
717 1700 801 1751 τοῦτο
796 1698 985 1783 προέβησαν
1002 1694 1164 1783 άσελγείας
1183 1698 1221 1763 άς
1238 1703 1287 1756 καί
1301 1723 1349 1756 κν·

209 1762 306 1848 βεύειν
334 1763 406 1845 πρὸς
429 1761 569 1887 άλλήλους
592 1765 657 1887 περὶ
680 1768 825 1850 γυναικών
848 1763 1010 1851 ἐλευθέρων
1032 1762 1221 1851 άστραγόλοις
1245 1766 1350 1824 ἐλάττω

209 1768 332 1887 ρπλείω
345 1828 543 1913 βάλλφντεςλ
544 1854 638 1921 πιφαν
640 1831 741 1887 στατα
755 1832 787 1887 δε
806 1852 894 1915 φησι
888 1853 985 1887 ταυτ
1007 1833 1146 1917 έπαιζε
1116 1855 1168 1889 συν
1185 1830 1281 1900 ἄλλοις
1299 1837 1350 1891 καὶ

205 1837 422 2038 ‘517555556155‘
408 1921 423 1954 ο
442 1908 613 1968 προστατειν
630 1921 698 1977 της
698 1902 804 1961 πόλεως
822 1904 920 1982 αξιιβν
957 1901 999 1963 είς
1018 1900 1097 1956 δέ
1068 1922 1100 1955 το
1114 1922 1203 1985 προσε
1221 1924 1259 1965 ως
1271 1904 1349 1985 είρη

208 1988 296 2036 μενον
314 1963 334 2023 ά
335 1966 437 2038 βάκιον
456 1973 610 2048 οημείωσαι
628 1989 665 2030 ως
682 1964 902 2048 ὑποκοριστικόν
928 1964 1058 2023 ἐστιν’
1021 1969 1091 2024 αυτό
1114 1990 1165 2024 τοο
1155 1924 1221 2091 άβ

210 2031 266 2090 έστι
290 2037 371 2097 σανίς
395 2038 444 2089 καλ
464 2032 634 2124 φιλοφόφοις
651 2033 705 2104 μέν
723 2033 804 2115 χρῄσι
828 2056 859 2097 ος
884 2034 925 2097 είς
945 2034 1203 2120 διαγράμματακα
1234 2058 1348 2092 πεττευ-

209 2123 273 2172 τικη
293 2102 334 2157 δέ.
369 2124 388 2172 η
381 2098 457 2157 καλ
468 2105 560 2185 σηλια
579 2102 628 2156 καλ
647 2100 767 2184 τηλία
748 2123 786 2163 ως
805 2057 923 2157 έν
853 2110 914 2163 τοις
931 2107 983 2157 τού
1000 2107 1128 2172 κωμικοῦ
1138 2106 1282 2186 δηλοῦται
1298 2126 1348 2188 κητ-

208 2170 331 2241 λυομένη
350 2168 432 2253 παρά
446 2167 478 2226 τὸ
496 2167 609 2251 σηδειν,
628 2167 710 2225 καθά
729 2173 817 2253 δηλοι
830 2168 869 2225 τό·
889 2169 1018 2241 κυβεύων
1041 2162 1148 2225 εἶτα
1126 2190 1198 2226 ωσεν
1220 2168 1277 2227 ύπό
1289 2193 1348 2253 την

208 2241 311 2320 κλίνην
340 2236 391 2319 τόν
412 2233 524 2309 άβακα,
552 2233 589 2300 ιός
613 2236 719 2306 γράφει
746 2232 904 2321 Ἀθήναιος.
946 2234 1133 2321 έτυμολογίαν
1161 2237 1193 2293 δέ
1217 2237 1348 2294 τοιούτου

208 2300 330 2375 άβακος.
354 2299 385 2369 ὃς
408 2306 457 2360 καλ
480 2310 717 2372 κοινολεκτεὶται,
743 2301 774 2359 έν
797 2308 837 2373 τῷ
858 2302 971 2374 μεγάλῳ
996 2304 1072 2359 ἔστιν
1094 2301 1192 2373 εύρεῐν
1215 2303 1347 2376 έτυμολο·

209 2376 289 2443 γικρῖ.
323 2378 422 2428 Pollux
440 2379 521 2427 VIIII
538 2378 572 2426 54
590 2393 639 2442 sq
655 2347 755 2427 ·Ἐπελ
774 2363 873 2426 δέκαλ
890 2362 1030 2441 περὶτῶν
1048 2371 1080 2428 55
1093 2377 1265 2455 συμποσίοις
1281 2396 1348 2455 παι

210 2444 294 2509 διάν,
319 2438 383 2517 οἷον
373 2437 547 2524 κοττάβων
569 2394 661 2494 555q²
637 2443 749 2509 γρίφων
772 2440 820 2494 καί
826 2460 895 2522 πρυ
912 2443 966 2495 καί
981 2442 1046 2506 περὶ
1063 2462 1099 2494 κο
1120 2462 1159 2495 ων
1176 2461 1348 2513 προειρηκα-

1223 1992 1348 2039 ακος,ο

209 2528 276 2577 μεν,
296 2503 348 2563 ούκ
366 2501 404 2562 άν
414 2512 527 2591 φαῦλον
540 2510 588 2585 είη
605 2461 654 2561 διά
673 2502 833 2588 βραχίον’
819 2504 945 2561 ονόιιατα
957 2511 1082 2563 παιδιάν
1093 2438 1296 2597 ίβπιδραμεινΙ
1276 2530 1348 2591 παρ-

209 2573 401 2663 εζηγούμενον
423 2597 477 2646 την
501 2572 533 2630 έν
550 2583 650 2658 αητοις
667 2570 822 2657 άσάφειαν.
860 2562 942 2630 έν
907 2595 1004 2643 μεντοι
1023 2595 1054 2645 γε
1072 2584 1132 2637 τοις
1148 2570 1291 2659 κύβοις,
1275 2597 1349 2631 οπου

209 2663 240 2697 το
231 2646 414 2726 δνσκνβείν
431 2664 460 2698 τε
478 2644 528 2698 καὶ
547 2638 681 2724 εύκνβειν
699 2637 868 2725 ὀνομάζεται
887 2646 939 2697 καί
955 2664 1012 2697 πον
1029 2641 1124 2698 καὶ
1096 2664 1128 2698 το
1145 2642 1286 2714 δύσβολον
1297 2645 1348 2698 καί

211 2705 336 2794 εύβολον
351 2709 438 2791 εἷναι,
458 2706 586 2766 ἰστέον
570 2730 613 2766 οτι
631 2706 724 2792 κύβος
736 2730 806 2764 αοτο
816 2729 845 2765 τε
863 2707 895 2764 τό
913 2707 1089 2795 βαλλόμενον
1106 2717 1243 2773 καλειται,
1262 2709 1346 2766 κάλ’
1329 2733 1347 2783 η

210 2774 296 2833 ἐν’
259 2782 336 2833 αοτά
354 2776 544 2863 κοιλότης,τό
563 2786 691 2900 σηηιεΐον,
711 2773 835 2859 ὁτόπος,
854 2773 1011 2863 ἦγραμμῄ,
1030 2777 1062 2832 τὸ
1081 2777 1228 2867 δηλοῦν
1200 2774 1348 2846 τονάριδ-

208 2844 264 2927 μρν
282 2850 337 2900 τῶν
355 2845 535 2917 βληθέντων
560 2867 597 2900 κα
633 2844 754 2925 μάλιστα
777 2839 797 2915 ἦ
819 2865 850 2915 γε
868 2866 957 2929 μφνας
976 2867 999 2926 η
985 2841 1101 2901 ‘⁹55
1063 2853 1161 2909 αυτοις
1179 2840 1270 2918 ὄνομα
1289 2845 1351 2931 εἶχε

208 2912 244 2968 κύ
264 2934 296 2975 ος
314 2919 478 3002 καλεισθαι,
496 2911 633 2999 καθάπερ
651 2909 732 2968 καλ
719 2934 734 2967 ο
752 2911 950 2995 παροιμιώδης
962 2910 1058 2996 λόγος
1059 2912 1189 2996 μηνύειν
1210 2907 1351 2979 έοικεν,
1330 2937 1349 2985 η

209 3002 269 3063 τρς
290 2974 367 3047 εξ
347 3002 364 3051 η
390 2988 466 3046 τρεῖς
488 2978 585 3070 κύβοι
620 2984 659 3051 τῷ
681 2979 843 3065 τρυπηματι
863 2980 894 3037 55
918 2979 1023 3049 τούτῳ,
1051 2974 1084 3035 όν
1106 2980 1199 3065 κύβον
1219 3002 1348 3068 παρωνο-

208 3046 322 3130 μάσδαι
371 3047 451 3113 αοέν,
476 3052 617 3118 αργυριου
634 3070 698 3103 τινα
718 3043 852 3131 άριθμόν
875 3038 1101 3133 ἐπιφημίσαντες
1123 3045 1199 3104 καθ
1226 3046 1349 3120 έκάστην

209 3115 323 3197 μονάδα
342 3070 534 3186 άόηρημένην,
563 3108 912 3201 δραχμήνηστατῆρα
892 3138 917 3198 η
928 3120 1005 3199 5555
1026 3110 1067 3201 ἢ
1069 3113 1243 3175 ὁποσονοῦν.
1268 3117 1347 3172 έπαι-

209 3189 264 3267 ζον
281 3183 334 3253 τὴν
356 3158 591 3267 πλειστοβφλίνδα
615 3183 795 3266 καλουμένην
813 3181 948 3238 παιδιαν·
968 3179 1034 3265 ᾆδ’
1051 3179 1337 3267 νπερβαλλομενος
1310 3204 1348 3238 τω

209 3248 315 3322 πλήθει
339 3254 395 3304 ταῖν
417 3249 553 3333 μονάδων
577 3250 692 3321 έμελλεν
714 3245 926 3334 άναιρήσεσθαι
947 3248 979 3304 τὸ
1006 3245 1281 3334 έπιδιακείμενον’
1261 3242 1348 3320 αργύ-

210 3337 281 3387 ριον·
302 3314 333 3373 έν
352 3316 384 3372 δέ
403 3321 438 3389 τῇ
454 3313 599 3401 Ἀμειψίου
617 3314 806 3402 Σφενδόνη”
793 3338 810 3372 ο
826 3338 855 3372 τε
874 3315 978 3401 τρόπος
997 3316 1154 3401 δεδήλωται
1168 3320 1218 3387 τῆς
1230 3319 1348 3388 κυβείας

209 3388 258 3441 καὶ
276 3389 378 3508 προσεί
379 3407 460 3471 ρηται
485 3382 527 3440 ότι
538 3388 598 3467 είη
621 3383 653 3439 τό
671 3389 764 3469 τρῆμα
782 3406 921 3474 μνααιον,
942 3381 980 3446 άς
997 3389 1074 3454 μνάν
1092 3381 1187 3438 αύτιόν
1206 3380 1347 3438 έπιδιατε-

209 3452 296 3537 θειμέ
297 3474 354 3508 νων
377 3473 485 3522 εκαστφ
509 3450 596 3521 κύβω.
618 3451 709 3535 παρά
734 3450 766 3507 δέ
784 3460 844 3514 τοις
862 3458 909 3505 Δω
929 3455 1020 3506 ιεύσιν
1043 3451 1073 3505 οἱ
1089 3472 1179 3520 ταντη
1191 3471 1224 3521 τη
1214 3453 1348 3534 παιδιηῖ

209 3541 346 3591 γρωμενοι
376 3523 564 3590 τρηματίκται
594 3541 647 3603 την
675 3523 872 3603 προσηγορίαν
902 3473 995 3601 σάγον,
1026 3520 1076 3573 καὶ
1104 3508 1285 3600 τρηματίζειν
1315 3507 1346 3571 τό

209 3592 336 3658 πρᾶγμα
372 3595 528 3656 σκιραφεια
547 3584 580 3642 55
598 3607 632 3641 τα
645 3587 818 3669 κνβευτήρια
836 3582 1012 3671 ω’νομάσθη,
1037 3581 1110 3639 διότι
1129 3582 1250 3667 μάλιστα
1267 3579 1348 3667 '555-

208 3651 641 3804 35‘5'553055555
654 3651 986 3801 ‘5'5sg'5s5‘zssffzz
1003 3648 1240 3807 555'535555.
1241 3648 1277 3772 ἕλ’
1295 3650 1349 3807 λῖἶ.

213 3795 273 3845 VII
294 3744 346 3846 253
368 3792 450 3873 sqq).
490 3788 522 3844 τὸ
551 3786 583 3844 55
606 3784 753 3844 πεττεύειν
780 3785 870 3842 καλ
853 3810 871 3857 η
891 3791 1006 3843 πεττεία
1034 3787 1138 3841 καὶτὸ
1162 3794 1350 3869 πεσσονομεῖν

209 3856 293 3912 καλσ
311 3855 473 3943 πεττευτής,
492 3859 649 3911 καὶταῦτα
668 3851 787 3941 μένέπ’
806 3852 928 3917 έκεινοις
940 3859 1118 3937 προείρηται
1133 3849 1230 3908 έπειδ
1246 3851 1348 3923 5555-

210 3944 260 4046 φηι
285 3924 339 3993 μέν
362 3923 436 3980 τίσιν
458 3923 616 4047 οίίπεττοί,
630 3922 724 4045 s55555
744 3918 782 4044 βξ
806 3920 939 4044 έκοητερος
957 3926 1013 3976 τῶν
1030 3896 1189 3989 παιζόντων
1207 3875 1285 3992 εέχεν
1303 3917 1351 3976 έπλ

209 4014 228 4046 π
247 4010 328 4060 ντεγ
311 3995 461 4062 γραμμῶν,
481 4011 725 4075 εκοτωςερηται
771 4010 845 4059 οφοκ
864 3997 894 4043 ει

209 4129 266 4181 ταῖν
284 4123 318 4180 55
335 4124 421 4181 πέντε
439 4060 496 4182 555
505 4052 999 4209 555555555555555555“5555555
1011 4058 1129 4205 5515555
1148 4141 1277 4209 γραμμη·
1296 4123 1346 4177 καὶ

208 4189 224 4248 5
243 4191 293 4248 τόν
312 4189 429 4248 έκειθεν
446 4197 534 4248 κινάν
551 4191 708 4248 πεττόνπ
673 4188 708 4247 έπ
709 4196 763 4247 οίει
782 4194 950 4260 παροιμίαν,
969 4194 1043 4245 κίνει
1061 4189 1111 4245 τὸν
1128 4210 1171 4258 αφ
1177 4187 1295 4259 ’5055

296 4276 662 4356 1ΗετγφλτίιιεΠρ.945.
686 4270 819 4342 διαφέρει
842 4269 874 4326 55
897 4273 1013 4325 πεττεία
1033 4272 1165 4356 κυβείας·
1195 4264 1226 4321 ἐν
1242 4270 1277 4349 τῇ
1289 4265 1347 4350 μὲν

208 4337 264 4408 γάρ
281 4339 349 4401 τοδς
370 4339 478 4409 κύβους
494 4335 734 4410 άναρρίπτουσιν,
754 4335 786 4395 ἐν
804 4336 836 4394 55
853 4359 888 4408 τη
878 4340 1022 4417 πεττεία
1039 4357 1110 4392 αοτο
1100 4334 1212 4406 μόνον
1226 4333 1279 4396 τάς
1289 4332 1347 4403 φή·

209 4425 283 4474 φονς
294 4410 506 4476 μετακινοόσιν.
1074 4491 1110 4550 21
1123 4488 1141 4525 5
