3194 5004
522 429 550 469 r.
565 426 746 469 mrsouanu
762 427 1004 470 consumamus
1269 404 1331 466 tes

196 580 378 647 certissime,
400 579 458 639 hoe
480 587 591 652 estut,
614 597 681 637 cum
696 578 837 638 Terentii
858 578 979 639 fabulas
1002 598 1108 657 omnes
1129 578 1246 662 populo
1266 578 1332 657 pla·

196 683 294 741 cumae
320 690 474 741 narratum
500 690 597 749 esset,
624 700 716 740 unam
741 681 838 740 solam
858 681 1000 741 Volcatio
1022 679 1147 760 quidem
1168 688 1247 739 teste
1268 699 1332 739 non

196 784 347 863 placuisse
363 783 536 844 adiceretur
550 784 651 862 planis
667 782 769 843 verbis
791 791 822 842 et
842 781 1046 862 simplicibus,
1070 802 1133 843 non
1149 801 1206 861 per
1227 782 1332 859 aenig-

195 886 283 945 matis
309 886 480 945 artificium:
507 885 546 944 sd
572 884 721 944 eiusmodi
749 885 831 943 enim
857 885 1087 964 oppositionem
1113 882 1332 943 contrariorum

195 987 264 1066 ipsa
278 993 410 1062 quamuis
424 988 573 1066 particula
587 987 751 1046 manifesto
767 995 896 1065 spectat.
941 987 1051 1065 Itaque
1067 986 1138 1045 talis
1155 985 1239 1065 quali
1254 996 1332 1064 cpu's

196 1096 243 1149 eat
257 1091 342 1163 notio
359 1110 425 1149 cum
441 1109 458 1147 e
472 1098 602 1149 sumetur
618 1091 768 1169 scriptura
782 1090 835 1148 vin
850 1108 942 1167 posse
959 1090 1024 1149 erni
1039 1087 1196 1161 videatur,
1218 1106 1278 1145 nec
1293 1086 1332 1146 ab

194 1189 284 1251 initio
299 1210 405 1252 versus
421 1199 549 1249 metrum
564 1190 727 1263 claudicet,
748 1190 804 1249 sed
820 1191 900 1249 circa
915 1191 999 1269 ipsas
1014 1207 1053 1247 ac
1072 1192 1118 1248 lu't
1138 1206 1232 1248 voces
1256 1208 1331 1269 quas

195 1312 252 1372 per
265 1312 300 1352 se
315 1313 407 1372 aegre
423 1293 562 1371 intellegi
577 1302 670 1353 antea
684 1292 937 1371 significavimus,
954 1312 1149 1372 consequens
1165 1298 1260 1351 estut
1274 1290 1333 1350 boc

195 1396 297 1474 potius
311 1397 345 1454 in
360 1396 428 1455 loco
448 1395 540 1455 sedes
556 1394 747 1474 corruptelae
763 1403 937 1473 quaeratur.
967 1395 1066 1471 Igitur
1081 1394 1235 1473 quoniam,
1253 1412 1333 1472 quae

195 1499 283 1577 nonf
293 1498 473 1576 placuisset'
489 1498 540 1556 vel
556 1496 721 1556 ‘stetisset'
739 1495 858 1568 fabula,
879 1496 931 1554 vel
948 1496 1088 1555 ‘exacta'
1105 1496 1156 1554 vel
1173 1488 1332 1575 ‘explosa’

180 1598 368 1672 dicebatur,
386 1599 476 1659 facile
492 1599 643 1679 quispiam
658 1599 754 1678 ipsius
770 1602 919 1672 explosus!
932 1597 1074 1656 vocabuli
1089 1598 1236 1676 reliquias
1251 1599 1335 1655 eadm

195 1699 312 1760 litteras
328 1701 557 1779 interpretetur.
600 1701 715 1761 Verum
728 1700 812 1760 aliud
827 1701 859 1759 in
876 1708 1020 1779 promptu
1041 1708 1101 1773 est,
1124 1699 1218 1758 multo
1241 1699 1333 1758 etiam

108 1870 118 1885 ,
195 1803 367 1879 graviorem
386 1803 449 1865 vim
469 1802 679 1881 persuadendi
703 1802 832 1862 habeus.
877 1801 1033 1878 Quotiens
1061 1802 1143 1860 enim
1165 1803 1244 1859 ‘non
1267 1801 1333 1880 pla·

194 1905 288 1964 citae'
304 1905 449 1984 Hecyrae
463 1906 652 1965 mentionem
666 1905 807 1963 Donatus
822 1903 923 1975 inicit,
946 1904 1062 1961 totiens
1082 1902 1148 1962 fere
1169 1922 1232 1961 uno
1249 1911 1332 1961 certo
1434 1976 1438 1981 .

194 2004 344 2063 vocabulo
366 2006 472 2079 utitur,
501 2004 585 2086 quod
608 2026 674 2064 cum
694 2006 756 2064 alia
779 2005 921 2084 exempla
945 2025 1009 2063 non
1030 2002 1157 2077 habeat,
1185 2004 1238 2062 vir
1260 2002 1334 2062 mihi

196 2103 334 2186 tempero
351 2108 424 2186 quin
442 2126 481 2165 ex
495 2108 563 2186 ipso
575 2107 759 2167 Volcatiano
774 2126 866 2165 versu
881 2106 964 2164 vitae
978 2105 1188 2165 Suetouianae
1203 2106 1335 2185 petitum
1400 2118 1414 2129 ’

197 2207 306 2266 dicam.
357 2208 483 2287 Quippe
510 2217 686 2275 constanter
708 2208 761 2267 ille
782 2212 931 2266 euolutam
952 2207 1086 2267 fabulam
1105 2207 1158 2265 vel
1183 2211 1334 2266 exolutum

196 2318 320 2387 poetam
336 2309 428 2369 dixit:
444 2310 534 2369 'cuins
549 2311 595 2369 rei
609 2310 786 2369 testimonia
800 2310 882 2368 infra
897 2310 1016 2389 scripsi.
1061 2309 1099 2368 In
1120 2310 1255 2368 auctario
1278 2328 1333 2369 suo

195 2411 279 2470 vitae
295 2410 504 2471 Suetonianae
521 2411 603 2492 quod
625 2409 794 2470 subiectum
816 2421 862 2470 est
881 2432 913 2490 p.
929 2422 979 2474 35:
1001 2411 1143 2490 ‘Hecyra
1164 2430 1261 2490 saepe
1281 2429 1334 2470 eu·

195 2517 291 2585 clusa,
314 2513 367 2571 uir
382 2522 449 2572 acta
465 2514 537 2572 eat'.
581 2513 670 2572 Idem
684 2514 783 2592 praef.
799 2513 877 2573 Hec.
893 2534 924 2592 p.
940 2520 990 2575 sat
1012 2511 1203 2571 Lindenbr.:
1228 2514 1334 2592 ‘saepe

195 2619 316 2672 eaelum
337 2614 414 2673 baec
429 2614 613 2675 comoedia'.
657 2614 747 2673 Idem
767 2614 842 2694 ipsis
864 2613 1088 2673 commentariis
1111 2614 1143 2671 in
1159 2614 1237 2673 Hec.
1254 2615 1333 2694 prol.

195 2727 223 2789 1,
240 2736 269 2774 v.
286 2723 317 2775 t:
335 2717 414 2775 ‘non
430 2716 502 2795 quia
516 2716 611 2789 mala,
633 2720 753 2774 exclusa
770 2725 829 2783 est,
856 2714 913 2775 sed
930 2716 1001 2796 quia
1016 2716 1148 2796 populus
1164 2714 1335 2776 funambuli

196 2817 400 2876 admiratione
416 2817 603 2897 obstupuit’;
619 2818 652 2876 in
668 2818 746 2897 prol.
761 2829 801 2891 11,
818 2828 887 2881 v.3:
907 2825 1012 2897 ‘turpe
1027 2838 1090 2877 non
1104 2836 1172 2878 esse
1185 2818 1334 2877 Terentio

195 2923 343 2978 exclusam
367 2938 435 2979 esse
456 2940 550 2979 unam
569 2921 650 2980 illius
673 2918 839 2995 fabulam’3
866 2920 899 2978 in
914 2939 944 2977 r.
961 2926 993 2982 7:
1021 2921 1104 2978 ‘cum
1124 2938 1187 2979 una
1207 2920 1335 2999 Hecyra

194 3024 315 3080 exclusa
328 3020 398 3098 rit'3
414 3023 447 3081 in
462 3041 492 3079 v.
510 3024 557 3083 lsi
575 3023 663 3101 ‘quia
677 3031 825 3082 remotum
841 3033 872 3080 et
886 3025 1037 3080 exclusum
1055 3018 1204 3100 (poetam)
1223 3020 1334 3098 dixit'3
1413 3090 1420 3101 ι

194 3124 227 3181 in
249 3142 278 3182 v.
295 3132 345 3186 26:
367 3123 498 3203 ‘duplex
519 3142 627 3183 caussa
647 3123 687 3182 ad
708 3144 802 3183 unam
823 3128 1017 3182 exclusionem
1041 3123 1234 3196 adhibetur‘,
1262 3125 1335 3183 item

196 3226 347 3284 ‘narratio
363 3246 416 3284 cur
430 3229 551 3285 esclusa
567 3226 622 3286 sit:
649 3226 708 3285 hoc
725 3235 787 3295 eat,
815 3246 879 3285 non
900 3235 1013 3306 poetae
1035 3225 1126 3305 culpa
1151 3223 1271 3283 deiecta
1289 3233 1336 3284 est

195 3348 253 3387 nec
268 3327 381 3387 iudicio
396 3329 536 3407 populi'3
560 3329 592 3386 in
608 3346 638 3385 v.
654 3335 703 3390 29:
728 3329 816 3407 ‘quia
831 3346 995 3405 numquam
1011 3328 1088 3387 alias
1103 3331 1242 3385 exclusus
1261 3329 1333 3385 est’.

193 3429 224 3488 A
239 3449 300 3510 qna
315 3430 368 3488 ille
384 3428 605 3491 consuetudine
621 3428 769 3508 loquendi
785 3428 890 3507 paucis
906 3428 1055 3507 exemplis
1071 3429 1213 3501 recessit,
1230 3428 1334 3507 paullo

194 3530 320 3590 fortiore
336 3530 485 3589 vocabulo
508 3531 541 3587 in
562 3529 610 3588 hia
627 3549 714 3587 usus:
736 3530 769 3587 in
785 3529 863 3607 prol.
881 3540 920 3601 11,
940 3539 970 3590 t:
994 3529 1123 3588 ‘totiens
1142 3533 1268 3603 expulsa
1289 3529 1334 3588 fa-

193 3630 297 3708 bula’3
314 3632 388 3690 item
403 3629 459 3689 ‘de
475 3630 638 3702 Terentio,
657 3630 739 3709 quod
754 3635 895 3703 expulsus
907 3631 985 3707 est';
1001 3631 1075 3689 item
1091 3632 1147 3690 ‘ne
1159 3634 1333 3705 repellatur,

195 3753 257 3791 non
271 3754 305 3793 se
321 3733 494 3813 prologum,
509 3730 573 3791 ‘sed
590 3739 741 3790 oratorem
756 3732 925 3807 nominat’3
948 3733 980 3791 in
996 3752 1025 3790 v.
1043 3742 1073 3792 t:
1092 3729 1258 3812 Ἤματα]
1282 3751 1334 3791 em·

190 3835 319 3908 pulsna'.
363 3835 451 3894 Illam
477 3833 569 3911 igitur
594 3832 745 3913 loquendi
771 3832 1027 3893 consuetudinem
1053 3835 1171 3893 Donati
1196 3855 1333 3894 caussam

193 3935 294 3994 habeo
318 3956 370 3994 cur
395 3936 427 3994 in
448 3934 554 3995 Iacobi
568 3936 734 4014 Bernayaii
756 3944 859 4014 partos
882 3956 946 3995 non
967 3934 1088 4008 cedam,
1115 3939 1215 3995 cecidit
1236 3937 1333 3995 latere

193 4037 227 4095 in
242 4040 326 4095 erclis
346 4038 527 4097 conicientis
550 4037 630 4096 conl.
647 4037 724 4095 Hor.
739 4036 840 4115 Epist.
859 4049 898 4103 11,
919 4047 947 4104 t,
965 4044 1015 4099 176
1037 4037 1170 4097 ‘securus
1185 4041 1273 4096 cadat
1293 4054 1333 4095 an

194 4147 277 4198 recto
297 4146 358 4198 stet
373 4138 477 4200 fabula
491 4140 574 4198 talo’.
590 4172 631 4179 —
647 4139 792 4219 Sequitur
813 4145 861 4211 nt,
878 4136 952 4218 quid
966 4138 998 4197 in
1021 4147 1150 4196 sumetur
1164 4137 1333 4197 voce‘deli·

193 4249 308 4311 tescat,
326 4250 497 4327 quaeratur.
534 4241 584 4300 Ne
603 4241 713 4315 multa,
728 4241 875 4321 scriptum
891 4249 938 4299 est
959 4260 977 4298 a
993 4238 1148 4317 Sedigito:
1175 4240 1198 4296 S
1204 4244 1215 4296 ι’
1221 4240 1269 4295 mi
1275 4249 1334 4296 tur

195 4343 420 4401 Hecuruseaelu
444 4320 632 4401 exclusust
649 4342 761 4417 scitula.
804 4342 847 4400 Et
868 4340 1055 4403 reconditior
1076 4339 1201 4421 quidem
1220 4344 1335 4398 almilm-

193 4441 291 4502 forma
306 4441 413 4522 (stiam
427 4444 583 4522 antiquior
597 4444 653 4520 illa
668 4463 758 4522 quam
774 4443 971 4522 frequentata
986 4441 1097 4501 Plauto
1113 4436 1231 4516 simitu),
1249 4439 1333 4497 cuius

1064 4539 1131 4601 32*

684 4638 710 4697 g:
764 4636 806 4709 ‘v

666 4666 691 4793 (0
703 4713 773 4745 [illm
786 4738 809 4765 ‚¹¹

689 4780 799 4859 frast?
