3218 5000
258 412 321 481 228
765 431 901 478 rancun

396 588 513 645 uentus
536 581 622 645 enirn
645 580 681 644 fit
700 581 756 645 ubi
778 591 829 645 est
855 581 1010 668 agitando
1034 583 1177 669 percitus
1199 604 1265 648 aer.
1355 604 1358 611 ·

259 683 320 748 hoc
337 683 423 746 enim
447 684 481 745 in
506 682 575 746 loco
598 681 866 768 tranquillissimo
889 691 922 746 et
943 682 985 747 ab
1002 683 1152 748 omnibus
1168 686 1275 749 uentis
1293 686 1404 771 quieto

258 785 353 849 breui
376 782 508 848 flabello
531 782 705 870 adprobari
729 793 851 870 potest,
874 805 939 870 quo
961 786 1060 848 etiam
1082 805 1211 849 muscas
1233 786 1403 870 abigentes

260 908 367 949 aerem
392 905 633 949 commouemus
655 883 832 971 flatumque
852 888 1020 951 sentimus.
1052 886 1234 972 quodcum
1258 889 1404 952 errauerit

259 987 434 1051 occultiore
457 986 598 1072 quodam
618 995 706 1077 motu
730 986 919 1050 caelestium
935 988 988 1051 uel
1008 996 1210 1052 terrenorum
1233 1008 1426 1075 corporume

258 1111 317 1176 per
337 1110 490 1172 magnum
508 1090 649 1174 spatium
669 1087 798 1168 mundi,
821 1097 939 1151 uentus
954 1097 1089 1151 uocatur
1111 1111 1154 1151 ex
1170 1088 1311 1153 diuersis
1331 1112 1404 1176 par-

257 1190 348 1255 tibus
377 1188 459 1253 caeli
490 1190 623 1252 nomina
651 1189 751 1251 etiam
784 1188 916 1251 diuersa
942 1190 1087 1253 sortitus.
1137 1189 1269 1275 quidam
1296 1200 1404 1254 autem

259 1293 351 1355 aiunt
371 1311 409 1353 eo
431 1289 518 1377 quod
538 1312 580 1353 ex
600 1290 693 1375 aquis
716 1310 788 1371 aer,
814 1311 856 1353 ex
873 1310 949 1353 aere
967 1291 1057 1353 ueriti
1081 1300 1271 1355 nascuntur.

152 1468 253 1542 151*
346 1476 525 1541 Ventorum
541 1477 666 1563 primus
694 1475 871 1540 cardinalis
897 1490 1114 1539 supulturam
1143 1473 1285 1561 frigidus
1302 1483 1335 1540 et
1356 1478 1404 1539 ni-

261 1578 346 1642 ualis
366 1575 425 1642 flat
450 1584 558 1641 rectus
581 1576 623 1641 ab
647 1598 711 1641 axe
738 1584 771 1642 et
793 1577 873 1640 lacit
894 1575 988 1641 arida
1009 1575 1137 1659 frigora
1159 1587 1192 1641 et
1220 1577 1322 1639 siccat
1343 1597 1400 1639 nu·
1414 1598 1440 1637 ιο

261 1772 393 1816 cuntur.
431 1765 559 1815 Clemens
579 1765 769 1815 autemdicit:
794 1765 833 1814 Eo
857 1764 927 1828 quod
946 1769 1052 1813 montes
1071 1764 1174 1813 excelsi
1194 1764 1276 1813 certis
1295 1763 1404 1828 quibns·

261 1836 324 1884 dam
342 1835 498 1884 habeantur
517 1834 544 1881 in
567 1832 635 1882 locis
660 1839 687 1882 et
705 1850 739 1882 en
756 1832 799 1881 bis
818 1831 894 1881 uelut
912 1846 1076 1896 conprensus
1094 1836 1122 1881 et
1141 1836 1339 1897 coangustatus
1357 1847 1406 1880 aer

260 1903 432 1952 ordinatione
450 1901 496 1950 dei
513 1904 630 1966 cogatur
649 1907 676 1951 et
700 1900 870 1965 exprimatur
892 1899 921 1948 in
944 1904 1056 1959 uentos,
1081 1914 1193 1963 quorum
1211 1899 1239 1947 in
1257 1898 1404 1964 spiramine

262 1976 290 2019 et
314 1971 419 2019 fructus
443 1984 555 2034 germen
578 1969 719 2033 concipiat
742 1968 918 2031 aestiuusque
946 1967 1025 2016 ardor
1048 1967 1207 2031 temperiem
1226 1971 1324 2027 sumat,
1344 1980 1406 2015 cum

261 2038 368 2104 pliades
392 2039 498 2102 ignitae
517 2036 582 2085 solis
601 2036 744 2085 ardoribus
762 2035 963 2085 incanduerint.
1000 2034 1077 2083 uenti
1095 2041 1187 2084 autem
1205 2034 1341 2084 interdum
1357 2049 1405 2083 an·

261 2106 383 2170 gaiorum
406 2104 603 2168 intelleguntur
626 2105 753 2169 spiritus,
782 2103 828 2167 qui
851 2119 868 2153 a
891 2102 1009 2152 secretis
1031 2101 1076 2151 dei
1099 2101 1134 2151 ad
1158 2101 1276 2152 salntem
1293 2101 1405 2151 humaui

261 2175 372 2238 generis
390 2188 438 2238 per
455 2171 613 2221 uniuersum
631 2171 757 2220 mundum
777 2171 928 2220 mittuntur.
965 2171 1031 2219 item
1049 2184 1251 2234 nonnumquam
1269 2169 1346 2218 uenti
1364 2170 1404 2218 in-

262 2248 388 2290 centores
411 2239 523 2304 spiritus
541 2239 606 2304 poni
628 2239 717 2288 solent
739 2256 787 2303 pro
806 2253 838 2288 eo
862 2238 931 2302 quod
955 2237 1046 2286 malae
1069 2238 1256 2302 suggestionis
1279 2237 1345 2287 flatu
1370 2237 1405 2286 ad

261 2314 374 2358 terrena
397 2307 536 2356 desideria
560 2307 711 2371 iniquorum
736 2307 820 2355 eorda
842 2305 994 2355 succedunt
1016 2304 1165 2354 secundum
1184 2305 1255 2369 quod
1273 2305 1405 2368 scriptum

262 2382 317 2426 est:
341 2374 434 2425 Tollct
457 2390 518 2423 eum
541 2380 639 2423 uentus
661 2372 762 2423 urens)
799 2373 927 2423 Clemens
945 2387 1057 2437 recogn.
1077 2373 1143 2420 Vlll
1161 2371 1209 2422 23:
1237 2372 1316 2421 ‘Nam
1336 2371 1406 2435 qued

260 2445 290 2493 in
307 2449 382 2493 terra
400 2447 504 2492 montes
523 2441 626 2492 excelsi
645 2444 727 2491 certis
746 2441 908 2505 quibusdam
925 2440 1080 2490 habeantur
1099 2439 1228 2499 iniecit,
1257 2446 1288 2497 ut
1311 2455 1345 2488 ex
1363 2440 1405 2488 bis

261 2511 338 2560 uelut
356 2524 526 2576 compressus
550 2514 577 2558 et
601 2514 799 2574 coangustatus
819 2524 866 2558 aar
883 2507 1056 2557 ordinatione
1075 2507 1120 2556 dei
1138 2512 1253 2572 cogatur
1271 2514 1299 2556 et
1317 2506 1406 2571 expri-

261 2584 351 2629 matur
369 2579 397 2627 in
415 2583 526 2637 uentos,
550 2593 584 2627 cx
608 2577 705 2640 quibus
728 2584 756 2626 et
782 2578 888 2625 fructus
911 2591 1023 2640 germen
1048 2575 1208 2639 concipiant
1230 2580 1259 2624 et
1283 2576 1406 2624 aestiuus

263 2648 344 2697 ardor
362 2646 522 2710 temperiem
540 2650 644 2705 sumat,
664 2660 725 2693 cunr
743 2644 867 2709 pleiades
884 2643 991 2707 ignitae
1010 2643 1076 2692 solis
1094 2643 1236 2692 ardoribus
1256 2643 1406 2691 incandue-

205 2726 207 2729 ’
262 2712 335 2763 rint.’
362 2713 537 2777 ,Plutarchus
560 2712 591 2774 P.
615 2714 646 2760 P.
667 2711 756 2761 1117:
780 2707 853 2775 Περὶ
876 2701 1000 2774 οἶνὲμων.
1035 2701 1272 2783 Ἀναξίμανδρος,
1296 2698 1406 2774 ἄνομον

263 2775 339 2831 εἶναι
358 2773 441 2843 ὅύοιν
458 2770 557 2844 α’έμος,
581 2777 637 2829 τών
659 2770 838 2829 λεπτοτάτων
861 2769 892 2827 ἐν
914 2767 993 2842 αὐτῷ
1015 2776 1065 2827 καλ
1087 2770 1252 2843 υγοοτάτων
1274 2768 1331 2827 ὑπὸ
1355 2776 1407 2829 τοῦ

272 2841 347 2898 ‘ileo
359 2841 538 2912 κινουμένων
555 2836 575 2923 ἢ
591 2861 661 2910 raso
684 2843 764 2896 ἐνων.
802 2839 841 2896 Oi
858 2843 996 2908 Στωικοί,
1015 2843 1075 2895 ποὶν
1093 2844 1206 2911 πνεῦμα
1225 2839 1310 2908 α’έοος
1328 2838 1406 2896 εἶναι

262 2866 356 2980 diosa,
374 2917 438 2972 ταῖς
461 2913 517 2963 των
539 2929 633 2964 τοπων
672 2907 684 2963 ὲ
707 2913 840 2978 παραλλα
859 2915 906 2971 αῖς
932 2905 983 2971 τὰς
1007 2905 1171 2977 ἐπωνυμίας
1193 2906 1407 2978 παραλλάττου-

263 2997 331 3034 οαν·
350 2976 427 3043 οἷον,
447 2972 505 3032 dut
522 2979 574 3031 τοῦ
591 2974 681 3061 ζόφου
699 2977 748 3031 καὶ
765 2980 816 3060 τῆς
834 2929 950 3043 dorsuo,
969 2974 1102 3045 ζέφυρον·
1121 2970 1179 3030 aiud
1196 2979 1246 3046 τῆς
1264 2971 1407 3059 ἀνατολῆς

263 3047 382 3102 καὶτοῦ
400 3041 499 3116 ἡλίου,
522 3039 696 3114 α’πηλιωτην·
715 3042 765 3099 τὸν
784 3048 801 3098 δ
832 3041 891 3098 aiud
908 3046 964 3097 των
981 3038 1107 3112 ἄρκτων,
1128 3041 1204 3098 εἶναι
1223 3042 1337 3126 βορέαν·
1357 3063 1407 3098 τον

263 3110 295 3170 δ’
312 3110 371 3167 eiad
387 3116 443 3167 τῶν
461 3116 573 3179 νοτίων,
592 3115 668 3180 λίβα.
703 3109 908 3182 Μητρόδωρος,
930 3107 1095 3174 ὑδατώτους
1112 3106 1336 3182 α’ναθυμιαοτως
1355 3111 1404 3166 διὰ

264 3180 318 3252 τὴν
328 3177 453 3251 ἡλιακὴν
466 3179 601 3235 ἔκκαυσιν
611 3183 747 3249 γίνεσθαι
759 3175 852 3250 ὁρμὴν
863 3181 1044 3261 πνουμοὶτων·
1061 3176 1127 3241 τούς
1144 3174 1173 3232 d’
1185 3176 1300 3249 ἐτησίας
1312 3187 1406 3248 πνεῖν,

264 3253 316 3304 τοῦ
325 3245 398 3330 πρὸς
409 3255 472 3311 ταῖς
483 3243 598 3316 ἄρκτοις
609 3245 811 3333 παχυνθέντος
821 3243 916 3315 eligor,
928 3250 1125 3315 υποχωοουντι
1134 3249 1174 3315 τῷ
1185 3242 1257 3317 ἡλίῳ
1268 3244 1342 3302 κατὰ
1354 3245 1408 3316 τὴν

264 3322 388 3387 depurga
398 3314 508 3385 τροπὴν
519 3312 748 3385 ἓπιουρρεοντας.
783 3321 819 3370 cl.
832 3320 933 3369 ldeler.
944 3320 962 3368 l.
975 3336 998 3368 e.
1012 3336 1038 3384 p.
1052 3320 1085 3369 55
1097 3334 1155 3383 sqq.
1187 3319 1220 3368 74
1235 3334 1294 3384 sqq.

351 3386 424 3442 lli*
441 3389 561 3438 isidorus
579 3388 613 3437 de
630 3394 729 3438 natura
748 3404 837 3438 rerum
849 3387 990 3436 XXXVII:
1011 3390 1062 3436 ‘De
1081 3386 1236 3437 nominibus
1255 3392 1406 3437 uentorum.

263 3458 446 3509 Ventorum
521 3458 677 3522 stringit,
702 3456 773 3505 unde
792 3461 820 3505 et
837 3470 891 3504 nou
909 3455 1043 3504 immerito
1060 3454 1164 3505 diaboli
1183 3454 1297 3507 formam
1310 3455 1407 3511 induit,

265 3526 330 3590 quia
348 3525 492 3589 inquitatis
511 3524 614 3589 frigore
633 3522 777 3589 gentilium
796 3523 879 3573 corda
897 3522 1069 3587 constringit.
1111 3522 1282 3573 secundus
1358 3522 1407 3573 al·

264 3592 385 3643 tanus.’
410 3592 461 3641 boc
480 3597 619 3656 pratorum
639 3596 723 3656 eaput
735 3591 788 3640 duo
801 3591 900 3639 incerti
912 3595 1013 3654 poetae
1031 3591 1156 3641 versibus
1169 3592 1406 3655 conscripserunt:

264 3677 290 3709 ν.
305 3677 368 3725 pag.
382 3659 432 3710 304
438 3675 497 3723 sqq.
512 3685 547 3695 -
558 3659 690 3724 Vegetius
703 3658 736 3707 cle
750 3673 778 3707 re
792 3658 906 3707 militari
920 3664 964 3715 (er
980 3658 1110 3708 Varronis
1125 3657 1203 3707 libris
1218 3658 1407 3719 navalibus)V

265 3728 295 3777 8:
326 3729 456 3777 ‘Veteres
475 3731 564 3776 autem
586 3728 664 3776 iuxta
686 3727 848 3791 positionem
866 3725 1009 3774 cardinum
1033 3730 1138 3775 tantum
1162 3730 1290 3789 quattuor
1311 3730 1408 3775 uentos

266 3795 435 3860 principales
454 3809 471 3842 a
489 3793 605 3858 singulis
624 3793 698 3843 caeli
720 3793 845 3858 partibus
867 3793 934 3842 flare
954 3793 1116 3842 credebant:
1152 3791 1201 3842 sed
1224 3794 1410 3858 experimento

266 3864 403 3927 posterior
416 3866 495 3910 aetas
507 3860 651 3910 duodecim
664 3860 876 3926 comprehendit
895 3860 990 3911 borum
1002 3860 1139 3911 uocabula
1150 3859 1184 3908 ud
1197 3861 1411 3911 submouendam

265 3929 464 3978 dubitationem
488 3943 543 3977 non
569 3928 655 3978 solum
679 3929 789 3979 Graeca
813 3929 862 3979 sed
891 3929 975 3978 etiam
993 3928 1096 3977 Latina
1118 3926 1291 3992 protulimus,
1317 3928 1357 3978 ita
1379 3936 1409 3977 ut

353 4109 365 4159 l
379 4099 510 4175 agitatus
525 4102 551 4156 B
566 4094 579 4179 ll
595 4101 722 4177 pertitus
732 4102 757 4158 A
767 4116 861 4176 pensa
871 4117 943 4157 *sus
954 4100 981 4155 B
996 4093 1010 4178 ΙΙ
1024 4098 1110 4159 ‘lhos
1120 4097 1210 4173 enim]
1221 4096 1303 4177 quod
1317 4098 1409 4156 etiarn

270 4187 294 4242 B
308 4177 313 4265 Ι
338 4192 369 4242 et
387 4203 440 4242 om.
459 4180 496 4242 B¹
513 4181 527 4262 li
543 4182 622 4242 adab
639 4180 677 4242 B¹
697 4183 784 4243 arab
799 4178 840 4241 B²
855 4177 868 4263 ΙΙ
884 4181 1019 4242 ὀοίοιιοΒ
1034 4178 1047 4263 ll
1062 4194 1079 4246 3
1093 4181 1201 4241 breuis
1218 4186 1240 4239 B
1255 4178 1268 4263 Η
1285 4181 1408 4256 llauello

268 4273 293 4327 Β
307 4267 312 4352 1
337 4268 419 4349 quod
435 4265 469 4326 Β1
486 4264 501 4349 ΙΙ
516 4269 674 4344 abigentes
683 4271 713 4339 ’μ
724 4267 881 4343 abigentes
894 4267 958 4348 yffi
973 4261 987 4349 ll
1002 4272 1254 4329 scomouemusA
1268 4264 1282 4349 ss
1298 4279 1313 4328 5
1327 4266 1408 4325 ocul·

265 4355 342 4413 tiore
363 4356 388 4410 B
408 4348 421 4434 ll
441 4354 513 4415 bad
535 4373 573 4412 ex
594 4348 629 4408 ΒΙ
651 4360 682 4409 at
700 4372 737 4409 ex
754 4349 794 4410 Β2
816 4346 829 4433 ΙΙ
849 4359 864 4413 7
886 4354 1010 4410 sortitus
1027 4362 1075 4412 eat
1089 4355 1116 4419 B
1129 4351 1176 4429 ΗΘ
1198 4372 1235 4411 eo
1250 4371 1304 4410 om.
1322 4355 1349 4409 B
1364 4348 1409 4433 ll⁹

263 4439 452 4519 septentrion
467 4442 491 4495 A
508 4440 695 4515 septentrioa
709 4439 735 4494 B
748 4434 762 4522 ll
778 4446 812 4497 10
826 4436 910 4495 siead
926 4440 954 4497 B
