3186 4996
696 402 740 443 nn
766 402 882 443 nosris
1323 384 1361 445 21

221 550 291 615 siue
312 573 332 615 a
353 549 496 637 quodum
519 570 641 635 genere
663 549 860 629 farciminis,
891 547 978 634 quod
1003 548 1114 611 multis
1136 549 1235 613 rebus
1264 550 1364 614 refer-

219 661 289 715 tum
310 660 451 715 saturam
474 652 554 715 dicit
568 652 680 721 *Varro
708 651 896 715 uocitatum.
937 657 988 714 est
1009 658 1118 713 autem
1137 649 1198 714 hoo
1222 652 1364 737 positum

162 825 169 839 ι
220 755 254 817 in
277 753 421 818 secundo
442 750 528 817 libro
548 752 772 817 Plautinarum
795 752 1048 840 quaestionumr‘
1082 747 1209 814 ‘satura
1227 763 1278 817 est
1298 764 1364 816 uua

220 876 319 942 passa
342 864 375 918 et
398 854 531 942 polenta
553 862 585 929 et
603 854 711 918 nuclei
733 856 803 941 pini
824 875 867 917 ex
884 851 989 915 mulso
1013 859 1192 939 consparsi.
1219 854 1364 919 adhaec

197 955 279 1020 salii
307 955 434 1023 addunt
455 964 507 1043 ¹et¹
525 955 566 1020 de
593 955 679 1029 malo
702 957 822 1041 punico
853 962 984 1039 graua'.
1029 954 1087 1018 alii
1113 964 1221 1019 autem
1242 955 1387 1045 dictam¹

218 1066 336 1143 putant
347 1080 369 1120 a
381 1056 458 1143 lege
468 1067 593 1139 satura„
617 1079 701 1144 quae
714 1078 780 1120 uno
792 1065 907 1139 rogatu
921 1044 1023 1119 multa
1045 1055 1141 1119 simul
1163 1056 1363 1142 conprehen-

220 1157 283 1241 dit,
300 1159 388 1246 quod
401 1159 526 1227 scilieet
542 1168 574 1221 et
591 1169 703 1223 satura
717 1158 812 1241 (uno)
828 1157 971 1220 carmine
986 1155 1089 1220 multa
1102 1156 1198 1220 simul
1212 1168 1363 1243 poemata

219 1260 535 1346 conprehendantur.
586 1261 679 1324 cuius
709 1267 839 1323 saturae
866 1257 948 1341 legis
974 1257 1123 1321 Lucilius
1152 1261 1300 1323 meminit
1328 1260 1362 1323 in

217 1362 340 1448 primo:
985 1360 989 1369 ’

182 1481 210 1521 ¹⁰
303 1485 361 1549 per
383 1472 526 1527 saturam
547 1461 684 1525 aedilem
708 1461 831 1525 factum
853 1461 908 1546 qui
932 1458 1059 1544 legibus
1077 1459 1184 1525 soluat
1190 1511 1207 1553 ,x

218 1616 326 1667 dantur.
362 1620 450 1667 satira
474 1623 516 1666 est
539 1632 626 1681 genus
651 1615 739 1665 elurni
764 1617 782 1665 i.
807 1615 877 1665 disci
896 1614 941 1663 uel
960 1615 1050 1665 lancis
1074 1620 1103 1665 et
1126 1616 1166 1667 dr.
1186 1634 1203 1669 a
1227 1621 1361 1671 satietate

218 1685 341 1750 eoquod
359 1685 442 1749 plena
461 1686 596 1734 conuiciis
615 1690 643 1733 et
665 1683 925 1748 reprehensionibus
944 1684 1152 1739 cothurnicum.
1176 1690 1282 1739 satirae
1299 1704 1360 1753 pro·

217 1751 315 1818 prium'
329 1770 353 1801 e.
368 1770 393 1817 q.
407 1768 428 1802 s.
443 1768 468 1803 v.
483 1754 560 1802 Pers.
575 1754 617 1802 orl.
631 1752 709 1801 Iahn.
723 1768 750 1815 p.
763 1750 822 1800 241.
837 1749 1025 1812 Quintilianus
1038 1751 1063 1799 X
1079 1750 1100 1814 l,
1120 1752 1153 1803 93
1163 1770 1237 1819 sqq.:
1258 1756 1360 1807 ‘Satira

218 1821 327 1884 quidem
346 1825 406 1871 tcta
424 1826 518 1870 nostra
537 1825 591 1881 est,
613 1821 641 1868 in
660 1832 713 1883 qua
736 1820 839 1883 primus
859 1819 994 1883 insignem
1013 1819 1123 1871 laudern
1142 1821 1259 1887 adeptus
1277 1826 1360 1873 Luci·
1444 1844 1451 1857 ·

217 1887 271 1936 lius
289 1888 421 1951 quosdam
439 1889 480 1937 ita
492 1886 604 1937 deditos'
613 1887 667 1936 sihi
680 1886 769 1935 orlhuo
782 1886 867 1935 habet
880 1891 1032 1950 amatores,
1052 1892 1082 1935 ut
1096 1904 1157 1938 eum
1169 1905 1224 1940 non
1238 1892 1360 1941 eiusdem

142 2004 149 2017 ,
218 1955 296 2021 modo
315 1956 406 2020 operis
425 1956 584 2004 auctoribus
602 1953 650 2004 scd
669 1955 794 2003 omnibus
811 1954 901 2018 poetis
919 1954 1061 2017 praeferre
1080 1970 1135 2005 non
1147 1956 1282 2011 dubitent.
1309 1975 1360 2024 ego

218 2026 350 2085 quantum
369 2023 404 2070 ab
424 2022 478 2071 illis
496 2027 603 2071 tuntum
624 2022 658 2070 ah
677 2022 794 2070 Horatio
813 2020 960 2081 dissentio,
987 2024 1032 2085 qui
1054 2022 1193 2073 Lucilium
1211 2028 1296 2077 fluere
1319 2026 1378 2076 lu«

193 2089 354 2145 ..tulentum
372 2095 400 2139 et
419 2105 480 2140 csse
499 2089 604 2153 aliquid
622 2089 694 2153 quod
711 2089 809 2137 tollere
828 2090 917 2153 possis
940 2094 1030 2153 putat.
1050 2103 1113 2140 num
1138 2094 1255 2143 eruditio
1279 2095 1308 2143 in
1327 2110 1359 2143 co

213 2159 287 2207 mira
306 2162 335 2206 et
352 2156 468 2207 libertas
489 2162 572 2222 atque
591 2156 655 2205 iude
674 2157 862 2206 acerbitnset
881 2156 1053 2208 abundantia
1071 2159 1147 2208 salis.
1184 2161 1299 2210 multum
1318 2167 1361 2211 est

216 2226 316 2274 tersior
335 2240 368 2274 ac
386 2240 469 2289 purus
487 2226 576 2289 magis
594 2224 728 2273 Horatius
747 2228 789 2286 ot,
808 2240 861 2273 non
880 2224 959 2273 labor
977 2224 1036 2274 eius
1056 2240 1162 2287 umore,
1179 2228 1358 2293 praecipuus.

216 2292 331 2341 multum
354 2297 382 2341 et
404 2307 488 2341 uerae
507 2291 612 2356 gloriae
632 2292 757 2355 quamuis
779 2307 833 2341 uno
850 2292 921 2340 libro
939 2292 1051 2343 Persius
1069 2294 1178 2343 meruit.
1209 2301 1272 2344 sunt
1290 2295 1360 2345 clari

217 2359 352 2424 hodieque
371 2365 400 2409 et
418 2360 464 2424 qui
487 2359 551 2408 olim
570 2360 791 2409 nominabuntur.
829 2360 945 2407 ultorum
965 2357 1032 2407 illud
1053 2359 1137 2411 etiam
1156 2363 1230 2426 prius
1253 2364 1358 2412 satirae

217 2442 304 2491 genus
322 2427 370 2476 sed
382 2442 438 2477 non
449 2427 510 2477 sola
523 2428 674 2477 canninum
686 2427 826 2476 uarietato
839 2427 953 2475 mistum
966 2424 1090 2476 condidit
1102 2428 1250 2478 Terentius
1261 2430 1357 2492 Varro,

216 2495 260 2543 uir
275 2489 460 2544 Romanorum
479 2495 689 2544 eruditissimus.
725 2495 855 2559 plurimos
873 2493 919 2543 hic
929 2493 1023 2555 libros
1048 2498 1075 2540 et
1094 2493 1267 2549 doctissimos
1286 2513 1358 2547 corn·

213 2564 321 2627 posuit,
341 2562 523 2626 peritissimus
541 2562 653 2627 linguae
667 2563 787 2611 Latinae
801 2567 830 2611 ct
842 2563 929 2611 onmis
942 2562 1119 2626 antiquitatis
1133 2569 1161 2612 et
1173 2580 1262 2614 rerum
1273 2565 1358 2615 Grae-

218 2644 310 2681 earum
323 2636 546 2693 nostrarumque,
565 2630 626 2693 plus
639 2634 733 2679 tamen
746 2631 883 2680 scientiae
897 2628 1047 2680 collaturus
1061 2643 1141 2698 quum
1162 2631 1357 2696 eloquentiae)

215 2696 372 2746 Euanthius
390 2697 424 2746 de
444 2696 551 2746 fabula:
590 2697 676 2761 ‘quod
694 2698 780 2760 primo
798 2698 924 2748 Lucilius
942 2712 1013 2747 nouo
1032 2701 1198 2764 conscripsit
1216 2700 1309 2762 modo,
1328 2704 1359 2749 ut

216 2766 312 2829 poesin
330 2764 394 2813 inde
413 2765 533 2827 fuceret,
553 2764 581 2812 id
595 2770 637 2813 est
649 2765 729 2813 nnius
740 2763 872 2815 'carminis
904 2765 976 2814 iures
996 2763 1104 2815 libros’
1132 2767 1225 2830 Lydus
1238 2769 1271 2818 de
1284 2784 1357 2833 mag.

216 2849 244 2896 p.
262 2848 284 2881 r.
304 2822 539 2889 141τῬίνθωνα
557 2827 607 2880 καὶ
623 2821 757 2896 Ἀυκήραν
775 2829 823 2882 καὶ
836 2834 941 2883 Βλεσον
959 2829 1008 2882 καὶ
1027 2823 1092 2889 τούς
1110 2825 1213 2893 ἄλλους
1230 2834 1287 2885 τών
1299 2834 1358 2885 Πυ-

217 2892 353 2963 θαγόραν
385 2898 512 2961 (Σκίραν
534 2896 584 2948 καλ
606 2899 729 2948 Βλαίουν
750 2897 801 2950 καὶ
827 2893 892 2959 τούς
918 2889 1022 2957 ἄλλους
1046 2898 1101 2949 τών
1124 2895 1358 2983 φλυακογρώφων

216 2967 287 3016 coni.
307 2966 450 3027 Beuvens)
470 2963 552 3042 iopes
570 2955 605 3015 οώ
622 2965 728 3029 μικρώς
747 2960 931 3032 διδαγμοὶτων
949 2959 996 3043 Ρἐπὶ
1014 2966 1065 3032 τῆς
1082 2962 1208 3049 caupilus
1222 2961 1357 3027 Ἑλλαδυς

234 3027 353 3084 evindus
376 3034 559 3098 καθηγητας,
587 3029 637 3083 καλ
661 3027 856 3098 διαφερόντως
879 3027 929 3085 τὸν
956 3033 1108 3097 Ρίνθωνα,
1137 3052 1169 3094 ος
1193 3033 1357 3103 εξαμέτροις

216 3049 325 3166 ἔγραψε
338 3099 447 3163 πρώτος
464 3090 667 3165 κωμῳδίαν·.ἔ
701 3089 734 3150 οὖ
747 3100 856 3163 πρώτος
869 3096 963 3167 λαβών
984 3096 1035 3159 τώς
1053 3093 1190 3181 α’φορμάς
1207 3104 1358 3162 Λουκίλιος

214 3160 381 3232 ὀῬωμαῖος
397 3159 532 3247 ἡρωϊκοίς
552 3161 648 3217 ἔπεσιν
682 3161 844 3234 succiduos.
873 3169 945 3234 μεθῖν
969 3156 1003 3219 ὃν
1021 3167 1069 3220 καὶ
1088 3185 1154 3229 τους
1176 3163 1239 3234 μετ’
1258 3162 1356 3233 αυτόν,

216 3223 267 3293 οὓς
289 3234 408 3285 καλοῦσι
435 3236 560 3314 Ρωμαῖοι
583 3228 766 3299 σατυρικούς,
791 3230 822 3286 oi
843 3230 973 3300 νεώτεροι
998 3230 1048 3287 τὸν
1070 3237 1216 3301 Κρατίνου
1233 3236 1283 3289 καλ
1301 3229 1357 3289 Eti-

216 3296 333 3361 κόλιδος
356 3318 522 3382 χαρακτρρα
545 3297 731 3368 ζηλώσαντες,
759 3306 820 3362 τοῖς
848 3297 902 3368 μὲν
922 3296 1078 3368 Ῥίνθωνος
1105 3300 1218 3369 μέτροις
1241 3308 1300 3364 τοῖς
1324 3298 1356 3355 δὲ

215 3370 272 3421 τών
289 3370 550 3436 μνημονευθεντων
569 3371 738 3436 dracontion
751 3364 937 3437 χρησάμενοι,
956 3365 1008 3437 τὴν
1022 3367 1178 3438 σατυρικὴν
1196 3365 1357 3435 ἐκρώτυναν

216 3437 383 3504 κωμῳδίαν,
407 3428 538 3500 Ὁράτιος
560 3432 613 3503 μὲν
631 3431 683 3488 οὐκ
708 3433 760 3500 ἔξω
784 3438 835 3504 τῆς
858 3435 959 3505 τέχνης
977 3439 1090 3505 χωρών,
1117 3435 1238 3501 Πέρσιος
1257 3434 1289 3490 δὲ
1307 3433 1357 3489 τὸν

215 3500 338 3571 ποιητὴν
356 3499 502 3571 Σώφρονα
519 3498 703 3587 μιμήσασθαι
728 3501 823 3556 θέλων
840 3503 872 3557 τὸ
890 3502 1077 3573 Λυκόφρονος
1095 3508 1247 3573 aconiton
1264 3497 1356 3572 οἷμαυ-

216 3567 281 3637 ρόν·
321 3572 448 3635 Τοῦρνος
468 3566 500 3623 δὲ
518 3571 567 3623 καὶ
588 3566 771 3638 Ιυυβενώλιος
795 3571 844 3624 ’καὶ
868 3568 1043 3639 Πετρώνιος,
1067 3565 1196 3624 ου’τόθεν
1213 3576 1276 3631 ταῖς
1300 3574 1355 3623 λοι·

216 3640 328 3704 δορίαις
341 3631 558 3703 ἐπεξελθόντες,
577 3634 627 3696 τὸν
646 3634 797 3703 σατυρικὸν
809 3633 898 3706 νόμον
915 3637 1107 3705 παρέτρωοαν.
1128 3642 1249 3690 Isidorus
1268 3642 1355 3707 origg.
1436 3680 1442 3687 .
1511 3650 1514 3657 ⁴

215 3709 324 3771 t'1117,
342 3706 368 3756 8:
388 3708 525 3779 ‘Satyrici'
536 3714 628 3758 nutem
640 3709 708 3758 dicti
728 3710 787 3758 siue
807 3710 876 3773 quod
889 3710 964 3775 pleni
982 3711 1037 3758 sint
1056 3709 1128 3758 omni
1146 3708 1278 3757 fucrtndia
1296 3709 1357 3790 siue

213 3827 416 3838 ——1—-——.

299 3904 316 3955 2
332 3902 469 3972 satyram
488 3896 576 3951 ΑΒΜ
587 3889 602 3976 Η
616 3895 781 3953 uocitatum
795 3899 887 3953 codes
904 3896 1032 3969 Scioppii
1046 3914 1126 3969 susp.
1143 3901 1205 3954 lect.
1227 3898 1298 3954 ΒΜ
1312 3890 1325 3975 ΙΙ
1340 3905 1357 3959 3

213 3988 320 4058 satyro
335 3980 423 4036 ABM
435 3974 448 4060 ΙΙ
463 3976 533 4059 uua]
547 3978 630 4048 ubig
649 3973 662 4061 ll
682 3988 699 4040 4
712 3979 837 4057 polenta
850 3980 969 4039 muclec
985 3982 1075 4059 (corr.
1093 3978 1207 4058 nuclei)
1219 3982 1254 4037 M
1264 3974 1278 4061 ll
1292 3981 1356 4058 pini

213 4074 245 4123 et
260 4064 356 4122 mulso
375 4064 531 4141 conspersi
544 4067 637 4122 codex
652 4066 780 4137 Scioppir'
791 4064 874 4141 pinei
892 4065 988 4123 mulso
1010 4066 1165 4144 conspersi
1182 4068 1337 4123 Poischr'us
1348 4059 1356 4145 ll

212 4158 230 4210 6
248 4147 470 4225 conprehendit
487 4150 518 4205 O.
535 4149 636 4207 lolam:
653 4146 881 4225 conprehendat
891 4151 978 4207 ΑΒΜ
989 4144 1001 4229 Η
1017 4158 1123 4229 satyra
1137 4151 1225 4206 ΑΒΜ
1236 4144 1249 4229 ΙΙ
1264 4156 1280 4211 i
1295 4167 1355 4206 uno

211 4237 279 4291 redd.
303 4235 336 4291 0.
360 4234 445 4291 Iukn.
466 4226 480 4313 ΙΙ
502 4232 654 4290 carminare
674 4234 709 4288 M
727 4226 905 4289 carmina‘A
930 4232 942 4269 '¹
962 4235 1095 4292 carmina
1112 4232 1208 4291 multa
1221 4230 1310 4289 simul
1326 4240 1356 4288 et

208 4325 356 4396 poemata
378 4338 395 4386 ς
409 4310 455 4396 118
477 4326 601 4396 satyrae
616 4319 668 4373 AB
684 4325 789 4395 satyra
802 4317 838 4373 M
849 4311 862 4396 ΙΙ
880 4327 913 4379 10
926 4326 1060 4397 satyram
1078 4318 1166 4375 ΑΒΜ
1177 4310 1191 4396 Η
1205 4313 1273 4393 quia
1288 4333 1355 4371 con-

209 4405 275 4461 iecit
295 4403 320 4459 I.
338 4403 438 4460 Doara
453 4404 557 4458 Lucilii
573 4410 628 4461 αα.
645 4405 698 4458 rel.
718 4402 808 4473 lap.
825 4406 864 4459 24
