3218 5000
230 392 289 462 178
396 456 402 467 ,
426 414 660 460 sarracenam
682 414 770 455 arear
791 411 834 457 ea
857 412 944 457 snae
966 409 1170 455 sonsnenrn

227 584 332 623 rursum
350 569 409 617 eius
428 570 543 616 mertem
561 566 607 630 qui
632 565 819 630 longissimam
847 569 969 614 aetatem
992 563 1097 627 egisset
1118 562 1200 612 linem
1224 578 1285 612 esse
1309 578 1371 612 see-

228 636 283 687 euli
301 635 423 685 secundi.
459 634 499 683 sic
522 634 652 699 deinceps
675 641 782 698 tempus
806 631 970 696 reliquorum
994 631 1145 680 terminari.
1182 630 1230 679 scd
1248 645 1283 678 es
1301 628 1372 696 quod

227 706 388 769 ignorarent
405 701 537 764 hemines,
554 706 683 766 portenta
700 700 772 749 mitti
789 699 920 749 diuinitus
940 699 1036 763 quibus
1050 698 1260 748 admonerentur
1277 713 1370 747 nnum-

228 772 351 836 qnodque
369 771 509 820 saeculum
528 786 588 819 esec
607 768 721 817 finitum.
752 766 776 817 u.
794 767 865 818 haec
882 773 1011 832 portenta
1028 766 1137 817 Etrusci
1155 781 1203 831 pre
1222 765 1372 831 haruspicii

228 838 446 904 disciplinaeque
469 852 535 887 suae
559 837 661 901 peritia
689 836 836 900 diligenter
859 835 1008 885 obseruata
1038 835 1066 883 in
1095 833 1180 883 libres
1210 835 1369 883 retulerunt.

227 922 310 973 quare
330 907 358 955 in
376 904 474 954 Tuscis
493 904 628 967 historiis,
652 919 721 968 quae
746 907 846 953 octauo
865 919 957 953 eorum
975 900 1086 952 saecule
1105 901 1225 964 scriptae
1244 905 1319 961 suut,
1341 905 1373 949 ut

227 976 314 1025 Varro
332 977 460 1034 testatur,
478 978 507 1021 et
525 978 591 1035 quot
607 986 719 1021 numero
736 970 850 1020 saecula
868 972 895 1021 ei
914 971 989 1035 genti
1008 970 1077 1019 data
1093 970 1149 1019 sint
1173 975 1202 1018 et
1219 973 1373 1026 transacto·

227 1058 286 1092 rum
304 1040 413 1105 singula
431 1046 535 1104 quanta
553 1039 656 1088 fuerint
674 1038 807 1104 qnibnsue
821 1038 937 1088 ostentis
950 1053 1044 1088 eorum
1057 1038 1146 1086 exitus
1159 1035 1298 1100 designati
1316 1037 1372 1085 sint

228 1110 391 1160 continetur.
427 1107 521 1171 itaque
545 1107 676 1171 scripturn
695 1112 738 1155 est
756 1111 883 1171 quattuor
901 1106 990 1171 prima
1008 1103 1123 1155 saecula
1136 1118 1267 1153 annorum
1286 1103 1371 1155 luisse

229 1184 388 1235 centenum,
414 1176 536 1239 quintam
560 1180 669 1225 centnm
690 1174 791 1239 uiginti
814 1174 910 1234 trium,
935 1174 1046 1222 sextum'
1062 1171 1238 1236 undeuiginti
1261 1178 1289 1220 et
1307 1186 1372 1219 cen-

228 1253 298 1308 tum,
329 1242 476 1308 septimum
499 1242 626 1303 totidem,
658 1247 787 1291 octauum
809 1247 868 1291 tum
890 1241 999 1290 demum
1022 1239 1082 1303 agi,
1113 1255 1213 1289 nonum
1243 1244 1273 1288 et
1296 1238 1371 1287 dcci·

228 1329 301 1363 mum
319 1324 477 1375 superesse,
502 1309 600 1375 quibus
623 1310 774 1359 transactis
793 1308 875 1359 finem
898 1309 955 1358 lere
978 1307 1095 1357 neminis
1114 1307 1232 1357 Etrusci.
1270 1306 1293 1355 7.
1320 1308 1371 1355 lte·

229 1395 369 1430 manorum
393 1383 484 1427 autem
507 1377 620 1429 saecula
648 1376 759 1440 quidam
783 1376 854 1425 ludis
879 1374 1068 1425 saecularibus
1097 1379 1196 1439 putant
1224 1374 1371 1438 distingui,

230 1449 273 1498 eui
297 1446 337 1496 rei
360 1445 428 1495 tides
451 1445 474 1495 si
498 1451 574 1494 certa
598 1451 652 1503 est,
679 1444 773 1493 modus
797 1444 913 1493 Romani
937 1441 1043 1492 saeculi
1065 1449 1109 1491 est
1132 1443 1263 1492 incertus.
1305 1449 1371 1490 tem·

228 1530 322 1581 porum
341 1513 413 1563 enirn
425 1512 583 1574 interualla,
602 1512 700 1577 quibus
712 1509 767 1560 ludi
781 1512 828 1560 isti
840 1510 962 1561 debeant
978 1510 1085 1571 referri,
1104 1525 1159 1560 nen
1175 1508 1254 1561 medo
1268 1515 1371 1574 quanta

228 1583 331 1632 suerint
348 1586 420 1630 retro
439 1580 581 1646 ignoratur
598 1579 646 1629 sed
662 1594 696 1628 ne
710 1585 813 1643 quanta
826 1578 934 1643 quidem
947 1594 1007 1628 esse
1020 1576 1141 1628 debeant
1153 1577 1246 1627 scitur.
1269 1578 1294 1625 ll.
1308 1591 1372 1625 nam

229 1651 270 1699 ita
292 1648 445 1698 institutum
468 1662 529 1697 esse
553 1653 582 1696 ut
605 1647 754 1697 centesima
778 1661 883 1711 quoque
908 1661 980 1696 anno
999 1645 1110 1707 flerent,
1134 1644 1163 1694 id
1186 1660 1247 1694 eum
1275 1645 1372 1693 Antias

231 1717 332 1781 aliique
351 1714 476 1765 historici
496 1721 624 1764 auctores
642 1718 717 1774 sunt,
743 1719 799 1763 tum
818 1714 904 1763 Varro
923 1713 956 1763 de
975 1712 1113 1763 scaenicis
1131 1712 1283 1777 originibus
1301 1711 1372 1761 libro

230 1786 317 1850 prinae
335 1785 375 1833 ita
393 1784 525 1846 scriptum
542 1781 666 1846 reliquit:
691 1781 757 1830 Cum
782 1780 866 1830 multa
884 1786 1014 1846 portenta
1037 1780 1146 1841 fierent,
1172 1786 1201 1829 et
1224 1795 1315 1829 reuma
1338 1794 1372 1827 se

229 1854 322 1913 turris,
342 1866 412 1916 quae
435 1855 498 1900 sunt
520 1850 591 1899 inter
608 1852 714 1914 portam
733 1847 866 1904 Collinam
890 1855 918 1898 et
936 1849 1120 1913 Esquilinam,
1145 1847 1179 1897 de
1198 1848 1276 1896 eaelo
1295 1852 1372 1899 tacta

231 1924 332 1981 essent,
353 1922 381 1967 et
397 1917 459 1967 ideo
477 1917 562 1967 libres
580 1915 729 1981 Sibyllinos
747 1917 797 1965 XV
815 1917 867 1966 uiri
886 1916 1022 1976 adissent,
1046 1915 1237 1966 renuntiarunt
1255 1915 1294 1964 nti
1313 1915 1373 1964 Diti

229 1987 302 2054 patri
321 1992 349 2035 et
366 1985 547 2050 Proserpinae
566 1984 623 2033 ludi
635 1983 779 2033 Tarentini
791 1985 820 2032 in
836 2000 933 2049 campo
945 1984 1047 2034 Martio
1066 1982 1164 2032 tierent
1180 1983 1267 2032 tribus
1284 1982 1372 2032 noeti-

230 2056 289 2115 bus,
310 2059 338 2102 et
355 2052 462 2103 hostiae
481 2052 579 2101 farriae
598 2049 812 2113 immolarentur,
831 2052 926 2115 utique
939 2051 996 2101 ludi
1010 2051 1161 2102 centesimo
1174 2065 1280 2115 qnoque
1300 2063 1372 2099 anne

230 2122 336 2172 fierent.
359 2119 385 2168 a.
398 2121 465 2169 item
482 2119 514 2169 Τ.
528 2119 626 2169 Liuius
644 2117 715 2168 libre
735 2119 885 2171 CXXXVI:
905 2118 1008 2169 Eodem
1026 2134 1099 2169 anne
1117 2117 1195 2169 ludes
1213 2117 1373 2169 saeculares

229 2190 335 2240 Cacsar
352 2188 460 2252 ingenti
478 2186 614 2252 adparatu
633 2185 713 2247 lecit,
739 2200 807 2252 ques
828 2188 980 2237 centesimo
1003 2201 1109 2251 quoque
1128 2200 1199 2235 anne
1213 2212 1244 2220 -
1258 2187 1283 2234 is
1300 2186 1372 2234 enirn

231 2258 363 2306 terminus
375 2254 482 2305 saeculi
492 2281 524 2289 —
536 2254 595 2303 lieri
608 2269 674 2303 mos.
692 2267 709 2299 s
727 2268 743 2298 r
756 2260 786 2303 nt
798 2260 895 2303 contra
907 2254 1013 2304 decimo
1027 2254 1231 2318 centesimoque
1246 2269 1318 2303 auno
1331 2268 1372 2302 rc-

229 2328 359 2390 petontur
371 2327 428 2371 tam
442 2322 631 2371 commentarii
643 2323 693 2371 XV
705 2323 825 2373 uirorum
839 2337 919 2386 quem
932 2323 965 2371 Ι).
978 2322 1096 2387 Augusti
1110 2321 1203 2370 edicta
1216 2320 1314 2371 testari
1332 2321 1371 2369 ui·

191 2448 196 2459 ,
230 2393 338 2453 dentur,
357 2390 427 2440 adeo
439 2388 470 2438 ut
482 2390 616 2439 Horatius
629 2389 747 2441 Flaccus
761 2392 789 2438 in
802 2390 923 2439 carmine
937 2389 1008 2454 qued
1019 2387 1210 2441 saecularibus
1222 2388 1294 2437 ludis
1308 2403 1372 2437 ean·

231 2464 320 2509 tatum
338 2458 427 2507 estid
445 2462 553 2522 tempus
572 2456 623 2506 hoc
642 2458 721 2507 morlo
740 2457 943 2522 designauerit:
964 2456 1061 2506 Certus
1079 2456 1203 2505 undenos
1216 2456 1312 2505 decies
1325 2471 1374 2521 per

230 2542 317 2577 annos
335 2525 418 2575 Orbis
435 2530 466 2577 ut
483 2529 581 2573 cautus
599 2525 758 2589 referatque
777 2524 855 2575 ludos
872 2525 927 2575 Ter
945 2523 990 2573 die
1013 2524 1090 2573 clera
1113 2525 1268 2588 totiensque
1292 2530 1374 2589 grata

229 2596 317 2645 Necte
336 2594 503 2657 trequentes.
537 2590 575 2639 10.
591 2607 661 2655 quae
680 2592 816 2643 dissensio
829 2597 995 2657 temporum,
1015 2592 1039 2641 si
1051 2597 1177 2643 ueterum
1194 2592 1374 2642 reuoluautur

230 2661 356 2722 annales,
374 2659 456 2725 longe
473 2658 561 2723 magis
583 2660 612 2708 iu
634 2660 741 2711 incerto
766 2660 930 2709 inuenietur.
966 2659 1068 2724 primes
1089 2660 1162 2709 euirn
1179 2658 1257 2710 ludos
1276 2674 1373 2709 saecu·

230 2730 303 2779 lares
327 2727 434 2777 exactis
456 2726 567 2791 regibus
589 2734 652 2791 pest
673 2729 788 2777 Romam
810 2727 951 2778 conditam
974 2726 1054 2777 anius
1076 2726 1198 2777 CCXLV
1221 2742 1238 2776 a
1261 2727 1373 2777 Valerio

230 2795 375 2846 Publicola
408 2794 550 2843 institutos
586 2810 646 2845 esse
674 2809 690 2840 ιι
708 2808 724 2840 ιι
743 2795 778 2845 ad
807 2796 857 2844 XV
886 2795 1006 2845 uberum
1035 2795 1263 2855 commentarios,
1300 2809 1373 2845 anno

230 2861 471 2914 CCLXXXXVIH
493 2861 531 2910 M.
551 2862 662 2914 Valerio
680 2862 777 2931 Spurio
796 2862 926 2927 Verginio
950 2863 1025 2912 Coss.
1044 2875 1061 2906 ιι
1078 2874 1092 2906 ιι
1110 2877 1182 2911 anne
1200 2869 1262 2927 post
1278 2862 1374 2913 urbem

230 2930 370 2980 conditam
387 2932 487 2978 eetaue
506 2934 534 2978 et
553 2930 835 2997 quadringentesimo,
859 2934 890 2979 ut
911 2944 978 2979 acro
996 2930 1025 2979 in
1043 2930 1247 2983 commentariis
1265 2930 1314 2978 XV
1333 2928 1374 2978 ui·

229 3013 319 3048 rorum
337 2997 468 3061 seriptum
486 3002 529 3045 est
546 3012 618 3047 arene
637 3000 729 3049 CCCC
749 3005 777 3047 et
794 2998 901 3047 decime
919 2998 956 3047 M.
976 2997 1086 3049 Valerio
1105 2997 1196 3047 Coruo
1214 2998 1242 3047 11
1261 2996 1291 3045 C.
1304 2997 1373 3046 Poe·

228 3066 288 3115 tilio
312 3064 388 3114 Coss.
412 3064 489 3113 tertii
511 3064 567 3113 luni
591 3065 703 3117 fuerunt
724 3066 837 3117 Autiute
862 3064 995 3128 Liuieque
1020 3065 1178 3119 auctoribus
1201 3067 1231 3115 P.
1257 3063 1373 3113 Claudio

229 3131 348 3182 Pulchro
360 3132 392 3181 L.
405 3131 484 3181 Innio
502 3132 582 3183 Pullo
595 3132 670 3185 Coss.
690 3154 707 3185 ιι
724 3152 741 3184 ιι
753 3147 824 3183 anno
837 3132 1075 3197 quingentensime
1087 3132 1328 3182 duodeuicensime
1340 3132 1371 3181 P.

230 3199 356 3250 Cornelio
374 3197 492 3249 Lentulo
511 3198 542 3248 C.
560 3200 668 3252 Licinio
683 3203 756 3251 Varo
774 3200 851 3250 Coss.
873 3199 911 3248 ll.
932 3200 965 3249 de
985 3206 1142 3263 quartorum
1161 3200 1284 3249 ludorum
1302 3214 1373 3247 auno

228 3268 330 3333 triplex
347 3266 438 3331 opinio
457 3272 508 3316 est.
543 3269 642 3320 Antias
661 3268 732 3321 enim
757 3274 785 3318 et
801 3269 889 3317 Varro
912 3274 941 3316 et
956 3266 1054 3319 Liuius
1078 3267 1181 3318 relatos
1204 3282 1265 3317 esse
1283 3265 1372 3331 predi·

229 3335 329 3385 derunt
350 3336 383 3383 Ι..
402 3334 507 3385 Marcio
526 3334 677 3388 Censorino
699 3329 747 3388 Μ’.
768 3335 885 3387 Manilio
910 3334 987 3385 Coss.
1011 3342 1074 3400 pest
1095 3336 1209 3385 Romam
1233 3334 1373 3385 conditam

231 3418 303 3453 auno
323 3402 404 3452 llCV.
430 3406 460 3451 at
482 3401 547 3452 Piso
566 3402 713 3456 Censorius
732 3410 760 3454 et
778 3404 827 3453 Cn.
848 3401 967 3463 Gellius,
993 3404 1041 3452 sed
1065 3407 1094 3454 et
1112 3402 1224 3453 Cassius
1242 3402 1371 3463 Hemina,

231 3471 276 3536 qui
293 3470 342 3519 illo
361 3477 483 3533 tempore
500 3470 624 3533 uiuebat,
642 3478 705 3538 post
723 3486 824 3521 urinum
843 3470 934 3520 factos
953 3471 1064 3521 tertium
1082 3470 1229 3521 adfirmant
1243 3468 1293 3519 Cn.
1308 3469 1372 3518 Cor·

229 3538 304 3587 nelie
321 3536 440 3586 Lentulo
458 3537 490 3586 L.
509 3538 638 3599 Mummio
657 3540 779 3590 Achaico
802 3538 889 3599 Coss,
911 3538 939 3586 id
963 3544 1007 3587 est
1029 3553 1101 3589 sano
1123 3537 1249 3588 DCVIII.
1272 3537 1301 3586 in
1324 3536 1374 3585 XV

230 3606 349 3655 uirorum
372 3609 465 3655 autem
488 3608 691 3657 commentariis
713 3611 845 3656 notantur
867 3606 917 3655 sub
942 3621 1014 3655 anno
1036 3604 1205 3657 DCXXVHI
1227 3605 1264 3655 M.
1283 3603 1372 3654 Aemi-

230 3673 267 3723 lio
289 3673 396 3737 Lepide
419 3673 452 3722 L.
476 3673 587 3723 Aurelio
611 3674 709 3729 Oreste
734 3674 810 3723 Coss.
835 3674 944 3737 quintos
966 3673 1046 3723 ludes
1068 3673 1099 3723 C.
1120 3674 1222 3725 Furnio
1246 3671 1276 3723 C.
1295 3671 1374 3721 Iunio

230 3740 325 3790 Silano
354 3739 431 3790 Coss.
459 3755 531 3792 anno
559 3742 763 3791 DCCXXXVII
792 3740 897 3790 Caesar
922 3740 1062 3807 Augustus
1091 3747 1120 3791 et
1146 3742 1269 3807 Agrippa
1298 3739 1373 3789 leec-

229 3813 301 3857 rnnt.
337 3812 430 3858 sextos
454 3815 546 3857 autern
570 3808 638 3859 lecit
660 3809 703 3859 Ti.
726 3807 858 3858 Claudius
881 3807 987 3858 Caesar
1012 3825 1042 3859 se
1064 3806 1121 3859 1111
1150 3816 1178 3858 et
1204 3809 1237 3858 L.
1260 3806 1374 3857 Vitellio

228 3875 274 3926 111
292 3874 368 3926 Coss.
388 3890 461 3925 auno
478 3874 585 3937 DCCC,
605 3877 735 3941 septimos
752 3875 928 3927 Domitianus
941 3891 971 3926 se
982 3877 1066 3927 XIIII
1078 3882 1106 3926 et
1123 3877 1156 3926 L.
1170 3876 1290 3927 Minucio
1303 3873 1374 3923 Itnfe

217 3942 305 3993 Coss.
326 3958 398 3992 anne
416 3942 645 4005 DCCCXXXXI,
668 3948 783 3995 octenos
805 3944 985 4007 imperatores
1009 3944 1159 4010 Septimius
1181 3948 1210 3993 et
1232 3942 1269 3991 M.
1288 3942 1373 3991 Aure·

229 4009 283 4060 lius
300 4009 454 4060 Antoninus
473 4009 570 4060 Cilone
588 4017 617 4060 et
633 4011 740 4065 Libone
758 4010 836 4063 Coss.
855 4026 928 4062 anne
945 4010 1153 4061 DCCCCLVII.
1180 4010 1218 4059 12.
1232 4010 1296 4059 hine
1315 4008 1373 4057 ani·

232 4077 407 4129 maduertere
424 4078 492 4128 lieet
509 4093 599 4142 neque
616 4084 680 4144 post
698 4085 807 4130 eentum
826 4094 911 4129 annes
928 4083 960 4128 ut
977 4078 1005 4127 hi
1023 4079 1179 4129 referentur
1195 4077 1252 4126 ludi
1270 4081 1373 4125 statum

234 4160 295 4195 esse
312 4161 402 4210 neque
420 4149 486 4211 post
502 4151 614 4195 centurn
631 4146 736 4197 decem.
767 4162 880 4210 querum
892 4146 1003 4196 etiamsi
1016 4146 1176 4195 alterutrum
1189 4149 1261 4193 retro
1276 4144 1374 4193 luisset

232 4212 418 4274 obseruatum,
435 4227 490 4262 non
507 4217 602 4263 tamen
619 4214 688 4264 satis
705 4215 735 4264 id
753 4213 908 4279 argumenti
926 4218 1001 4264 esset
1019 4228 1071 4278 quo
1090 4212 1150 4277 quis
1168 4210 1210 4261 bis
1229 4210 1299 4261 ludis
1312 4225 1373 4261 sae-

232 4279 297 4331 cula
314 4280 433 4357 discerpi
452 4284 610 4330 constanter
629 4280 763 4344 adfirmet,
781 4281 946 4348 praesertim
963 4296 1025 4330 cum
1043 4279 1079 4331 ab
1090 4278 1166 4329 urbis
1178 4277 1325 4344 primordio
1338 4276 1374 4326 ad

232 4362 313 4412 reges
340 4351 466 4409 exactos,
491 4362 579 4399 annos
602 4347 768 4412 CCXLIIII,
793 4348 872 4399 ludos
891 4349 982 4397 factos
1006 4362 1081 4407 esse,
1106 4351 1203 4396 auctor
1224 4346 1261 4396 sit
1284 4360 1373 4407 neme,
1401 4376 1413 4393 .

231 4414 301 4479 qnod
313 4418 421 4478 tempus
431 4414 525 4479 procul
534 4414 617 4467 dublo
629 4416 752 4466 naturali
760 4416 848 4466 maius
860 4420 904 4465 est
915 4410 1036 4466 saeculo.
1054 4414 1092 4465 13.
1103 4413 1202 4480 quodsi
1212 4413 1273 4481 quis
1285 4413 1375 4463 eredit
