3200 4992
693 430 736 475 es
758 424 875 475 rosere
1038 402 1042 410 ’
1315 413 1356 476 77

188 573 383 646 *ferebatur
419 600 497 668 apes
530 580 811 646 circumcolarunt
844 602 945 667 osque
978 579 1131 644 insedere
1164 579 1356 667 complures,

215 692 271 746 aut
293 680 420 746 dulcem
443 676 508 744 iani
532 691 601 745 tum
624 668 774 768 spiritum
804 684 875 745 eius
897 678 1084 746 bauridbtes
1102 689 1159 746 aut
1179 681 1357 746 facundum

215 792 247 847 et
265 782 394 869 qualem
417 805 505 846 nune
522 784 733 846 aestimamus
755 782 902 874 futurum
923 781 1158 869 significantes.
1193 784 1242 868 (a)
1265 804 1357 869 prae·
1387 778 1392 791 “

135 964 142 975 .
214 884 402 970 captoribus
414 893 492 947 tunc
509 884 775 948 eminentissimis
792 893 841 947 est
857 884 1004 948 eruditus
1020 904 1142 971 eosque
1160 885 1247 949 intra
1258 882 1358 948 breue

181 987 370 1071 ,stemporis
406 986 545 1071 spatium
580 985 712 1069 ingenio
740 984 954 1071 adaequauit,
989 1006 1056 1049 una
1088 1006 1167 1049 uero
1191 984 1357 1049 studentes

215 1088 382 1173 superauit
408 1084 620 1173 profectibus.
668 1085 864 1150 declamauit
892 1094 924 1150 et
949 1108 1068 1172 graece
1097 1094 1129 1149 et
1157 1084 1258 1150 latine
1284 1072 1395 1149 cum*

215 1209 334 1273 magna
361 1186 577 1250 admiratione
604 1172 817 1250 audientium}
858 1187 900 1252 ob
929 1174 1155 1273 quodpueriti
1178 1178 1302 1250 mutato
1324 1188 1386 1271 in,

214 1290 414 1354 senatorium
432 1285 555 1351 cultum
571 1295 604 1349 et
621 1287 654 1349 in
670 1289 820 1351 notitiam
840 1287 992 1352 Caesaris
1014 1288 1154 1365 Neronis
1171 1287 1269 1352 facile
1286 1309 1358 1374 per·

214 1392 319 1473 uenit,
348 1397 381 1453 et
407 1389 530 1453 bonore
552 1388 689 1451 uixdum
711 1390 816 1454 aetati.
833 1389 943 1455 debito
964 1390 1084 1474 dignus
1111 1389 1274 1453 iudicatus
1297 1397 1394 1479 181ζῶ

180 1494 318 1577 regessit
351 1499 460 1554 autem
486 1498 712 1579 quies-turam,
744 1492 779 1553 in
807 1512 872 1575 qua
898 1513 970 1555 cum
999 1492 1137 1577 collegis
1164 1513 1253 1554 more
1281 1499 1359 1555 tunc

215 1595 335 1657 usitato
367 1612 485 1655 munus
519 1591 751 1675 gladiatorium
779 1591 882 1657 edidit
910 1591 1054 1657 secundo
1082 1591 1194 1678 populi
1229 1591 1358 1669 fauore3

215 1693 430 1778 sacerdo-tium
453 1693 551 1756 etiam
570 1694 697 1778 accepit
711 1703 901 1789 auguratus.
932 1693 1083 1779 equidem
1100 1692 1258 1757 hactenus
1280 1703 1358 1756 tenr-

215 1816 295 1882 pora
316 1793 430 1857 babuit
453 1793 607 1858 secunda.
644 1816 727 1880 quae
749 1803 929 1880 sequuntur
957 1803 1066 1859 autem
1087 1802 1213 1857 mutata
1234 1793 1360 1857 inuidia

215 1907 247 1960 et
270 1896 344 1960 odio
364 1894 505 1958 Neronis
532 1895 595 1979 ipsi
637 1888 753 1959 xitium
783 1897 969 1961 domesticis
991 1895 1117 1960 luctum
1139 1894 1359 1959 miserabilem

183 1997 404 2068 reattulerunt.
444 2018 517 2060 cum
540 1998 626 2060 inter
650 1988 771 2061 amicos
794 2000 880 2062 enim
902 1998 1054 2063 Caesaris
1076 2005 1142 2059 tam
1165 1998 1359 2082 conspicuus

215 2098 307 2163 fieret
321 2096 486 2184 profectus
501 2096 602 2182 (eius)
621 2099 656 2161 in
671 2102 813 2185 poetica,
836 2100 1023 2186 frequenter
1039 2097 1157 2183 (Nero)
1174 2097 1359 2162 offendeba-

214 2211 285 2283 tur3
315 2202 435 2287 quippe
455 2210 487 2262 et
509 2199 686 2263 certamine
704 2204 925 2286 pentaeterico
944 2209 1017 2263 acto
1033 2200 1066 2262 in
1084 2199 1218 2285 Pompei
1234 2199 1359 2273 theatro
1461 2220 1464 2225 ·

216 2301 367 2366 laudibus
396 2301 542 2364 recitatis
568 2300 602 2363 in
630 2300 794 2366 Neronem
817 2302 924 2365 fuerat
947 2309 1120 2365 coronatus
1128 2340 1146 2387 ,ἦ
1166 2308 1199 2363 et
1221 2321 1263 2363 ex
1282 2308 1359 2375 tem·

215 2425 293 2489 pore
314 2402 447 2500 Orphea
469 2402 623 2501 scriptum
646 2403 680 2465 in
705 2405 962 2490 experimentum
984 2384 1157 2465 aduersum
1178 2400 1361 2486 complures

183 2504 365 2569 aediderat
393 2502 567 2603 poetasfct
603 2512 669 2567 tres
702 2503 804 2569 libros
830 2504 943 2590 quales
971 2480 1151 2617 uidemus!
1170 2486 1273 2588 quare
1300 2502 1361 2565 ini-

217 2606 336 2668 micum
370 2605 435 2669 sibi
463 2605 586 2669 fecerat
618 2607 857 2691 imperatorem.
909 2628 972 2692 quo
1002 2604 1177 2668 ambitiosa
1212 2604 1360 2667 uanitate

217 2729 280 2770 non
303 2705 470 2769 hominum
491 2714 617 2769 tantum
639 2708 697 2771 sed
720 2717 753 2772 et
780 2709 898 2771 artium
923 2708 986 2772 sibi
1007 2707 1226 2794 principatum
1255 2703 1360 2768 uindi-

217 2816 328 2889 canto‚
350 2808 561 2871 interdictum
583 2821 631 2872 est
655 2810 685 2871 ei
710 2812 854 2896 poetica,
878 2808 1086 2873 interdictum
1109 2815 1159 2870 est
1174 2807 1271 2870 etiam
1286 2827 1360 2869 cau·

301 3014 333 3062 21
353 3029 411 3078 sqq.
428 3014 543 3063 Tacitus
562 3029 625 3064 anu.
645 3014 694 3065 XV
713 3014 759 3066 49:
784 3015 936 3065 ‘Lucanum
954 3016 1081 3080 propriae
1106 3028 1209 3063 euersae
1228 3011 1361 3062 accende·

218 3081 293 3143 bant,
314 3083 384 3146 quod
403 3081 504 3131 famam
524 3083 675 3132 carminum
693 3084 752 3133 eius
770 3085 913 3148 premebat
929 3084 1001 3134 Nero
1019 3082 1251 3148 prohibueratque
1271 3086 1361 3129 osten·

217 3156 276 3200 tare
295 3164 383 3199 uanus
402 3147 635 3200 adsimulatione!

217 3269 419 3279 -----

302 3337 543 3399 tinbaurientes
572 3332 634 3416 Wll
650 3337 814 3397 facundum
845 3343 982 3401 Weberus
1001 3336 1185 3396 saecundum
1204 3336 1241 3391 W
1254 3353 1360 3391 secun-

218 3424 288 3484 dum
311 3425 345 3480 M
362 3417 376 3505 Η
399 3432 416 3485 3
441 3422 646 3481 existimamus
671 3427 734 3482 edd.
758 3432 823 3483 vett.
844 3420 857 3505 ΙΙ
879 3445 898 3482 a
919 3428 1029 3482 addidit
1051 3425 1207 3493 quontina
1222 3414 1235 3499 ΙΙ
1250 3432 1267 3479 4
1283 3419 1372 3501 intra¹

218 3515 253 3568 ab
273 3513 336 3567 ced.
362 3524 449 3564 nuum
471 3509 537 3565 odd.
566 3510 604 3565 W
621 3502 635 3589 ΙΙ
656 3521 672 3571 5
694 3510 831 3586 spacium
852 3511 885 3566 M
901 3504 916 3591 ΙΙ
937 3518 954 3571 6
981 3515 1012 3566 et
1029 3527 1081 3565 om.
1105 3508 1138 3563 M
1152 3503 1167 3586 ΙΙ
1179 3522 1270 3582 grece
1288 3504 1323 3559 M
1329 3505 1366 3557 W

218 3594 227 3678 {t
245 3606 262 3659 9
277 3590 393 3669 debito]
416 3592 524 3651 deuico
557 3596 595 3651 W
613 3592 625 3674 f}
648 3606 695 3652 cst
714 3593 864 3653 iudicatus
883 3596 918 3652 M
971 3604 999 3654 11
1019 3590 1123 3650 odudit
1142 3595 1176 3649 M
1188 3586 1202 3673 Η
1217 3585 1361 3648 secundo.

217 3683 316 3754 incipit
330 3681 358 3735 t:
374 3682 391 3736 7.
408 3680 436 3735 Β
451 3672 464 3758 ΙΙ
481 3685 513 3738 11
535 3688 701 3754 auguratus
721 3682 837 3737 evanuit
850 3684 880 3737 in
897 3682 925 3737 B
971 3686 1001 3738 n
1017 3675 1190 3736 demosticis
1207 3678 1235 3733 B
1250 3669 1264 3753 ll
1278 3671 1362 3729 luctu
1413 3728 1424 3749 Ι

217 3770 269 3824 sed
282 3774 313 3822 tu
323 3771 423 3836 postca
439 3765 506 3819 edd.
519 3765 547 3819 B
561 3758 574 3844 ΙΙ
590 3762 763 3824 miserabile
778 3767 805 3821 B
818 3758 832 3845 Η
851 3775 882 3826 15
896 3783 963 3822 cum
975 3772 1029 3820 om.
1053 3763 1115 3818 WB
1129 3755 1143 3843 ΙΙ
1161 3771 1193 3824 16
1204 3760 1361 3840 profectus

219 3853 283 3910 eius
297 3851 417 3921 scripsi:
433 3848 590 3925 profectus
604 3853 671 3908 libri
689 3847 877 3927 profectibus
905 3851 1043 3907 Weberus
1056 3841 1070 3926 ΙΙ
1085 3847 1263 3926 frequenter
1279 3843 1362 3902 Nero

192 3991 199 4001 ‚
219 3932 429 3994 offendebatur
447 3936 566 4005 scripsi:
586 3935 765 4014 frequenter
782 3933 992 3992 offendebatur
1013 3934 1041 3988 B
1062 3931 1241 4011 frequenter
1261 3938 1362 4005 osten·

220 4020 348 4080 debatur
368 4018 402 4073 M
407 4019 445 4073 W
464 4018 642 4096 frequenter
661 4017 837 4078 offendebat
868 4021 1005 4076 Webaras
1031 4010 1045 4096 ΙΙ
1068 4023 1097 4078 17
1122 4016 1310 4097 pentaterico
1332 4011 1367 4066 M

219 4102 408 4185 pentaterico
419 4119 459 4158 ca
475 4104 651 4178 penteerico
667 4123 745 4162 corr.
767 4106 804 4159 W
810 4103 998 4183 penteterico
1012 4104 1040 4158 B
1083 4101 1216 4181 pompeii
1228 4103 1255 4156 B
1271 4093 1285 4178 Η
1298 4105 1361 4154 tea·

219 4199 265 4249 tro
288 4191 352 4246 WB
367 4182 381 4268 ΙΙ
397 4196 428 4249 19
444 4185 607 4247 aduersum
629 4192 781 4247 Weberus:
800 4207 836 4246 ac
850 4207 956 4247 uerum
977 4189 1043 4244 libri
1086 4186 1275 4263 cumplures
1298 4183 1335 4237 W
1348 4176 1361 4257 Η

219 4284 254 4337 ao
267 4269 343 4349 tres]
361 4281 479 4332 ceteros
501 4274 639 4332 Weber-us
654 4271 667 4357 ΙΙ
681 4284 713 4335 11
728 4273 863 4332 uanitate
875 4275 907 4329 M
917 4273 1033 4330 unitate
1056 4274 1094 4329 W
1105 4270 1241 4329 imitante
1262 4269 1289 4322 B
1301 4263 1364 4339 (sed

219 4362 243 4418 it
258 4379 276 4416 a
294 4377 370 4416 man.
386 4354 457 4433 sec.)
475 4353 487 4437 Η
501 4363 536 4416 11
547 4358 753 4418 uindicantem
778 4352 841 4439 Wss
856 4367 891 4420 13
905 4355 1098 4416 interdictum
1115 4358 1142 4412 B
1154 4352 1217 4431 (sed
1232 4351 1274 4409 iet
1289 4353 1363 4404 inter

220 4442 282 4523 lin.)
297 4443 450 4504 interdum
477 4446 515 4501 W
526 4440 539 4522 ll
554 4445 695 4523 poeticae
711 4443 746 4500 M
