3200 4992
600 429 642 470 ue
664 392 750 470 vihis
774 428 987 470 innueramus
1301 411 1359 475 133

219 598 325 662 neque
342 576 531 663 pauimenta
550 574 616 639 alia
637 594 734 661 quam
758 599 775 640 e
799 574 957 661 Carysteo
976 596 1152 657 marmore,
1180 577 1265 662 quod
1288 579 1359 641 auri

220 676 327 761 fulgor
350 676 489 760 hebetet,
512 685 546 740 at
570 675 721 762 Carystci
744 676 895 740 uiriditas
917 674 1043 739 reficiat
1065 678 1186 740 oculos.
1229 699 1303 741 narn
1327 686 1368 741 et*

219 779 274 864 qui
300 777 549 842 nummulariam
573 777 703 841 discunt
739 777 945 841 denariorum
974 776 1087 841 formis
1112 786 1256 864 myrteos
1279 800 1358 864 pan-

219 900 278 943 nos
299 878 480 943 subiciunt:
508 888 542 943 et
569 899 769 963 gemmarum
792 876 971 965 scalptores
995 877 1244 943 scarabaeorum
1265 889 1360 965 terga

196 980 336 1065 aquibus
356 979 437 1043 nihil
460 987 509 1044 est
531 977 670 1043 uiridius
693 978 833 1044 subinde
851 981 1047 1066 respiciunt:
1072 990 1103 1044 et
1117 980 1256 1066 pictores
1270 980 1358 1045 idem

218 1081 353 1163 iaciunt,
377 1088 413 1143 ut
434 1079 578 1145 laborem
601 1080 692 1143 uisus
713 1102 824 1145 eorum
847 1079 1012 1145 uiriditate
1032 1088 1191 1145 recreent.
1500 1148 1506 1161 .

304 1179 475 1261 Quaedam
497 1201 620 1266 genera
643 1179 799 1244 librorum
813 1182 911 1245 certis
929 1179 1069 1247 modulis
1084 1179 1356 1246 conficiebantur:
1370 1166 1471 1239 llll*

218 1282 360 1348 breuiori
381 1281 487 1345 forma
508 1283 653 1363 carmipa
668 1290 765 1367 atque
780 1281 948 1367 epistulae,
965 1290 1000 1345 at
1019 1302 1099 1346 uero
1117 1281 1272 1346 historiae
1290 1304 1356 1346 ma·

218 1384 279 1447 lori
301 1381 432 1447 modulo
457 1381 700 1448 induebantur:
735 1390 767 1445 et
791 1402 857 1445 non
884 1383 988 1447 solum
1013 1384 1046 1445 in
1070 1392 1159 1447 carta
1180 1383 1233 1447 uel
1259 1405 1356 1447 mem·

183 1512 207 1551 ro
216 1484 339 1566 branis,
353 1482 521 1547 sedetiam
542 1482 576 1546 in
592 1482 730 1547 omentis
743 1481 960 1569 elephantinis
973 1482 1215 1571 textilibusque
1232 1483 1357 1549 malua-

216 1606 288 1649 rum
304 1582 394 1649 foliis
414 1592 513 1670 atque
534 1583 725 1669 palmarum.
755 1586 848 1648 cuius
863 1584 992 1668 generis
1009 1582 1116 1648 Cinna
1130 1586 1177 1649 sic
1192 1586 1355 1651 meminit:

367 1683 448 1748 baec
468 1682 529 1747 tibi
552 1685 684 1749 Arateis
707 1684 843 1751 multum
868 1683 1006 1769 uigilata
1029 1684 1172 1750 lucernis

215 1823 305 1875 hendo
324 1822 474 1872 inuolueris
492 1821 647 1871 chartarum
666 1823 884 1889 segestriumque
904 1821 1042 1873 mercibus
1059 1837 1137 1873 nsum
1149 1824 1274 1888 praebet,
1294 1824 1357 1875 ideo

217 1906 233 1942 a
251 1890 452 1941 mercatoribus
470 1891 675 1954 cognominata.
711 1896 773 1955 post
789 1890 862 1939 hanc
874 1905 1007 1954 papyrum
1020 1896 1063 1940 est
1080 1897 1284 1956 extremumque
1297 1894 1358 1942 cius

217 1961 308 2024 scirpo
326 1956 424 2017 simile,
445 1973 478 2006 ac
496 1966 530 2007 ne
551 1958 662 2006 funibus
681 1958 789 2022 quidem
802 1958 856 2005 nisi
870 1958 898 2005 in
912 1972 1003 2007 umore
1023 1958 1099 2008 utile.
1136 1959 1250 2008 Texitur
1268 1961 1356 2009 omnis

146 2028 160 2041 ⁸
215 2026 344 2076 madente
367 2023 465 2073 tabula
486 2024 545 2073 Nili
570 2040 650 2089 aqua.
692 2025 816 2074 turbidus
839 2025 928 2088 liquor
951 2026 1006 2073 nim
1028 2025 1144 2089 glutinis
1167 2026 1292 2092 praebet.
1327 2028 1356 2075 in

216 2098 320 2144 rectum
337 2093 426 2157 primo
444 2093 544 2156 supina
563 2092 681 2141 tabulae'
694 2092 797 2141 scheda
817 2091 948 2140 adlinitur
965 2091 1138 2157 longitudine
1162 2095 1261 2157 papyri
1284 2108 1355 2157 quae

215 2161 305 2226 potuit
329 2174 390 2210 esse
414 2159 615 2221 resegminibus
638 2161 773 2223 utrimque
799 2160 963 2223 amputatis,
993 2165 1119 2209 trauersa
1142 2166 1240 2225 postea
1263 2166 1355 2210 crates

215 2228 334 2294 peragit.
370 2226 503 2290 premitur
519 2227 619 2275 deiude
638 2227 748 2291 praelis,
769 2231 797 2275 et
815 2226 956 2275 siccantur
968 2226 1024 2275 sole
1039 2225 1168 2292 plagulae
1187 2232 1269 2291 atque
1283 2228 1356 2276 inter

214 2312 244 2345 se
270 2299 419 2359 iunguntur
442 2308 632 2358 proxumarum
651 2308 759 2358 semper
777 2293 912 2343 bonitatis
929 2293 1116 2343 deminutione
1135 2294 1171 2343 ad
1183 2295 1354 2345 deterrimas.

214 2376 361 2425 numquam
379 2359 471 2424 plures
489 2376 574 2426 scope
593 2376 675 2425 quam
693 2362 820 2409 uisenae.
855 2361 959 2476 Maglna
977 2362 1005 2409 in
1023 2360 1170 2411 latitudine
1190 2377 1283 2410 earum
1302 2362 1354 2411 dil-

191 2454 194 2459 ·
214 2429 348 2479 terentia:
366 2428 434 2477 XIII
453 2427 600 2491 digitorum
619 2428 744 2492 optumis,
764 2427 817 2477 duo
831 2427 910 2476 detra
930 2432 1013 2476 untur
1025 2428 1188 2491 hiereneus,
1206 2429 1355 2479 Fanniana

214 2497 298 2547 denos
308 2495 403 2557 habet,
422 2499 451 2544 et
462 2510 516 2545 uuo
526 2496 615 2545 miuus
628 2494 893 2560 amphitheatriticae,
913 2496 1058 2559 pauciores
1071 2495 1177 2545 Saitica
1190 2512 1242 2545 nec
1254 2496 1355 2546 malloo

214 2562 331 2624 suffieit3
346 2577 417 2619 ,nam
441 2563 620 2627 emporiticae
633 2562 763 2611 breuitaa
787 2578 834 2611 sex
858 2562 960 2625 digitos
982 2578 1036 2612 non
1055 2562 1172 2612 excedit.
1208 2568 1355 2627 praeterea

213 2635 356 2697 spectatur
373 2631 402 2678 in
421 2628 525 2679 chartis
543 2630 667 2679 tenuitas
685 2630 809 2679 densitas
828 2629 931 2677 candor
948 2630 1033 2678 tenor.
1068 2631 1219 2683 Primatum
1237 2632 1356 2680 mutauit

214 2697 346 2749 Claudius
369 2696 487 2758 Caesar;
518 2698 604 2746 nimia
628 2699 728 2762 quippe
752 2698 894 2760 Augustae
917 2698 1039 2746 tenuitas
1057 2696 1209 2747 tolerandis
1227 2713 1280 2747 non
1298 2700 1355 2748 sul·

214 2766 327 2815 liciebat
351 2764 481 2824 calamis3
506 2764 540 2813 ad
563 2764 614 2814 hec
639 2765 795 2813 tramittens
823 2762 920 2813 literas
948 2764 1049 2813 liturae
1078 2770 1179 2814 metum
1207 2765 1355 2815 adferebat

214 2850 248 2883 ex
268 2832 381 2887 auersis,
400 2837 428 2881 et
446 2832 519 2880 alias
538 2831 667 2880 indecoro
685 2833 748 2880 uisu
765 2830 962 2895 pertraluoIda.
998 2832 1084 2897 igitur
1107 2833 1261 2882 esecuudo
1280 2833 1355 2883 corio

212 2900 364 2950 statumina
381 2898 460 2947 iacta
478 2905 541 2948 snut
559 2904 592 2947 et
605 2899 691 2963 primo
710 2898 875 2949 subtemina.
912 2899 989 2948 ausit
1008 2904 1036 2948 et
1053 2899 1242 2959 latitudinem,
1261 2900 1354 2964 pedali

214 2981 350 3017 mensura.
388 2970 452 3015 erat
467 2970 495 3015 et
513 2965 645 3015 cubitalis
664 2965 853 3027 macrocollis,
877 2965 928 3015 sed
954 2967 1027 3015 ratio
1049 2966 1232 3031 deprehendit
1255 2968 1355 3016 uitium

211 3036 293 3084 unius
314 3033 409 3083 scidas
427 3031 582 3083 reuolsioue
600 3033 686 3097 pluris
706 3033 857 3082 infestante
875 3033 1003 3098 paginas.
1039 3034 1073 3083 ob
1092 3033 1162 3083 haec
1181 3049 1214 3082 ex
1227 3034 1354 3098 praelata

213 3102 338 3151 omnibus
362 3100 495 3162 Claudia,
521 3100 665 3165 Augustas
693 3101 722 3150 in
751 3100 877 3165 epistuIIs
901 3102 1055 3150 auctoritas
1084 3101 1193 3150 relicta.
1233 3102 1354 3151 Liuiano

212 3184 290 3220 suam
307 3169 406 3227 tonuit,
425 3168 470 3217 cui
489 3166 558 3216 nihil
576 3184 591 3217 e
609 3169 698 3231 prima
716 3173 777 3217 erat
793 3167 842 3217 scd
860 3168 953 3217 omnia
972 3183 987 3216 e
1005 3166 1146 3218 secunda'
1165 3184 1189 3217 e.
1209 3184 1234 3232 q.
1253 3184 1276 3217 s.

298 3233 369 3287 llll¹l
393 3235 513 3284 Isidorus
537 3236 626 3350 origg.
644 3235 682 3284 VI
708 3234 752 3283 12:
777 3235 835 3283 ‘De
859 3234 937 3285 libris
956 3234 1145 3285 conficiendis.
1181 3235 1354 3296 Quaedam

213 3304 341 3367 genera
359 3301 524 3352 librorum
543 3318 560 3352 a
580 3317 607 3350 uc
634 3302 754 3366 gentiles
772 3303 879 3351 certis
969 3300 1190 3366 expolituml'
1229 3302 1273 3352 13:
1298 3302 1353 3353 ‘Da

212 3371 341 3421 librorum
364 3369 517 3421 uocabulis.
559 3319 672 3419 boden
690 3369 868 3419 multorum
963 3370 1091 3429 dictus,
1116 3364 1189 3418 sicut
1208 3369 1280 3434 apud
1298 3370 1353 3419 He-

211 3439 312 3488 braeos
335 3437 476 3487 uolumina
500 3437 585 3499 legis,
612 3436 752 3486 uolumina
776 3436 978 3501 prophetarum.
1020 3435 1110 3486 liber
1134 3441 1186 3486 est
1204 3437 1354 3486 interior

212 3539 414 3549 ———-—

299 3603 313 3652 t
327 3592 477 3667 Carysteo
488 3593 643 3657 Arcesius:
659 3589 849 3648 eucharistae
863 3591 977 3648 Monac.
991 3591 1075 3662 orrlpo
1088 3583 1102 3669 ll
1118 3596 1135 3648 2
1148 3589 1326 3665 fulgoreGu.
1338 3596 1355 3647 2

211 3670 225 3757 ll
237 3674 361 3733 hebetet
375 3684 406 3732 at
420 3678 540 3748 scripsi:
573 3673 698 3732 hebetat
713 3684 743 3732 et
758 3676 826 3732 libri
839 3672 965 3733 hebetet
981 3682 1012 3732 et
1026 3677 1167 3733 Arcesius
1181 3667 1196 3755 ΙΙ
1211 3672 1353 3753 Carystei

274 3760 277 3765 '
325 3753 443 3794 eucharisti

213 3813 290 3869 orto:
321 3810 425 3869 causti
447 3810 556 3866 Monac.
573 3808 756 3867 eucharistie
778 3811 830 3890 Ga.
850 3815 865 3867 1
888 3804 901 3889 ΙΙ
921 3810 1184 3873 3nummularium
1203 3809 1318 3866 Monac.
1339 3802 1353 3886 Η

253 3902 266 3929 a
340 3906 343 3911 Α
750 3891 756 3903 .

210 3944 313 4004 formis
328 3932 441 4002 Monac.
458 3937 472 4026 ΙΙ
486 3945 517 4001 iu
531 3944 654 4001 mirteos
669 3944 781 4002 Monac.
797 3946 850 4003 Gn.
867 3944 923 4001 lin
935 3952 1068 4002 mustene
1086 3946 1140 4001 Ga.
1158 3944 1224 4015 2(r'n
1238 3962 1293 4016 my.
1312 3942 1352 4001 el.

210 4028 360 4107 mirrioos)
378 4025 393 4109 Ι]
406 4037 423 4088 t
435 4027 603 4105 sculptores
618 4030 687 4085 libri
706 4024 721 4107 ΙΙ
742 4037 759 4091 6
777 4036 857 4086 ut—
870 4036 1011 4086 recreent
1028 4048 1082 4087 om.
1104 4033 1140 4086 nl.
1164 4023 1177 4106 {l
1197 4035 1212 4091 7
1232 4028 1354 4085 nomina

1211 4119 1224 4146 0

211 4146 304 4222 Ges]
324 4165 367 4235 (nt
381 4166 504 4237 ridetur)
525 4157 539 4243 ΙΙ
560 4161 732 4223 Sbreviore
751 4166 803 4220 Ga.
823 4169 846 4219 1.
866 4170 884 4221 2
902 4163 945 4233 (ut
959 4166 1081 4233 uidetur)
1098 4158 1112 4244 ΙΙ
1128 4162 1277 4241 epistulae
1293 4163 1353 4219 Mo-

211 4267 274 4306 nac.
292 4243 305 4329 ΙΙ
319 4249 433 4307 maiore
445 4251 497 4307 Ga.
514 4248 584 4317 Idri
595 4250 717 4320 videtur)
733 4241 747 4327 ΙΙ
762 4254 779 4308 9
793 4248 823 4303 in
835 4246 1016 4305 membranis
1033 4251 1087 4306 Ga.
1101 4254 1117 4305 1
1129 4256 1159 4305 et
1171 4244 1352 4304 membranis

212 4335 265 4391 Gn.
283 4340 301 4390 2
320 4327 334 4413 ΙΙ
360 4343 392 4396 10
407 4333 565 4391 ommentis
581 4334 636 4390 Gu.
656 4338 673 4389 2
687 4329 846 4388 momentis
859 4333 912 4389 Gn.
934 4337 948 4388 1
961 4326 976 4412 ΙΙ
995 4340 1025 4392 tt
1037 4332 1130 4391 cratis
1143 4332 1196 4389 θα.
1215 4335 1233 4387 2
1247 4323 1261 4409 ΙΙ
1275 4328 1351 4405 uigi-

210 4417 274 4475 lata
289 4418 471 4491 Stephanus:
496 4415 657 4493 inuigilata
671 4416 738 4472 libri
