3218 5000
260 376 318 444 tes
456 396 691 441 surenaunsra
714 397 803 439 nicar
825 398 868 440 nn
892 397 978 440 anuo
1000 398 1203 441 nonanoaru

259 550 400 601 abundare
415 563 514 600 annum
528 548 644 599 diximus
658 564 750 600 eorum
763 554 806 599 est
817 544 1086 614 permissnsarbitrio
1099 551 1143 616 qni
1156 551 1401 615 iastispraeeraut.

223 667 227 671 .
256 620 297 669 uti
310 635 371 668 cnm
383 617 487 667 uellent
498 617 723 679 intercalaretur,
739 618 883 669 dummodo
897 633 956 667 euru
969 619 998 667 in
1010 619 1101 670 medio
1113 618 1344 669 Terminaliorum
1356 619 1401 668 uel

257 688 359 736 mensis
375 685 551 735 intercalaris
567 686 607 734 ita
623 685 757 745 locarent,
774 690 805 733 ut
823 701 840 735 a
851 691 979 749 suspecto
998 686 1042 735 dio
1055 687 1246 736 celebritatem
1262 692 1403 737 coemeret

256 755 447 803 nundinarum.
461 758 543 817 atque
555 752 608 802 hoc
621 753 739 817 estquod
753 753 862 816 qnidam
869 759 993 803 ueterum
999 755 1150 804 retulerunt
1161 770 1215 804 non
1228 755 1314 803 solum
1328 770 1401 803 mcu-

257 837 314 872 sem
328 822 400 887 apud
412 821 549 870 Romanos
561 835 656 870 uerum
669 823 752 870 etiam
765 820 836 870 diem
849 821 1044 871 intercalarem
1058 823 1151 871 fuisse.
1170 821 1212 871 20.
1232 822 1340 886 qnando
1354 837 1401 870 au-

257 896 311 939 tem
325 890 439 954 primum
452 887 646 938 intercalatum
658 888 705 949 sit,
718 889 794 937 uarie
808 888 934 947 refertur,
948 893 975 937 et
985 890 1080 938 Macer
1093 890 1202 953 quidem
1208 890 1332 939 Licinius
1343 890 1402 939 eius

257 958 297 1007 rei
311 956 445 1021 originem
457 956 571 1005 Romulo
585 956 720 1021 adsignat
734 956 831 1006 Antias
844 956 914 1005 libro
924 957 1044 1006 secundo
1057 957 1171 1007 Numam
1184 954 1346 1023 Pompilium
1358 972 1402 1006 sa·

258 1040 363 1073 crorum
376 1040 461 1075 causa
473 1024 500 1073 id
512 1025 650 1073 inuenisse
661 1024 812 1073 contendit.
824 1024 1048 1073 liminsServinm
1054 1024 1173 1074 Tullium
1187 1026 1401 1090 regemprimum

257 1091 438 1142 intercalasse
452 1097 655 1152 commemorat,
669 1107 686 1141 a
699 1107 751 1154 qno
765 1096 793 1140 et
804 1091 941 1141 nundinas
953 1093 1095 1141 institutas
1105 1088 1222 1142 Varroni
1235 1093 1337 1157 placet.
1358 1093 1399 1141 21.

257 1161 411 1209 Tuditanus
424 1160 511 1209 refert
527 1159 598 1208 libro
611 1159 695 1208 tertio
710 1161 919 1223 magistratuum
932 1159 1119 1220 Decemuiros,
1134 1162 1179 1224 qni
1191 1160 1287 1210 decem
1299 1160 1401 1210 tabulis

257 1229 326 1278 dnos
340 1226 509 1287 addiderunt,
522 1227 556 1277 de
570 1226 761 1276 intercalando
774 1226 902 1291 populum
913 1242 1041 1291 rogasse:
1055 1226 1169 1277 Cassius
1183 1229 1291 1279 cosdem
1304 1229 1402 1278 scribit

258 1299 399 1345 suctores:
412 1294 526 1345 Fuluius
540 1301 631 1344 autern
644 1294 672 1343 id
685 1294 775 1358 egisse
788 1292 835 1343 Μ’.
848 1293 965 1345 Acilium
979 1295 1118 1345 consulem
1128 1296 1196 1345 dicit
1209 1295 1244 1345 ab
1257 1297 1324 1345 urbe
1338 1312 1401 1345 con·

257 1363 316 1412 dita
330 1376 402 1411 anno
412 1362 632 1427 quingentesimo
642 1361 815 1425 sexagesimo
825 1362 954 1423 secundo,
968 1362 1036 1411 inito
1049 1378 1111 1412 mox
1121 1362 1194 1413 bello
1203 1363 1338 1413 Aetolico.
1353 1363 1402 1413 sed

257 1431 309 1480 hoc
322 1431 508 1494 arguit-Varro
521 1429 666 1479 scribendo
677 1429 895 1493 antiquissimam
903 1429 994 1494 legem
1007 1430 1092 1479 fnisse
1105 1431 1222 1481 incisam
1234 1432 1262 1479 in
1275 1431 1402 1480 columna

259 1514 343 1548 aerea
356 1514 372 1547 a
385 1499 417 1547 L.
430 1498 542 1548 Pinario
555 1502 583 1546 ot
594 1498 677 1547 Furio
691 1496 862 1557 consulibus,
880 1497 924 1546 cni
936 1498 1038 1548 mentio
1053 1498 1229 1549 intercalaris
1246 1499 1399 1548 ascribitur.

257 1566 328 1615 haec
339 1566 374 1615 de
386 1565 571 1615 intercalandi
583 1565 718 1629 principio
732 1564 800 1613 satis
813 1564 904 1615 relata
916 1570 986 1614 sunt
1011 1566 1097 1615 XIIII.
1117 1567 1217 1616 Verum
1230 1565 1282 1616 fuit
1294 1572 1401 1630 tempus

258 1648 319 1682 cum
336 1639 448 1698 propter
464 1633 687 1697 superstitionem
704 1631 881 1681 intercalatio
898 1633 985 1682 omnis
1002 1634 1103 1683 omissa
1121 1638 1176 1683 est:
1199 1648 1401 1698 nonnumquam

257 1716 323 1750 uero
336 1701 514 1766 pergratiam
527 1700 710 1759 sacerdotum,
724 1699 769 1763 qui
782 1699 936 1764 publicanis
948 1700 1065 1765 proferri
1083 1701 1128 1750 vel
1145 1701 1258 1750 inminui
1277 1701 1401 1751 consulto
1450 1726 1455 1736 ·

259 1769 324 1818 anni
340 1769 400 1818 dies
416 1768 564 1828 nolebant,
582 1767 662 1817 modo
681 1767 772 1817 arretio
791 1767 869 1817 modo
887 1768 1018 1817 retractio
1037 1767 1142 1819 dierum
1159 1770 1354 1833 proueniebat:
1373 1772 1403 1817 ct

258 1837 307 1886 sub
317 1837 411 1900 specie
421 1836 621 1886 obseruationis
632 1834 792 1899 emergebat
801 1835 888 1884 maior
898 1836 1067 1885 confusionis
1077 1838 1197 1886 occasio.
1210 1837 1234 1885 2.
1245 1836 1294 1886 sed
1303 1841 1401 1901 postea

258 1903 288 1952 G.
304 1903 409 1953 Caesar
421 1919 528 1952 omnem
539 1904 611 1953 hanc
623 1902 838 1952 inconstantiam
850 1908 1003 1967 temporum
1014 1919 1114 1967 uagam
1129 1903 1217 1953 adhuc
1230 1910 1258 1954 ct
1267 1905 1401 1955 incertam

257 1972 286 2020 iu
304 1971 426 2020 ordinem
443 1975 535 2021 statae
553 1970 720 2021 definitionis
733 1971 826 2035 coegit
843 1970 985 2021 adnitente
999 1971 1052 2020 sibi
1064 1972 1100 2021 M.
1114 1971 1212 2021 Flauio
1230 1972 1336 2031 scriba,
1356 1973 1401 2035 qui

257 2039 373 2103 scriptos
386 2039 445 2089 dies
456 2038 579 2101 singulos
591 2040 632 2088 ita
644 2038 680 2088 ad
692 2038 854 2087 dictatorem
867 2037 974 2099 retulit,
995 2044 1026 2088 nt
1044 2045 1072 2087 ct
1089 2039 1154 2088 ordo
1172 2054 1265 2089 eornm
1283 2039 1401 2088 inueniri

258 2107 391 2157 facillime
402 2111 497 2172 posset
514 2112 542 2156 et
557 2106 670 2156 inuento
688 2110 779 2155 certus
796 2110 884 2155 status
901 2111 1102 2171 perseueraret.
1127 2105 1151 2156 3.
1167 2122 1233 2171 ergo
1252 2107 1281 2156 C.
1297 2107 1402 2165 Caesar

258 2174 397 2224 exordium
415 2189 505 2224 notrae
522 2174 703 2225 ordinationis
720 2173 837 2222 initurus
854 2172 913 2223 dies
933 2189 1027 2223 omnes
1045 2174 1090 2238 qui
1105 2173 1195 2224 adhuc
1213 2175 1400 2224 confusionem

257 2246 386 2306 poterant
397 2242 492 2292 iacere
505 2243 686 2307 consumpsit:
701 2256 789 2305 eaque
800 2256 830 2290 rc
844 2241 948 2290 iactum
960 2246 1003 2291 est
1014 2246 1044 2290 ut
1057 2257 1144 2291 annus
1156 2243 1326 2292 confusionis
1337 2241 1400 2293 ulti-

257 2325 317 2361 mus
328 2310 357 2359 in
370 2309 584 2374 quadringentos
597 2309 781 2381 quadraginta
793 2314 850 2358 tres
862 2309 922 2359 dies
934 2309 1152 2373 protenderetur.
1175 2309 1300 2374 posthoc
1313 2311 1402 2360 imita·

258 2382 301 2427 tus
313 2377 464 2442 Aegyptios
476 2377 550 2427 solos
567 2377 720 2427 diuinarum
737 2390 827 2425 rerum
844 2375 961 2425 omnium
979 2378 1104 2427 conscios
1122 2377 1157 2426 ad
1173 2393 1312 2427 nnmerum
1325 2378 1401 2440 solis,

257 2444 303 2509 qui
314 2445 411 2495 diebus
423 2445 537 2495 tricenis
547 2445 693 2508 sexaginta
702 2444 820 2509 quinque
833 2449 861 2493 et
871 2443 1023 2508 quadrante
1037 2460 1143 2494 cursum
1156 2445 1280 2505 conficit,
1301 2461 1400 2495 annum

257 2512 377 2577 dirigere
390 2513 539 2563 contendit.
563 2513 589 2561 4.
601 2528 666 2563 nam
677 2512 749 2561 sicut
760 2511 864 2562 lunaris
878 2527 965 2561 annus
976 2512 1079 2562 mensis
1091 2518 1147 2574 cst,
1166 2513 1230 2577 quia
1241 2513 1306 2562 luna
1318 2513 1400 2578 paulo

257 2581 345 2629 minus
362 2596 442 2644 qnam
459 2596 581 2630 mensem
597 2580 626 2629 iu
641 2580 747 2629 zodiaci
761 2580 947 2629 circumitione
963 2580 1104 2641 consumit,
1117 2581 1158 2629 ita
1173 2580 1237 2629 solis
1252 2596 1338 2630 annus
1348 2582 1400 2630 hoc

257 2648 361 2698 dierum
378 2664 491 2698 numero
507 2647 677 2709 colligendus
695 2651 738 2697 est
755 2663 833 2711 quern
848 2647 959 2712 peragit
975 2648 1038 2697 dum
1057 2648 1092 2696 ad
1110 2648 1136 2696 id
1147 2648 1253 2712 siguum
1266 2664 1296 2698 se
1310 2648 1400 2699 denuo

256 2716 341 2765 uertit
354 2732 387 2766 er
399 2732 452 2779 quo
461 2715 600 2781 digressus
611 2721 666 2765 est:
678 2715 751 2764 nude
762 2730 849 2765 annus
859 2721 971 2764 uertens
983 2720 1100 2765 uocatur
1110 2720 1138 2765 et
1148 2715 1399 2781 habeturmagnns,
1416 2729 1420 2744 ¹

258 2798 318 2833 oum
329 2782 413 2833 lunae
426 2798 514 2833 annus
525 2783 618 2833 breuis
629 2787 747 2847 putetur.
761 2782 785 2832 5.
798 2782 892 2832 horum
898 2783 1029 2843 Virgilius
1035 2789 1177 2847 utrumque
1184 2783 1332 2849 conplexus
1346 2792 1401 2834 est:

499 2851 607 2901 interea
619 2866 746 2915 magnum
759 2850 799 2899 sol
812 2850 1032 2900 circumuoluitnr
1044 2864 1152 2900 annum.

256 2918 321 2967 hinc
334 2918 463 2968 etAteins
471 2917 569 2982 Capito
583 2933 682 2968 annum
696 2934 713 2967 a
725 2919 842 2967 circuitu
854 2918 986 2983 temporis
998 2922 1078 2983 putat
1089 2919 1200 2979 dictum,
1215 2919 1279 2983 quia
1290 2925 1401 2968 ueteres

258 3001 294 3036 au
306 3002 354 3050 pro
373 2986 475 3035 circum
487 3002 589 3051 ponere
606 2991 781 3045 consuerunt,
793 2992 825 3034 ut
837 2985 907 3034 Cato
920 2987 948 3035 in
961 2984 1124 3050 originibus:
1143 2987 1242 3035 Arator
1252 3001 1295 3045 ,an
1307 2987 1399 3035 termi-

257 3069 329 3111 num,
341 3054 369 3103 id
381 3061 423 3104 est
436 3055 537 3104 circum
549 3055 702 3114 terminum,
716 3056 745 3103 et
757 3053 861 3103 ambire
873 3053 974 3103 dicitur
982 3069 1032 3117 pro
1042 3053 1193 3103 circumire.
1206 3052 1230 3102 d.
1241 3053 1324 3104 Iulius
1335 3069 1401 3118 ergo

258 3121 365 3172 Caesar
376 3122 473 3171 decem
486 3122 545 3172 dies
558 3121 745 3173 obseruationi
757 3122 845 3170 ueteri
858 3121 1053 3185 snperadiccit,
1066 3126 1096 3170 ut
1109 3136 1209 3170 annum
1226 3123 1344 3171 trecenti
1358 3137 1399 3171 se-

257 3189 373 3253 xaginta
386 3191 503 3254 quinque
516 3190 587 3249 dies,
607 3189 703 3254 quibus
716 3187 868 3238 sollustrat
881 3188 1031 3249 zodiacum,
1046 3188 1203 3239 efficerent:
1223 3194 1252 3238 et
1263 3204 1297 3238 nc
1316 3190 1398 3253 qnad-

257 3272 322 3307 rans
345 3257 469 3318 deesset,
493 3258 590 3307 statuit
611 3262 642 3307 ut
664 3262 761 3321 quarto
784 3272 890 3320 quoque
909 3271 981 3305 anno
998 3257 1172 3317 sacerdotes,
1196 3257 1241 3321 qui
1266 3258 1401 3307 curabant

257 3326 397 3375 mensibus
415 3341 449 3376 ac
467 3325 578 3387 diebus,
595 3340 677 3374 unum
695 3324 895 3374 intercalarent
913 3323 998 3381 diem,
1019 3340 1051 3373 eo
1066 3324 1174 3373 scilicet
1187 3340 1282 3374 mense
1295 3340 1328 3374 ac
1341 3324 1400 3374 loco

257 3408 310 3458 quo
324 3393 408 3445 etiam
421 3394 493 3457 apud
505 3399 616 3442 ueteres
628 3392 731 3441 mensis
744 3390 971 3449 intercalabatur,
984 3391 1013 3440 id
1026 3396 1069 3441 est
1082 3398 1146 3441 aute
1160 3393 1278 3456 quinque
1290 3392 1401 3441 ultimos

256 3461 401 3511 Februarii
414 3461 516 3511 mensis
529 3461 601 3519 dies,
614 3460 695 3524 idque
709 3458 846 3509 bisextum
859 3459 966 3509 censuit
978 3460 1180 3509 nominandum.
1198 3460 1224 3508 7.
1238 3460 1296 3510 dies
1310 3466 1401 3509 autem

257 3528 368 3589 decem,
381 3544 448 3593 quos
461 3528 496 3579 ab
510 3544 542 3578 eo
556 3528 663 3578 additos
676 3527 805 3589 diximus,
821 3526 876 3577 hac
894 3526 1065 3577 ordinatione
1083 3527 1235 3576 distribuit:
1259 3528 1288 3576 in
1300 3528 1399 3577 Ianua-

256 3596 325 3647 rium
338 3601 367 3645 et
378 3595 510 3646 Sextilem
523 3602 552 3645 et
563 3596 744 3645 Decembrem
757 3594 837 3643 binos
849 3594 909 3644 dies
925 3595 1054 3655 inseruit,
1072 3595 1101 3643 iu
1113 3595 1234 3659 Aprilem
1253 3600 1344 3645 autem
1357 3596 1399 3644 In-

256 3663 330 3713 nium
343 3663 531 3728 Septembrem
543 3664 726 3713 Nouembrem
738 3661 872 3726 singulos:
890 3662 939 3711 sed
951 3678 1040 3726 neque
1054 3663 1141 3712 mensi
1154 3663 1306 3711 Februario
1324 3662 1399 3713 addi-

182 3736 186 3743 ‘
256 3732 296 3781 dit
312 3731 398 3792 diem,
416 3746 452 3781 ne
470 3732 550 3782 deum
567 3731 685 3781 inferum
702 3729 799 3793 religio
818 3729 1011 3785 inmutaretur,
1036 3736 1063 3779 et
1080 3730 1180 3780 Martio
1195 3730 1270 3780 Maio
1284 3729 1399 3792 Quintili

256 3799 371 3848 Octobri
387 3800 510 3848 seruauit
522 3799 665 3863 pristinum
678 3802 793 3857 statum,
812 3797 883 3861 qnod
896 3798 964 3846 satis
977 3797 1059 3861 pleno
1078 3803 1158 3848 erant
1170 3813 1293 3859 numero,
1313 3798 1341 3847 id
1359 3800 1401 3847 est

256 3866 361 3915 dierum
372 3865 541 3932 singulorum
554 3866 780 3928 tricenorumque.
795 3863 823 3921 8.
837 3864 900 3914 ideo
913 3870 941 3914 et
953 3866 1122 3929 septimanas
1132 3865 1237 3915 babent
1248 3867 1350 3927 Nonas,
1364 3867 1400 3913 si-

257 3939 302 3983 cut
310 3935 400 3984 Numa
413 3933 569 3991 constituit,
583 3933 647 3997 quia
659 3932 728 3981 nihil
739 3933 769 3981 in
781 3932 823 3981 his
835 3932 919 3982 Iulius
932 3932 1061 3981 mutauit:
1075 3932 1123 3982 sed
1132 3933 1276 3983 Ianuarius
1290 3932 1401 3982 Sextilis

255 4001 420 4064 December,
434 4002 531 4066 quibus
541 4000 647 4053 Caesar
658 4000 739 4049 binos
753 4000 864 4055 addidit,
877 4000 945 4049 licet
958 4000 1077 4049 tricenos
1090 3999 1213 4064 singulos
1223 4000 1327 4049 babere
1339 4006 1401 4064 post

255 4068 405 4119 Caesarem
418 4069 567 4133 coeperint,
581 4068 728 4132 quintanas
741 4073 834 4118 tamen
852 4068 956 4117 habent
968 4068 1075 4127 Nonas,
1096 4072 1124 4117 et
1137 4068 1171 4117 ab
1184 4066 1278 4116 Idibus
1289 4067 1344 4116 illis
1357 4083 1399 4116 se-

256 4141 371 4201 quentes
383 4136 528 4186 Kalendae
540 4135 569 4183 in
581 4135 814 4186 undeuicesimum
827 4138 1009 4197 reuertuntur,
1023 4136 1086 4199 qnia
1098 4133 1204 4184 Caesar
1216 4149 1283 4197 qnos
1297 4134 1401 4184 addidit

255 4205 315 4254 dies
326 4219 416 4268 neque
436 4208 501 4253 ante
513 4203 606 4253 Nonas
623 4218 713 4266 neque
731 4210 796 4253 aute
813 4202 877 4253 ldus
892 4204 1015 4252 inserere
1027 4202 1128 4262 uoluit,
1145 4215 1180 4251 uo
1197 4201 1335 4251 Nonarum
1354 4207 1402 4253 aut

254 4272 350 4321 Iduum
362 4270 532 4335 religionem,
551 4286 621 4335 qnae
634 4276 707 4322 stato
720 4275 781 4321 erat
792 4271 851 4333 die,
864 4269 976 4321 norrella
988 4268 1268 4333 conperendinatione
1282 4285 1400 4319 corrum-

254 4344 342 4404 peret.
366 4337 391 4387 a.
410 4338 460 4387 sed
476 4353 528 4388 uec
546 4342 608 4403 post
623 4338 688 4388 Idus
704 4353 765 4388 mox
778 4336 870 4387 'uoluit
885 4338 1021 4397 inserere,
1034 4352 1069 4386 ne
1087 4337 1218 4386 seriarum
1234 4352 1400 4401 quarumque

254 4405 405 4457 uiolaretur
413 4404 539 4455 indictio:
553 4405 602 4456 sed
612 4405 734 4472 peractis
744 4405 873 4472 cuiusque
883 4403 984 4455 mensis
995 4404 1071 4455 feriis
1080 4404 1170 4454 locum
1179 4404 1276 4454 diebus
1286 4404 1400 4455 advenis
