3202 4998
242 348 304 411 titt
573 359 799 410 ovnesmoues
824 356 1051 399 sveroumusa

242 539 311 578 nien
325 524 488 595 conparet,
505 513 683 572 Suetonium
696 513 812 589 priscos
825 510 893 567 illos
909 517 1042 566 oratores
1054 527 1115 565 non
1127 508 1158 564 in
1171 526 1326 565 numerum
1338 507 1383 565 in·

242 619 381 678 lustrium
397 618 542 689 virorum,
562 634 689 694 quorum
704 614 797 672 vitam
815 610 1002 683 inlustravit,
1017 610 1172 687 recepisse
1188 606 1244 666 sed
1259 607 1384 667 brevem

244 720 282 778 de
306 720 349 778 cis
371 718 510 777 notitiam
532 717 562 773 in
582 714 774 794 praefatione
799 712 919 772 dedisse
948 718 1183 770 consentaneum
1208 719 1263 769 est.
1305 729 1385 788 quac

242 822 320 879 ratio
341 840 408 878 cum
433 836 555 897 prorsus
578 825 725 894 congruat
749 836 815 874 cum
832 814 1014 892 Quintiliani
1036 811 1167 886 iudicio,
1190 813 1242 892 qui
1264 820 1295 870 et
1317 813 1385 891 ipsc

242 921 320 981 libro
344 918 477 992 decimo,
503 917 555 977 ubi
581 918 724 997 exempla
749 917 943 995 eloquentiae
965 913 1127 973 iuvenibus
1152 914 1305 993 proponit,
1333 933 1384 972 an·

243 1023 336 1102 tiquis
364 1022 426 1080 illis
452 1020 676 1099 praetermissis
702 1039 721 1078 a
751 1017 1078 1083 Ciceroneoratorum
1106 1016 1216 1075 scriem
1245 1015 1406 1093 auspican

242 1132 306 1197 tur,
327 1132 389 1181 tum
407 1121 590 1200 Tranquillo
606 1119 741 1179 incunda
765 1127 844 1192 erat,
867 1139 955 1198 quem
976 1118 1155 1197 antiquariis
1177 1136 1251 1176 suae
1277 1117 1387 1176 aetatis

245 1246 278 1283 se
301 1224 480 1302 opposuisse
505 1224 600 1302 ipsius
622 1221 718 1280 acrba
744 1220 835 1279 fidem
858 1221 984 1279 faciunt.
1029 1221 1114 1278 utin
1138 1219 1211 1278 Atei
1231 1218 1387 1295 Philologi

244 1325 309 1384 vita
331 1323 387 1403 (de
410 1343 535 1401 gramm.
556 1333 587 1383 et
608 1324 686 1383 rltet.
709 1320 780 1399 lc):
808 1326 890 1380 coluit
913 1330 1010 1395 postca
1031 1324 1249 1396 familiarissime
1268 1322 1297 1378 C.
1321 1321 1385 1377 Sui-

244 1431 354 1484 lustium
368 1435 395 1482 ci
411 1444 441 1484 co
457 1427 586 1499 defuncto
601 1428 724 1482 Asinium
743 1427 900 1491 Pollionem,
917 1440 985 1497 quos
1000 1426 1143 1481 historiam
1157 1438 1323 1496 componere
1336 1440 1386 1497 ug-

241 1544 354 1603 grcssos
371 1531 490 1584 alterum
505 1529 643 1583 breuiario
662 1542 758 1583 rerum
772 1529 892 1583 omnium
908 1522 1115 1597 Muccurum,
1137 1542 1175 1582 ec
1199 1526 1296 1598 quibus
1316 1541 1387 1599 quos

245 1632 325 1685 stellet
345 1632 468 1703 eligeret,
489 1632 638 1699 instrucit,
665 1630 783 1684 aiterum
800 1630 961 1700 praeceptis
978 1628 1011 1682 dc
1030 1631 1137 1685 ratione
1155 1627 1299 1683 scribendi.
1334 1643 1387 1699 quo

245 1734 333 1804 magis
352 1734 440 1787 miror
462 1732 586 1786 Asinium
605 1731 770 1800 credidisse,
793 1733 906 1801 critique
927 1745 988 1785 euin
1010 1730 1096 1784 uerba
1115 1734 1142 1784 ct
1155 1731 1264 1801 mutas
1280 1730 1387 1784 solitum

247 1848 308 1888 csse
329 1834 456 1905 coitiqcrc
475 1832 619 1890 Sallustios
639 1846 701 1886 cum
722 1832 775 1886 sibi
793 1833 863 1886 sciet
882 1832 923 1885 nil
945 1831 1022 1886 uliud
1037 1829 1158 1885 saedere
1176 1846 1260 1901 quium
1280 1837 1310 1885 ut
1326 1836 1387 1887 nete

246 1934 373 2006 ciuiliquc
385 1941 412 1988 et
421 1934 539 2004 proprio
550 1946 677 1987 sermone
690 1938 784 1987 alceir
800 1949 825 1987 e.
845 1950 874 2008 q.
891 1950 914 1989 s.
943 1931 975 1989 in
991 1928 1101 2009 quibus
1114 1927 1210 1987 verba
1223 1938 1285 1987 aem
1302 1933 1386 1988 ciuili-

246 2051 298 2107 que
313 2041 339 2089 ct
352 2035 468 2106 proprio
486 2048 613 2088 sermone
629 2032 761 2089 maxime
777 2031 926 2090 notabilia
941 2039 1025 2105 sunt,
1048 2031 1157 2109 quibus
1180 2050 1277 2089 sermo
1294 2030 1387 2109 ipsius

245 2152 307 2192 non
331 2140 454 2211 poterat
477 2134 578 2213 aptius
605 2129 747 2191 describi.
791 2131 904 2191 deinde
926 2134 955 2191 in
977 2133 1042 2191 rita
1065 2132 1197 2209 Augusti
1217 2153 1242 2191 o.
1256 2140 1291 2194 86
1310 2133 1388 2190 haec

246 2233 338 2293 dicit:
364 2252 451 2309 penus
474 2236 619 2310 eloquendi
638 2243 748 2293 secutus
775 2245 816 2293 est
836 2237 947 2310 elegam
965 2243 991 2292 ct
1011 2241 1191 2310 temperatum
1213 2238 1304 2291 utute
1324 2250 1388 2291 seu-

246 2341 392 2394 tentiarmn
414 2340 520 2410 ineptiis
540 2343 621 2410 atquc
637 2340 818 2393 communitate
839 2344 865 2393 et
887 2339 1089 2397 reconditorum
1113 2337 1261 2393 uerborum
1283 2344 1313 2391 ut
1330 2339 1390 2408 ipse

246 2441 311 2495 dicit
320 2438 473 2512 sectoribus
481 2462 489 2501 ,·
507 2442 745 2512 praecipuamque
762 2454 861 2495 curam
874 2440 970 2505 duxi,
984 2452 1094 2497 sennua
1109 2440 1196 2494 autori
1207 2454 1289 2511 quum
1304 2452 1387 2509 aper-

246 2543 346 2596 tissime
360 2542 530 2612 exprimere.
561 2546 592 2597 et
607 2539 714 2616 paucis
730 2538 899 2597 interiectis
914 2540 958 2597 sic
975 2538 1091 2617 pergit:
1115 2540 1255 2596 eucorctos
1276 2546 1303 2595 ct
1317 2541 1387 2594 uati-

245 2644 359 2715 quarios
371 2648 400 2697 ut
413 2641 528 2697 diuerso
541 2656 643 2713 periere
655 2643 766 2697 uitiosos
776 2644 847 2714 puri
856 2642 971 2715 soaidio
984 2643 1100 2713 spreuit.
1136 2639 1214 2698 haec
1231 2658 1311 2698 nunc
1327 2639 1388 2697 suf·

245 2741 366 2811 ficiunt,
394 2739 456 2798 alia
479 2739 615 2799 eiusdem
629 2740 756 2799 Suetoni
777 2742 906 2800 rationis
926 2739 1108 2800 documenta
1126 2741 1206 2801 inira
1226 2741 1388 2819 proferam.

247 2851 383 2902 ceterum
405 2839 508 2900 clucet
533 2842 655 2920 opinor,
674 2843 770 2920 ipsum
789 2840 969 2902 Suetonium
993 2843 1130 2903 consulto
1152 2844 1288 2902 omisisse
1312 2844 1388 2902 autl-

248 2962 325 3023 qucs
346 2951 482 3001 oratores
505 2962 606 3022 neque
630 2963 696 3003 esse
720 2963 773 3003 cur
796 2966 864 3004 cum
880 2946 1066 3005 Mommsenc
1084 2944 1104 3006 l.
1126 2965 1151 3003 c.
1168 2965 1198 3023 p.
1214 2934 1267 3007 674
1282 2943 1389 3004 Hiero·

247 3064 339 3125 nymo
366 3043 468 3121 potius
495 3043 555 3103 hoc
580 3046 740 3105 consiliam
766 3047 947 3122 tribuamus,
978 3046 1158 3126 praesertim
1188 3066 1255 3105 cum
1281 3044 1391 3105 eodem

248 3145 336 3207 modo
356 3143 534 3204 Suetonium
550 3146 580 3203 in
595 3146 808 3207 historicorum
826 3147 982 3207 librarem
999 3148 1099 3225 egisse
1117 3146 1194 3207 duce
1203 3148 1390 3228 Hieronymo

247 3247 454 3324 intellegatur.
471 3248 551 3328 quod
562 3246 689 3307 Suetoni
700 3248 845 3308 iudicium
857 3249 1046 3329 apertissime
1059 3244 1151 3308 etiam
1167 3269 1201 3308 eo
1214 3264 1392 3328 expressum

248 3365 309 3423 est,
333 3349 415 3429 quod
435 3351 583 3410 neoterici
604 3350 650 3409 illi
669 3360 822 3425 oratores,
846 3349 970 3409 Cassius
987 3349 1121 3410 Severus
1137 3341 1286 3410 Votienus
1304 3352 1390 3410 Mon·
1428 3337 1432 3345 ’
1455 3384 1460 3389 ·

247 3459 336 3511 tanus
356 3452 523 3511 Passienus
537 3434 667 3532 Crispus¹
681 3452 833 3512 Domitius
851 3452 943 3527 Afer,
966 3471 1042 3532 quos
1064 3454 1228 3532 antiquarii
1246 3471 1392 3532 spernere

248 3552 402 3626 solebant,
430 3554 462 3611 in
480 3573 637 3613 numerum
659 3558 809 3613 oratorum
830 3556 948 3633 recepti
974 3563 1055 3615 sunt.
1091 3564 1184 3634 atque
1207 3554 1287 3614 adeo
1311 3574 1390 3627 eum,

248 3674 338 3735 quem
363 3655 555 3734 antiquorum
580 3654 781 3716 admiratores
807 3656 937 3734 primum
965 3656 1170 3716 adfirmabant
1196 3658 1320 3717 flexisse
1339 3656 1390 3715 ..ab

247 3756 303 3814 illa
318 3764 425 3816 vetere
441 3766 533 3836 atque
555 3756 673 3817 directa
691 3757 813 3817 dicendi
827 3759 894 3830 via,
918 3756 1057 3818 Cassium
1074 3758 1221 3819 Severum
1240 3768 1391 3818 oratorem

248 3858 405 3935 egregium
421 3858 501 3935 apud
519 3859 738 3940 Hieronymum
755 3860 876 3938 (fragm.
892 3860 958 3939 69²¹)
977 3869 1144 3938 praeeunte
1161 3862 1300 3925 nimirum
1314 3860 1389 3921 Sue·

247 3959 330 4018 tenio
344 3959 494 4019 nominari
510 3959 656 4021 ridemus.

333 4060 369 4119 lu
384 4063 452 4139 ipsa
467 4070 617 4121 oratorum
633 4064 697 4123 vita
714 4062 934 4143 perscribenda
947 4063 1113 4142 praecipue
1130 4063 1301 4122 inlustrium
1320 4081 1391 4122 cau·

247 4181 350 4221 aarum
364 4164 477 4223 mentio
493 4164 603 4224 fiebat:
627 4166 667 4227 cf.
689 4166 867 4244 fragm-51*
887 4164 940 4227 52*
956 4165 1010 4237 δᾶ*
1028 4166 1096 4228 ·6Ί*.
1141 4164 1227 4224 felici
1249 4184 1322 4224 vero
1344 4166 1390 4224 in·

247 4273 341 4324 vento
356 4266 500 4342 contigit,
518 4274 552 4323 ut
570 4274 601 4326 et
615 4264 748 4325 aridiora
763 4266 945 4348 Hieronymi
961 4274 1110 4345 excerpta
1131 4267 1346 4344 supplerentur
1361 4275 1393 4327 et

248 4362 469 4427 distinctiorem
481 4368 609 4427 oratoris
618 4368 701 4428 vitae
713 4370 875 4445 imaginem
888 4368 1083 4428 lucraremur.
1099 4367 1166 4428 fere
1177 4369 1298 4447 integra
1310 4367 1392 4428 enim
