3202 4998
716 446 821 488 csrvs
844 447 856 486 1
964 456 969 461 ·
1288 426 1348 490 381

212 597 376 676 scriptores
388 596 460 656 inde
473 596 511 656 ab
522 597 670 656 Africano
682 605 892 656 servaverunt.
916 617 995 677 quae
1008 617 1076 658 cum
1090 599 1218 676 primam
1233 600 1353 660 Graece

212 718 230 756 a
242 698 372 757 Graecis
381 698 553 757 hominibus
567 697 838 770 conscriberentur,
860 697 1047 758 Graecorum
1056 699 1245 779 potissimam
1257 704 1351 779 scrip·

212 809 310 859 torum
326 809 445 859 aetates
468 800 708 879 adponebantnr.
743 798 860 880 aliquid
878 809 981 860 tamen
1001 802 1062 860 iam
1079 801 1207 860 Graecis
1226 802 1352 860 chrono—
1455 879 1462 889 ι

211 902 335 980 graphia
353 900 391 959 de
407 900 536 959 historia
546 901 751 961 Romanarum
767 901 937 961 litterarum
954 900 1119 961 delibatum
1140 910 1215 975 erat,
1236 904 1354 961 scilicet

213 1002 251 1062 de
265 1002 422 1061 Ciceronis
438 1001 565 1061 Sallusti
578 1002 696 1079 Vergili
711 1003 829 1065 Lucani
843 1004 915 1062 vita.
947 1022 1038 1082 quam
1052 1003 1227 1061 memoriam
1242 1004 1352 1082 repeti·

212 1112 321 1162 verunt
334 1122 372 1162 ex
385 1103 565 1179 Phlegontis
572 1104 723 1163 Tralliani
736 1100 885 1163 Hadriani
898 1103 999 1163 liberti
1011 1094 1250 1180 ὀλυμπιονίκαις,
1273 1125 1353 1186 quae

211 1204 371 1282 praeclara
384 1203 533 1282 Scaligeri
550 1207 582 1265 in
603 1205 916 1267 animadversionibus
935 1205 975 1264 ad
987 1205 1154 1266 Eusebium
1180 1207 1352 1266 observatio
1448 1222 1450 1227 ’

213 1312 267 1363 est.
304 1325 373 1363 nam
395 1306 497 1366 nullus
513 1308 616 1367 dubito
634 1310 707 1389 quin
724 1329 856 1368 summus
875 1307 927 1367 ille
944 1309 1005 1379 vir,
1027 1308 1215 1388 quiquidem
1233 1307 1299 1366 sola
1314 1307 1353 1366 de

212 1407 348 1483 Vergilio
373 1405 433 1485 (ci.
452 1409 581 1470 Photius
595 1432 624 1489 p.
638 1420 673 1473 84
687 1431 706 1468 a
722 1411 768 1487 18)
794 1420 826 1470 et
842 1409 987 1471 Sallustio
1011 1420 1156 1488 excerpta
1176 1408 1289 1468 (liserte
1314 1406 1354 1467 ad

5 1530 6 1543 ¹
112 1519 117 1523 “
213 1506 416 1585 Phlegontem
425 1510 557 1583 rettulit,
571 1511 651 1570 idern
664 1511 776 1572 cadere
788 1513 974 1571 intellexerit
986 1513 1017 1570 in
1027 1532 1068 1571 ca
1078 1531 1155 1591 quae
1169 1509 1210 1568 de
1226 1510 1353 1570 Lucano

214 1619 244 1668 et
262 1609 411 1670 Cicerone
439 1610 521 1689 apud
543 1610 679 1671 Graecos
702 1615 948 1693 chronographos
970 1613 1140 1672 traduntur.
1180 1624 1314 1670 ceterum
1335 1631 1354 1669 a

212 1711 447 1772 Westermanoo
465 1721 496 1771 et
508 1712 657 1773 Muellero
672 1715 751 1774 haec
770 1717 941 1794 fragmenta
953 1715 1054 1773 omnia
1065 1715 1208 1790 neglecta
1226 1733 1294 1772 esse
1310 1714 1352 1771 vi-

214 1813 281 1872 deo.
314 1800 427 1873 deinde
450 1815 657 1895 Hieronymus
677 1816 846 1876 Eusebiani
864 1816 1000 1875 chronici
1019 1816 1169 1894 interpres
1191 1815 1249 1872 hac
1270 1812 1354 1873 tenui

214 1914 402 1975 Graecorum
417 1916 562 1975 memoria
576 1916 642 1974 fere
661 1918 877 1997 praetermissa
893 1937 930 1975 ex
943 1916 1120 1994 plenissimo
1132 1917 1215 1974 fonte
1227 1915 1353 1975 haustas

212 2016 356 2096 plurimas
371 2017 410 2076 de
420 2018 539 2076 Latinis
551 2017 747 2097 scriptoribus
761 2016 972 2077 adnotationes
980 2016 1115 2076 Eusebio
1129 2016 1255 2075 addidit.
1273 2035 1353 2095 quae

214 2119 246 2176 in
252 2138 333 2178 nova
344 2137 464 2197 semper
470 2119 582 2177 Latina
595 2118 737 2177 chronica
749 2119 952 2197 transcriptae
965 2128 1035 2177 sunt
1047 2126 1222 2197 tantumque
1237 2117 1314 2176 afuit
1320 2127 1354 2176 ut

214 2228 406 2295 augerentur,
425 2231 458 2279 ut
474 2221 641 2301 pleraeque
661 2220 698 2279 ab
710 2221 880 2279 hominibus
897 2220 1123 2279 contrahendae
1136 2220 1278 2297 antiquae
1290 2239 1351 2277 me·

214 2320 326 2383 moriae
339 2323 463 2381 intentis
476 2323 694 2383 omitterentur.
720 2322 774 2381 sed
788 2341 826 2380 ex
842 2340 945 2381 eornm
960 2341 1086 2381 numero
1099 2320 1273 2400 excipiendi
1284 2328 1354 2378 sunt

215 2420 274 2481 duo
291 2421 505 2482 Cassiodorius
524 2434 556 2483 et
572 2424 746 2483 Matthaeus
760 2424 1097 2483 Westmonasteriensis
1113 2422 1164 2481 vel
1179 2430 1284 2481 auctor
1299 2443 1351 2502 po·

214 2523 273 2581 tius
292 2523 357 2581 eius
372 2523 512 2600 Rogerus
527 2525 740 2584 Wendoverus
762 2527 793 2583 in
814 2524 936 2583 floribus
950 2525 1153 2596 historiarum,
1174 2525 1227 2604 qui
1241 2545 1266 2583 a.
1286 2534 1352 2588 1235

215 2626 347 2704 scripsit.
372 2627 454 2704 apud
475 2626 530 2685 hos
549 2628 629 2686 enim
647 2627 818 2686 notationes
835 2626 874 2684 ad
889 2626 1007 2685 litteras
1019 2626 1146 2684 Latinas
1164 2627 1352 2704 pertinentes

215 2735 333 2801 extant,
358 2729 484 2805 quaein
500 2728 680 2810 Hieronymi
698 2728 912 2787 additamentis
928 2749 988 2787 non
1006 2728 1197 2806 reperiuntur
1214 2746 1353 2806 quaeque

215 2849 283 2888 cum
304 2850 343 2889 ex
368 2830 492 2910 antiquo
514 2839 639 2890 auctore
660 2850 801 2889 manasse
824 2828 973 2909 adpareat
992 2830 1136 2890 Suetonio
1160 2829 1264 2888 deberi
1280 2830 1353 2888 viris

216 2929 314 2990 doctis
333 2932 420 2991 visae
438 2940 518 2990 sunt.
543 2931 719 2993 cassiodori
733 2934 825 3009 igitur
847 2922 1153 2992 additamenta'haee
1173 2938 1256 2988 sunt:
1281 2938 1305 2989 Ι.
1323 2930 1352 2988 0.
1407 2920 1410 2927 ¹

214 3033 361 3091 Mamilius
380 3042 407 3091 at
428 3035 461 3103 Q.
484 3035 616 3093 Valerius
633 3033 674 3113 (a.
691 3055 721 3094 u.
738 3054 765 3093 c.
782 3033 857 3112 514).
881 3037 925 3092 his
943 3053 1017 3093 coss.
1040 3038 1116 3092 ludis
1134 3034 1273 3091 Rontaais
1290 3036 1354 3104 pri-

215 3154 291 3191 mum
309 3138 457 3208 tragoedia
476 3145 504 3194 ei
520 3142 664 3196 comoedia
680 3158 698 3195 a
717 3140 750 3196 L.
767 3126 849 3211 Liuio
865 3139 904 3193 acl
916 3154 1031 3194 scenam
1046 3139 1124 3193 data.
1159 3144 1185 3195 2.
1202 3138 1252 3207 Sp.
1271 3137 1353 3192 Post·

215 3238 328 3294 humius
344 3238 462 3295 Albinus
477 3247 505 3296 ei
521 3241 552 3309 Q.
569 3241 701 3298 Marcius
717 3242 870 3312 Phiiippus
883 3238 925 3317 (a.
938 3235 1014 3315 568).
1038 3240 1082 3295 his
1094 3254 1165 3295 coss.
1180 3240 1354 3293 athletarum

215 3339 377 3396 certamina
391 3343 517 3413 primum
539 3344 676 3399 aFulaio
692 3345 779 3399 edita.
805 3350 832 3402 3.
849 3340 891 3397 M.
909 3342 1041 3398 Metellus
1056 3350 1083 3396 et
1097 3341 1137 3395 M.
1155 3340 1286 3395 Scaurus
1303 3334 1352 3413 (a.

216 3436 291 3516 639).
321 3442 366 3497 liis
387 3443 763 3500 caesarianorum.
788 3443 927 3499 Domitius
945 3458 1080 3499 censores
1101 3448 1192 3497 artem
1211 3441 1353 3497 ludicram

216 3557 255 3598 ex
275 3545 346 3600 urhe
359 3552 545 3600 remoucrunt
557 3552 678 3615 praeter
693 3546 825 3600 Latinum
845 3544 986 3599 tibicinem
1005 3561 1070 3599 cum
1080 3551 1199 3600 cantora
1213 3551 1240 3599 et
1255 3544 1353 3598 lucium

216 3648 350 3705 talorum.
366 3655 390 3706 4.
404 3646 550 3703 Scsceaaa
563 3646 693 3703 Statilius
705 3651 733 3701 at
744 3647 776 3701 L.
790 3646 956 3702 Scribonius
968 3644 1008 3723 (a.
1016 3641 1093 3721 769).
1109 3646 1154 3700 his
1165 3661 1236 3701 coss.
1244 3646 1353 3702 maihe-

214 3750 311 3804 muiici
322 3751 392 3805 arbe
405 3749 562 3821 pelluntur.
589 3765 668 3825 quae
682 3746 810 3806 Rothius
822 3744 920 3825 praef.
927 3767 954 3824 p.
966 3743 1106 3804 LXXVI
1117 3746 1148 3803 in
1159 3744 1353 3825 reliquiarum

216 3866 325 3924 corpus
337 3847 591 3907 Suetonianarum
602 3849 740 3928 recipere
753 3868 787 3908 se
801 3867 975 3906 nonausum
989 3867 1057 3906 esse
1072 3845 1154 3918 dicit,
1169 3867 1354 3927 quamquam

215 3948 345 4007 fortasse
367 3949 513 4009 Suetonio
535 3948 654 4025 debita,
678 3949 715 4008 de
737 3952 781 4009 eis
798 3959 898 4008 autem
914 3949 1110 4008 Theodorum
1129 3948 1295 4026 Bergidum
1320 3969 1353 4008 se

216 4048 495 4110 commonefecisse.
525 4049 581 4109 sed
595 4049 688 4109 miror
703 4052 842 4128 egregios
863 4050 946 4110 viros
962 4072 1022 4110 non
1037 4051 1209 4113 meminisse
1228 4049 1265 4109 ab
1287 4051 1353 4129 ipso

215 4147 411 4210 Cassiodorio
428 4160 569 4211 auctores
587 4151 735 4211 fastorum
752 4152 955 4212 consularium
967 4172 1130 4232 earumque
1151 4171 1229 4231 quae
1242 4152 1289 4210 his
1308 4152 1352 4209 in·

214 4249 333 4309 terdum
347 4250 471 4312 additae
484 4263 554 4312 suut
564 4256 752 4313 notationum
766 4253 917 4331 adpellari
925 4255 1047 4313 Livium
1062 4253 1275 4332 Aufidiumque
1291 4253 1352 4311 his-

213 4355 341 4413 toricos:
354 4354 450 4415 ridel
456 4375 484 4432 p.
495 4354 602 4418 369ed.
616 4354 723 4415 Garat.
739 4354 906 4435 quidquod
919 4355 995 4414 adeo
1008 4354 1087 4413 liber
1093 4355 1163 4413 Livi
1175 4362 1260 4413 extat
1271 4352 1352 4413 unde

215 4452 454 4514 additamentam
479 4455 560 4535 quod
581 4455 716 4517 secundo
735 4458 803 4518 loco
822 4459 912 4536 posui
932 4458 1094 4537 repetitum
1115 4464 1171 4515 est.
1206 4453 1354 4515 videlicet
