3186 4996
227 424 261 467 Vi
701 417 885 460 PRAEFATIO

229 590 337 651 operae
363 550 430 632 'rem
452 554 528 631 cum'
541 549 704 647 pulvisculo
723 569 893 630 exhauriret
914 586 949 628 eo
970 568 1118 647 inpeditus
1139 548 1215 628 esset
1238 567 1316 646 quod
1338 568 1367 626 in

227 680 290 734 toto
312 674 452 753 Suetomo
479 672 662 733 recensendo
689 671 862 741 desudaret,
890 669 961 731 mibi
982 667 1117 730 relietum
1145 670 1181 730 iri
1201 669 1366 748 sperabam.

229 775 355 853 denique
378 793 415 836 ne
436 774 506 853 quid
528 773 707 835 dissimulem
728 773 823 834 laudis
851 772 947 833 studio
974 770 1137 832 detinebar.
1173 788 1229 830 nec
1249 776 1369 830 eventus

142 953 149 968 .
230 878 423 937 constantiam
439 874 521 936 lusit:
546 876 822 935 commentationem
837 876 914 934 eninr
939 892 1034 935 meam
1056 872 1130 934 ordo
1146 873 1278 950 praemio
1299 888 1369 949 pro-

229 978 326 1058 posito
350 990 434 1039 ‘cum
456 977 579 1037 bonoris
601 975 782 1038 testimonio'
803 976 925 1036 ornarit.
976 980 978 990 '

315 1079 358 1140 Ex
380 1097 439 1158 quo
462 1085 596 1156 tempore
621 1080 937 1156 praestantissimorum
957 1084 1183 1156 praeceptorum
1199 1077 1371 1137 auctoritate

231 1181 374 1242 adductus
397 1188 426 1240 et
447 1181 650 1241 retractandae
670 1181 907 1241 commentationi
929 1184 1013 1239 meae
1034 1185 1064 1239 et
1090 1179 1162 1257 ipsis
1182 1177 1371 1256 reliquiis-ad

230 1281 375 1342 librorum
391 1282 478 1342 tidem
497 1282 674 1360 reimgendis
690 1281 838 1345 vacabam.
874 1287 960 1359 atquc
976 1281 1189 1345 Feinenicas
1206 1278 1371 1339 Rtrscffis-

232 1395 310 1443 Lrvs
323 1390 499 1462 praeceptor
511 1385 620 1461 optime
632 1383 669 1444 de
679 1403 728 1444 me
742 1385 865 1443 meritus
875 1380 908 1443 B.
927 1381 962 1441 G.
979 1378 1167 1441 Teubnerum
1181 1378 1371 1457 bibliopolam

232 1485 470 1546 honestissimum
494 1484 629 1554 adduxit,
651 1491 682 1544 ut
705 1484 773 1546 libri
792 1483 897 1546 edendi
915 1489 1049 1561 sumptus
1067 1500 1101 1542 ea
1124 1481 1189 1559 lege
1211 1480 1372 1543 liberaliter

233 1586 424 1657 concederet,
448 1594 481 1647 nt
501 1588 563 1664 ipsa
586 1587 751 1663 fragmenta
773 1603 790 1645 a
810 1604 858 1646 me
880 1586 1069 1646 adderentur.
1112 1600 1167 1645 nec
1188 1581 1284 1643 solum
1304 1588 1372 1644 uta

231 1693 370 1767 typorum
386 1687 615 1768 chartarumque
634 1686 776 1766 elegantia
797 1687 873 1749 liber
886 1705 971 1748 meus
992 1685 1249 1748 commendaretur
1260 1703 1372 1746 aerum

232 1790 319 1848 etiam
342 1794 375 1848 ut
400 1787 636 1867 splendidissimo
653 1796 826 1851 ornamento
841 1790 998 1853 decoratus
1019 1789 1050 1848 in
1070 1785 1221 1866 publicum
1239 1787 1373 1865 prodiret

232 1891 337 1949 eximia
363 1892 417 1950 riri
445 1891 643 1955 inlustrissimi
670 1908 740 1968 erga
769 1909 817 1951 me
846 1889 1048 1959 benevolentia
1077 1889 1214 1950 ellectum
1242 1895 1286 1966 est
1314 1906 1372 1968 qua

231 1992 319 2050 vitam
339 1990 460 2052 Terenti
479 2012 495 2053 a
516 2011 553 2077 se
571 1993 754 2054 emendatam
781 2000 810 2061 et
832 1998 999 2054 enarratam
1020 1994 1119 2051 inesse
1144 1992 1171 2050 ei
1193 1989 1292 2050 voluit.
1334 1990 1372 2050 si·

231 2090 292 2152 mul
318 2092 448 2153 subsidia
474 2094 511 2156 ad
537 2095 736 2155 recensendas
762 2094 902 2172 reliquias
927 2092 1088 2154 lautissima
1111 2093 1150 2152 in'
1164 2097 1264 2152 meum
1285 2108 1373 2152 usum

230 2194 344 2270 paravit
365 2201 395 2254 et
416 2214 469 2257 sua
491 2196 664 2257 sonoritate
685 2194 853 2255 Canonvu
873 2195 1038 2256 Hanurvu
1057 2198 1087 2254 et
1109 2191 1278 2253 Orroueu
1297 2192 1373 2252 ltre-

231 2304 390 2356 Btscfflvu
411 2299 515 2367 movit,
537 2304 570 2359 ut
591 2315 668 2377 quae
690 2302 736 2358 est
757 2299 942 2375 egregiorum
967 2296 1099 2356 virorum
1125 2295 1248 2372 insignis
1268 2294 1374 2355 buma-

231 2398 307 2458 uitas
324 2395 418 2458 libros
439 2400 495 2478 ipsi
519 2404 692 2461 excuterent
711 2399 942 2461 conserendosre
967 2402 1116 2459 curarent.
1156 2395 1262 2457 codem
1281 2398 1373 2457 inter·

231 2499 356 2560 cedente
378 2500 556 2561 Gtsosurvs
578 2500 690 2562 Turno
711 2501 876 2579 scripturae
899 2501 1066 2562 varietatem
1086 2498 1122 2559 ad
1144 2497 1217 2557 ritas
1238 2504 1268 2558 et
1288 2496 1374 2558 sebo·

231 2599 268 2662 lia
289 2599 398 2676 Vergili
421 2600 584 2663 conlectam
605 2620 671 2663 mea
692 2604 787 2678 gratia
805 2600 1009 2663 liberalissime
1028 2600 1186 2677 excerpsit.

316 2703 453 2764 &nemas
474 2703 580 2765 deinde
602 2703 710 2780 gratias
732 2703 827 2767 debeo
845 2701 978 2765 Orrortt
994 2702 1136 2770 lsflnto,
1154 2699 1238 2761 cuius
1252 2700 1290 2761 de
1302 2700 1375 2761 Sue·

232 2804 312 2864 tonio
341 2822 409 2865 meo
436 2806 542 2866 merita
568 2805 679 2867 maiora
707 2811 777 2866 sunt
810 2822 898 2883 quam
937 2820 1013 2882 quac
1041 2801 1208 2879 singillatim
1235 2804 1374 2880 persequi

232 2906 352 2984 possim.
402 2924 523 2984 sparsae
553 2905 671 2985 quidem
701 2915 769 2968 sunt
798 2923 852 2984 per
889 2913 982 2966 totum
1009 2903 1119 2966 librum
1156 2903 1376 2965 observationes

233 3006 358 3085 abipso
383 3026 501 3070 mecum
526 3010 773 3079 communicatae,
807 3007 915 3087 quibus
941 3005 1048 3069 licebat
1069 3007 1132 3068 eius
1156 3023 1264 3067 nomen
1284 3005 1375 3084 adpo·

233 3125 323 3178 nere,
359 3109 501 3172 adnotare
530 3120 627 3173 autem
656 3129 715 3171 non
737 3117 873 3189 poteram
895 3127 971 3189 quae
996 3108 1170 3169 institutioni
1199 3109 1264 3169 eius
1293 3108 1397 3168 lami-¹

231 3208 297 3269 liari
325 3218 445 3289 accepta
480 3212 578 3272 relero
612 3210 754 3272 beneficia
782 3213 928 3297 graviora.
977 3216 1087 3271 rectam
1116 3210 1195 3270 enim
1229 3210 1304 3269 riam
1332 3210 1376 3268 in·

232 3328 368 3388 gressum
389 3330 438 3373 mc
466 3312 641 3374 hortabatur
660 3313 869 3391 firmabatque,
899 3314 945 3373 sin
971 3330 1042 3374 vero
1070 3309 1235 3390 periculum
1255 3316 1319 3370 erat
1338 3327 1376 3370 ne

233 3411 314 3473 salsis
335 3412 553 3492 opinationibus
582 3416 721 3477 inretirer
748 3421 781 3476 ut
806 3432 856 3475 rea
881 3413 995 3476 ferebat
1021 3414 1111 3475 modo
1137 3413 1261 3474 comiter
1287 3410 1375 3471 modo

233 3532 335 3577 severe
353 3533 404 3577 me
421 3515 608 3580 admonebat.
647 3534 738 3595 porro
759 3517 822 3578 eius
840 3535 930 3595 opera
953 3516 1075 3595 contigit
1096 3513 1256 3594 splendidis
1281 3512 1376 3573 subsi-

233 3616 289 3677 diis
312 3619 371 3688 uti,
400 3636 539 3698 quorum.
553 3617 680 3680 alterum
702 3619 847 3680 bvutstl
868 3619 1046 3696 professoris
1060 3614 1306 3694 Montepersulani
1326 3633 1375 3675 co·

232 3719 326 3781 mitati
348 3719 474 3785 alterum
495 3721 656 3783 duobrffl
677 3721 871 3783 bltcflauuts
892 3720 1112 3783 benevolentiae
1132 3716 1266 3779 debetur.

317 3821 449 3901 Denique
470 3824 624 3884 loannes
651 3822 971 3884 raevnemeaorvs
998 3827 1173 3899 praeceptor
1201 3817 1270 3879 olim
1291 3835 1376 3879 mem

232 3926 263 3984 in
286 3925 436 4003 gymnasio
458 3923 607 3985 Bonnensi
626 3926 816 3986 suavissimae
834 3926 994 3985 memoriae
1020 3939 1076 4001 pro
1098 3923 1216 4000 antiqua
1236 3936 1305 3998 erga
1329 3937 1376 3979 me

232 4025 381 4087 voluntate
416 4024 648 4088 luculentissimo
684 4027 755 4087 artis
787 4027 907 4086 criticae
934 4027 1128 4085 instrumento
1157 4040 1204 4082 me
1227 4021 1373 4081 instruxit.

232 4143 301 4187 nam
324 4125 578 4189 Lerscbianas
596 4127 776 4189 conlationes
797 4127 953 4205 fragmenti
977 4126 1015 4187 de
1037 4123 1235 4203 grammaticis
1256 4129 1286 4183 ct
1306 4122 1375 4183 rbe-

232 4227 347 4289 toribus
360 4227 545 4306 plenissimas
556 4236 623 4291 ante
636 4229 748 4309 aliquot
761 4246 853 4289 annos
867 4246 886 4289 a
901 4246 932 4289 se
946 4227 983 4288 ad
993 4227 1182 4288 Manrtnvu
1191 4224 1376 4285 Hunrurvrr

233 4331 338 4391 missas
358 4331 430 4392 mibi
452 4332 575 4393 utendas
597 4330 745 4409 permisitl
769 4347 824 4390 nec
844 4335 963 4406 gravate
984 4328 1032 4389 bic
1053 4344 1103 4388 eas
1126 4325 1199 4388 mibi
1220 4325 1374 4394 concessit,

233 4431 320 4495 simul
348 4435 408 4494 suis
432 4433 502 4494 inde
524 4432 684 4511 excerptis,
712 4430 819 4510 quibus
846 4430 971 4492 varietas
997 4428 1162 4508 scripturae
1188 4446 1206 4489 a
1234 4425 1375 4487 Lerscbio
