<?xml version="1.0" encoding="UTF-8"?>
<!DOCTYPE html PUBLIC "-//W3C//DTD XHTML 1.0 Transitional//EN"
    "http://www.w3.org/TR/xhtml1/DTD/xhtml1-transitional.dtd">
<html xmlns="http://www.w3.org/1999/xhtml" xml:lang="en" lang="en">
 <head>
  <title>
</title>
<meta http-equiv="Content-Type" content="text/html;charset=utf-8" />
  <meta name='ocr-system' content='tesseract 3.04.00' />
  <meta name='ocr-capabilities' content='ocr_page ocr_carea ocr_par ocr_line ocrx_word'/>
</head>
<body>
  <div class='ocr_page' id='page_1' title='image "./csuetonitranqui01ritsgoog_0248.png"; bbox 0 0 3218 5000; ppageno 0'>
   <div class='ocr_carea' id='block_1_1' title="bbox 634 404 1370 467">
    <p class='ocr_par' dir='ltr' id='par_1_1' title="bbox 634 404 1370 467">
     <span class='ocr_line' id='line_1_1' title="bbox 634 404 1370 467; baseline 0.004 -3"><span class='ocrx_word' id='word_1_1' title='bbox 634 421 676 464; x_wconf 85' lang='lat' dir='ltr'>ns</span> <span class='ocrx_word' id='word_1_2' title='bbox 699 422 837 466; x_wconf 75' lang='lat' dir='ltr'>aaronis</span> <span class='ocrx_word' id='word_1_3' title='bbox 860 421 970 465; x_wconf 81' lang='lat' dir='ltr'>annun</span> <span class='ocrx_word' id='word_1_4' title='bbox 1311 404 1370 467; x_wconf 82' lang='lat'>221</span> 
     </span>
    </p>
   </div>
   <div class='ocr_carea' id='block_1_2' title="bbox 201 566 1376 2085">
    <p class='ocr_par' dir='ltr' id='par_1_2' title="bbox 201 566 1376 2085">
     <span class='ocr_line' id='line_1_2' title="bbox 234 566 1374 658; baseline -0.005 -21"><span class='ocrx_word' id='word_1_5' title='bbox 234 570 399 637; x_wconf 86' lang='lat' dir='ltr'>stellarum</span> <span class='ocrx_word' id='word_1_6' title='bbox 426 569 499 636; x_wconf 92' lang='lat' dir='ltr'>luee</span> <span class='ocrx_word' id='word_1_7' title='bbox 526 570 685 652; x_wconf 80' lang='lat' dir='ltr'>terribile,</span> <span class='ocrx_word' id='word_1_8' title='bbox 719 571 804 658; x_wconf 88' lang='lat' dir='ltr'>quod</span> <span class='ocrx_word' id='word_1_9' title='bbox 829 572 982 657; x_wconf 84' lang='lat' dir='ltr'>ignorare</span> <span class='ocrx_word' id='word_1_10' title='bbox 1009 589 1148 655; x_wconf 82' lang='lat' dir='ltr'>magnae</span> <span class='ocrx_word' id='word_1_11' title='bbox 1171 566 1374 632; x_wconf 84' lang='lat' dir='ltr'>difficultatis</span> 
     </span>
     <span class='ocr_line' id='line_1_3' title="bbox 234 669 1374 760; baseline -0.004 -21"><span class='ocrx_word' id='word_1_12' title='bbox 234 684 297 756; x_wconf 86' lang='lat' dir='ltr'>est,</span> <span class='ocrx_word' id='word_1_13' title='bbox 338 673 412 737; x_wconf 87' lang='lat' dir='ltr'>ideo</span> <span class='ocrx_word' id='word_1_14' title='bbox 437 674 514 760; x_wconf 90' lang='lat' dir='ltr'>qnia</span> <span class='ocrx_word' id='word_1_15' title='bbox 547 675 696 759; x_wconf 87' lang='lat' dir='ltr'>quamuis</span> <span class='ocrx_word' id='word_1_16' title='bbox 724 672 821 738; x_wconf 89' lang='lat' dir='ltr'>rudes</span> <span class='ocrx_word' id='word_1_17' title='bbox 856 671 968 737; x_wconf 89' lang='lat' dir='ltr'>oculos</span> <span class='ocrx_word' id='word_1_18' title='bbox 995 680 1104 736; x_wconf 86' lang='lat' dir='ltr'>tamen</span> <span class='ocrx_word' id='word_1_19' title='bbox 1130 691 1209 757; x_wconf 89' lang='lat' dir='ltr'>prae</span> <span class='ocrx_word' id='word_1_20' title='bbox 1236 669 1374 754; x_wconf 80' lang='lat' dir='ltr'>fulgoris</span> 
     </span>
     <span class='ocr_line' id='line_1_4' title="bbox 233 772 1374 863; baseline -0.004 -24"><span class='ocrx_word' id='word_1_21' title='bbox 233 774 406 863; x_wconf 83' lang='lat' dir='ltr'>splendore</span> <span class='ocrx_word' id='word_1_22' title='bbox 433 775 468 838; x_wconf 91' lang='lat' dir='ltr'>in</span> <span class='ocrx_word' id='word_1_23' title='bbox 490 785 593 840; x_wconf 90' lang='lat' dir='ltr'>semet</span> <span class='ocrx_word' id='word_1_24' title='bbox 618 774 725 860; x_wconf 90' lang='lat' dir='ltr'>ipsum</span> <span class='ocrx_word' id='word_1_25' title='bbox 750 774 846 860; x_wconf 81' lang='lat' dir='ltr'><strong>rapit.</strong></span> <span class='ocrx_word' id='word_1_26' title='bbox 890 772 967 852; x_wconf 90' lang='lat' dir='ltr'>†hi</span> <span class='ocrx_word' id='word_1_27' title='bbox 990 774 1110 861; x_wconf 83' lang='lat' dir='ltr'>quippe</span> <span class='ocrx_word' id='word_1_28' title='bbox 1131 774 1151 851; x_wconf 89' lang='lat'>†</span> <span class='ocrx_word' id='word_1_29' title='bbox 1175 772 1314 837; x_wconf 89' lang='lat' dir='ltr'>Oriones</span> <span class='ocrx_word' id='word_1_30' title='bbox 1339 773 1374 836; x_wconf 94' lang='lat' dir='ltr'>in</span> 
     </span>
     <span class='ocr_line' id='line_1_5' title="bbox 230 866 1374 965; baseline -0.003 -25"><span class='ocrx_word' id='word_1_31' title='bbox 230 866 303 963; x_wconf 88' lang='lat' dir='ltr'>ipso</span> <span class='ocrx_word' id='word_1_32' title='bbox 329 877 472 962; x_wconf 89' lang='lat' dir='ltr'>pondere</span> <span class='ocrx_word' id='word_1_33' title='bbox 500 877 654 965; x_wconf 85' lang='lat' dir='ltr'>temporis</span> <span class='ocrx_word' id='word_1_34' title='bbox 682 876 831 941; x_wconf 86' lang='lat' dir='ltr'>hiemalis</span> <span class='ocrx_word' id='word_1_35' title='bbox 863 876 1055 941; x_wconf 80' lang='lat' dir='ltr'>exoriuntur</span> <span class='ocrx_word' id='word_1_36' title='bbox 1076 896 1200 962; x_wconf 89' lang='lat' dir='ltr'>suoque</span> <span class='ocrx_word' id='word_1_37' title='bbox 1223 884 1294 941; x_wconf 88' lang='lat' dir='ltr'>ortu</span> <span class='ocrx_word' id='word_1_38' title='bbox 1317 874 1374 937; x_wconf 89' lang='lat' dir='ltr'>im-</span> 
     </span>
     <span class='ocr_line' id='line_1_6' title="bbox 211 977 1372 1066; baseline -0.002 -24"><span class='ocrx_word' id='word_1_39' title='bbox 211 978 309 1042; x_wconf 69' lang='lat' dir='ltr'>tbres</span> <span class='ocrx_word' id='word_1_40' title='bbox 332 988 365 1044; x_wconf 88' lang='lat' dir='ltr'>et</span> <span class='ocrx_word' id='word_1_41' title='bbox 385 986 595 1066; x_wconf 88' lang='lat' dir='ltr'>tempestates</span> <span class='ocrx_word' id='word_1_42' title='bbox 618 979 763 1042; x_wconf 86' lang='lat' dir='ltr'>excitant</span> <span class='ocrx_word' id='word_1_43' title='bbox 791 986 823 1041; x_wconf 89' lang='lat' dir='ltr'>et</span> <span class='ocrx_word' id='word_1_44' title='bbox 844 978 948 1042; x_wconf 89' lang='lat' dir='ltr'>maria</span> <span class='ocrx_word' id='word_1_45' title='bbox 974 987 1142 1063; x_wconf 87' lang='lat' dir='ltr'>terrasque</span> <span class='ocrx_word' id='word_1_46' title='bbox 1171 977 1372 1064; x_wconf 80' lang='lat' dir='ltr'><strong>perturbant.</strong></span> 
     </span>
     <span class='ocr_line' id='line_1_7' title="bbox 234 1077 1374 1167; baseline 0 -24"><span class='ocrx_word' id='word_1_47' title='bbox 234 1094 394 1145; x_wconf 68' lang='lat' dir='ltr'>cannales</span> <span class='ocrx_word' id='word_1_48' title='bbox 421 1079 516 1145; x_wconf 90' lang='lat' dir='ltr'>stella</span> <span class='ocrx_word' id='word_1_49' title='bbox 543 1089 593 1144; x_wconf 89' lang='lat' dir='ltr'>est</span> <span class='ocrx_word' id='word_1_50' title='bbox 622 1101 704 1167; x_wconf 87' lang='lat' dir='ltr'>quae</span> <span class='ocrx_word' id='word_1_51' title='bbox 732 1080 824 1144; x_wconf 85' lang='lat' dir='ltr'>uelut</span> <span class='ocrx_word' id='word_1_52' title='bbox 847 1098 957 1145; x_wconf 86' lang='lat' dir='ltr'>comas</span> <span class='ocrx_word' id='word_1_53' title='bbox 978 1077 1110 1142; x_wconf 89' lang='lat' dir='ltr'>luminis</span> <span class='ocrx_word' id='word_1_54' title='bbox 1133 1101 1175 1143; x_wconf 81' lang='lat' dir='ltr'>ex</span> <span class='ocrx_word' id='word_1_55' title='bbox 1197 1101 1231 1142; x_wconf 89' lang='lat' dir='ltr'>se</span> <span class='ocrx_word' id='word_1_56' title='bbox 1254 1078 1374 1143; x_wconf 87' lang='lat' dir='ltr'>fundit.</span> 
     </span>
     <span class='ocr_line' id='line_1_8' title="bbox 233 1178 1376 1266; baseline -0.002 -21"><span class='ocrx_word' id='word_1_57' title='bbox 233 1181 314 1246; x_wconf 88' lang='lat' dir='ltr'>baec</span> <span class='ocrx_word' id='word_1_58' title='bbox 336 1205 408 1247; x_wconf 87' lang='lat' dir='ltr'>curn</span> <span class='ocrx_word' id='word_1_59' title='bbox 428 1183 573 1246; x_wconf 88' lang='lat' dir='ltr'>nascitur</span> <span class='ocrx_word' id='word_1_60' title='bbox 595 1190 650 1244; x_wconf 88' lang='lat' dir='ltr'>aut</span> <span class='ocrx_word' id='word_1_61' title='bbox 666 1182 757 1266; x_wconf 83' lang='lat' dir='ltr'>regni</span> <span class='ocrx_word' id='word_1_62' title='bbox 773 1183 986 1246; x_wconf 82' lang='lat' dir='ltr'>mutationem</span> <span class='ocrx_word' id='word_1_63' title='bbox 1009 1178 1113 1243; x_wconf 85' lang='lat' dir='ltr'>fertur</span> <span class='ocrx_word' id='word_1_64' title='bbox 1133 1180 1305 1246; x_wconf 83' lang='lat' dir='ltr'>ostendere</span> <span class='ocrx_word' id='word_1_65' title='bbox 1319 1188 1376 1244; x_wconf 86' lang='lat' dir='ltr'>aut</span> 
     </span>
     <span class='ocr_line' id='line_1_9' title="bbox 232 1282 1202 1371; baseline -0.001 -24"><span class='ocrx_word' id='word_1_66' title='bbox 232 1283 321 1348; x_wconf 89' lang='lat' dir='ltr'>bella</span> <span class='ocrx_word' id='word_1_67' title='bbox 339 1294 371 1348; x_wconf 87' lang='lat' dir='ltr'>et</span> <span class='ocrx_word' id='word_1_68' title='bbox 391 1284 593 1371; x_wconf 87' lang='lat' dir='ltr'>pestilentias</span> <span class='ocrx_word' id='word_1_69' title='bbox 616 1303 761 1367; x_wconf 82' lang='lat' dir='ltr'>surgere.</span> <span class='ocrx_word' id='word_1_70' title='bbox 805 1282 931 1371; x_wconf 83' lang='lat' dir='ltr'>dequo</span> <span class='ocrx_word' id='word_1_71' title='bbox 953 1282 1120 1367; x_wconf 91' lang='lat' dir='ltr'>[Lucanus</span> <span class='ocrx_word' id='word_1_72' title='bbox 1142 1282 1202 1347; x_wconf 89' lang='lat' dir='ltr'>ait:</span> 
     </span>
     <span class='ocr_line' id='line_1_10' title="bbox 436 1387 1094 1469; baseline -0.002 -20"><span class='ocrx_word' id='word_1_73' title='bbox 436 1395 468 1450; x_wconf 89' lang='lat' dir='ltr'>et</span> <span class='ocrx_word' id='word_1_74' title='bbox 489 1387 585 1450; x_wconf 90' lang='lat' dir='ltr'>terris</span> <span class='ocrx_word' id='word_1_75' title='bbox 603 1393 782 1449; x_wconf 80' lang='lat' dir='ltr'>mutantem</span> <span class='ocrx_word' id='word_1_76' title='bbox 804 1405 906 1469; x_wconf 87' lang='lat' dir='ltr'>regna</span> <span class='ocrx_word' id='word_1_77' title='bbox 926 1393 1094 1449; x_wconf 86' lang='lat' dir='ltr'>cometem.</span> 
     </span>
     <span class='ocr_line' id='line_1_11' title="bbox 201 1486 476 1573; baseline -0.018 -18"><span class='ocrx_word' id='word_1_78' title='bbox 201 1489 277 1572; x_wconf 80' lang='lat' dir='ltr'>ruet]</span> <span class='ocrx_word' id='word_1_79' title='bbox 303 1486 476 1573; x_wconf 84' lang='lat' dir='ltr'>Virgilius:</span> 
     </span>
     <span class='ocr_line' id='line_1_12' title="bbox 436 1588 1358 1669; baseline 0.002 -16"><span class='ocrx_word' id='word_1_80' title='bbox 436 1611 496 1654; x_wconf 90' lang='lat' dir='ltr'>nec</span> <span class='ocrx_word' id='word_1_81' title='bbox 518 1588 581 1654; x_wconf 91' lang='lat' dir='ltr'>diri</span> <span class='ocrx_word' id='word_1_82' title='bbox 603 1588 723 1654; x_wconf 85' lang='lat' dir='ltr'>totiens</span> <span class='ocrx_word' id='word_1_83' title='bbox 741 1610 852 1654; x_wconf 87' lang='lat' dir='ltr'>arsere</span> <span class='ocrx_word' id='word_1_84' title='bbox 873 1598 1027 1654; x_wconf 86' lang='lat' dir='ltr'>cometae.</span> <span class='ocrx_word' id='word_1_85' title='bbox 1355 1658 1358 1669; x_wconf 57' lang='grc'>,</span> 
     </span>
     <span class='ocr_line' id='line_1_13' title="bbox 234 1688 1374 1780; baseline 0.004 -26"><span class='ocrx_word' id='word_1_86' title='bbox 234 1688 428 1776; x_wconf 83' lang='lat' dir='ltr'>genethliaci</span> <span class='ocrx_word' id='word_1_87' title='bbox 457 1699 565 1755; x_wconf 89' lang='lat' dir='ltr'>autem</span> <span class='ocrx_word' id='word_1_88' title='bbox 593 1693 697 1757; x_wconf 87' lang='lat' dir='ltr'>omnis</span> <span class='ocrx_word' id='word_1_89' title='bbox 721 1689 832 1756; x_wconf 87' lang='lat' dir='ltr'>stellas</span> <span class='ocrx_word' id='word_1_90' title='bbox 854 1691 1009 1755; x_wconf 85' lang='lat' dir='ltr'>erraticas</span> <span class='ocrx_word' id='word_1_91' title='bbox 1030 1690 1226 1779; x_wconf 86' lang='lat' dir='ltr'>quibusdam</span> <span class='ocrx_word' id='word_1_92' title='bbox 1252 1700 1374 1780; x_wconf 90' lang='lat' dir='ltr'>tempo·</span> 
     </span>
     <span class='ocr_line' id='line_1_14' title="bbox 233 1791 1374 1881; baseline 0.003 -24"><span class='ocrx_word' id='word_1_93' title='bbox 233 1791 325 1857; x_wconf 86' lang='lat' dir='ltr'>ribus</span> <span class='ocrx_word' id='word_1_94' title='bbox 359 1801 502 1857; x_wconf 86' lang='lat' dir='ltr'>cometas</span> <span class='ocrx_word' id='word_1_95' title='bbox 530 1793 600 1858; x_wconf 90' lang='lat' dir='ltr'>fieri</span> <span class='ocrx_word' id='word_1_96' title='bbox 631 1792 745 1858; x_wconf 89' lang='lat' dir='ltr'>dicunt</span> <span class='ocrx_word' id='word_1_97' title='bbox 772 1802 804 1858; x_wconf 90' lang='lat' dir='ltr'>et</span> <span class='ocrx_word' id='word_1_98' title='bbox 830 1802 927 1881; x_wconf 90' lang='lat' dir='ltr'>prout</span> <span class='ocrx_word' id='word_1_99' title='bbox 953 1793 1128 1880; x_wconf 88' lang='lat' dir='ltr'>unicuique</span> <span class='ocrx_word' id='word_1_100' title='bbox 1161 1803 1237 1858; x_wconf 88' lang='lat' dir='ltr'>sunt</span> <span class='ocrx_word' id='word_1_101' title='bbox 1268 1804 1374 1860; x_wconf 91' lang='lat' dir='ltr'>motus</span> 
     </span>
     <span class='ocr_line' id='line_1_15' title="bbox 234 1894 1375 1983; baseline 0.004 -25"><span class='ocrx_word' id='word_1_102' title='bbox 234 1894 280 1958; x_wconf 87' lang='lat' dir='ltr'>ita</span> <span class='ocrx_word' id='word_1_103' title='bbox 303 1894 446 1959; x_wconf 89' lang='lat' dir='ltr'>secunda</span> <span class='ocrx_word' id='word_1_104' title='bbox 468 1894 521 1959; x_wconf 89' lang='lat' dir='ltr'>uel</span> <span class='ocrx_word' id='word_1_105' title='bbox 538 1897 679 1961; x_wconf 87' lang='lat' dir='ltr'>aduersa</span> <span class='ocrx_word' id='word_1_106' title='bbox 700 1895 906 1983; x_wconf 86' lang='lat' dir='ltr'>pertendere.</span> <span class='ocrx_word' id='word_1_107' title='bbox 946 1910 1057 1959; x_wconf 76' lang='lat' dir='ltr'>statvs</span> <span class='ocrx_word' id='word_1_108' title='bbox 1072 1895 1168 1960; x_wconf 89' lang='lat' dir='ltr'>stella</span> <span class='ocrx_word' id='word_1_109' title='bbox 1190 1902 1254 1978; x_wconf 85' lang='lat' dir='ltr'>est,</span> <span class='ocrx_word' id='word_1_110' title='bbox 1276 1917 1375 1983; x_wconf 85' lang='lat' dir='ltr'>quam</span> 
     </span>
     <span class='ocr_line' id='line_1_16' title="bbox 201 1995 1374 2085; baseline 0.003 -26"><span class='ocrx_word' id='word_1_111' title='bbox 201 1995 333 2082; x_wconf 83' lang='lat' dir='ltr'>uunlgo</span> <span class='ocrx_word' id='word_1_112' title='bbox 349 2011 468 2060; x_wconf 77' lang='lat' dir='ltr'>canan</span> <span class='ocrx_word' id='word_1_113' title='bbox 485 1996 662 2083; x_wconf 88' lang='lat' dir='ltr'>appellant.</span> <span class='ocrx_word' id='word_1_114' title='bbox 696 1998 801 2061; x_wconf 85' lang='lat' dir='ltr'>Sirius</span> <span class='ocrx_word' id='word_1_115' title='bbox 817 1998 938 2084; x_wconf 88' lang='lat' dir='ltr'>quippe</span> <span class='ocrx_word' id='word_1_116' title='bbox 958 1996 1123 2082; x_wconf 81' lang='lat' dir='ltr'>appellata</span> <span class='ocrx_word' id='word_1_117' title='bbox 1136 2007 1270 2085; x_wconf 88' lang='lat' dir='ltr'>propter</span> <span class='ocrx_word' id='word_1_118' title='bbox 1285 1996 1374 2062; x_wconf 89' lang='lat' dir='ltr'>flam·</span> 
     </span>
    </p>
   </div>
   <div class='ocr_carea' id='block_1_3' title="bbox 233 2186 1393 3413">
    <p class='ocr_par' dir='ltr' id='par_1_3' title="bbox 233 2186 1393 3413">
     <span class='ocr_line' id='line_1_17' title="bbox 234 2186 1373 2252; baseline 0.002 -16"><span class='ocrx_word' id='word_1_119' title='bbox 234 2187 384 2252; x_wconf 79' lang='lat' dir='ltr'>proximum</span> <span class='ocrx_word' id='word_1_120' title='bbox 406 2186 470 2237; x_wconf 90' lang='lat' dir='ltr'>huic</span> <span class='ocrx_word' id='word_1_121' title='bbox 490 2193 533 2237; x_wconf 88' lang='lat' dir='ltr'>est</span> <span class='ocrx_word' id='word_1_122' title='bbox 551 2188 657 2251; x_wconf 79' lang='lat' dir='ltr'>signum</span> <span class='ocrx_word' id='word_1_123' title='bbox 670 2187 785 2236; x_wconf 88' lang='lat' dir='ltr'>Bootem</span> <span class='ocrx_word' id='word_1_124' title='bbox 798 2187 933 2236; x_wconf 88' lang='lat' dir='ltr'>nominari</span> <span class='ocrx_word' id='word_1_125' title='bbox 952 2186 1048 2237; x_wconf 87' lang='lat' dir='ltr'>uolunt</span> <span class='ocrx_word' id='word_1_126' title='bbox 1065 2223 1071 2236; x_wconf 92' lang='lat'>.</span> <span class='ocrx_word' id='word_1_127' title='bbox 1088 2225 1093 2236; x_wconf 95' lang='lat'>.</span> <span class='ocrx_word' id='word_1_128' title='bbox 1108 2225 1114 2235; x_wconf 92' lang='lat'>.</span> <span class='ocrx_word' id='word_1_129' title='bbox 1130 2222 1136 2235; x_wconf 89' lang='lat'>.</span> <span class='ocrx_word' id='word_1_130' title='bbox 1155 2188 1250 2252; x_wconf 88' lang='lat' dir='ltr'>itaque</span> <span class='ocrx_word' id='word_1_131' title='bbox 1270 2193 1298 2237; x_wconf 92' lang='lat' dir='ltr'>et</span> <span class='ocrx_word' id='word_1_132' title='bbox 1315 2187 1373 2251; x_wconf 88' lang='lat' dir='ltr'>ille,</span> 
     </span>
     <span class='ocr_line' id='line_1_18' title="bbox 235 2254 1374 2321; baseline 0.001 -18"><span class='ocrx_word' id='word_1_133' title='bbox 235 2256 281 2317; x_wconf 82' lang='lat' dir='ltr'>qui</span> <span class='ocrx_word' id='word_1_134' title='bbox 298 2260 382 2305; x_wconf 88' lang='lat' dir='ltr'>antea</span> <span class='ocrx_word' id='word_1_135' title='bbox 400 2255 551 2320; x_wconf 77' lang='lat' dir='ltr'>plaustrum</span> <span class='ocrx_word' id='word_1_136' title='bbox 564 2271 681 2321; x_wconf 82' lang='lat' dir='ltr'>sequens</span> <span class='ocrx_word' id='word_1_137' title='bbox 692 2256 794 2305; x_wconf 86' lang='lat' dir='ltr'>Bootes</span> <span class='ocrx_word' id='word_1_138' title='bbox 808 2255 1016 2320; x_wconf 77' lang='lat' dir='ltr'>appellabatur,</span> <span class='ocrx_word' id='word_1_139' title='bbox 1031 2254 1211 2320; x_wconf 81' lang='lat' dir='ltr'>arctophylax</span> <span class='ocrx_word' id='word_1_140' title='bbox 1230 2262 1272 2305; x_wconf 88' lang='lat' dir='ltr'>est</span> <span class='ocrx_word' id='word_1_141' title='bbox 1284 2256 1374 2306; x_wconf 87' lang='lat' dir='ltr'>dictus</span> 
     </span>
     <span class='ocr_line' id='line_1_19' title="bbox 237 2322 1373 2389; baseline 0.001 -18"><span class='ocrx_word' id='word_1_142' title='bbox 237 2360 243 2371; x_wconf 93' lang='lat'>.</span> <span class='ocrx_word' id='word_1_143' title='bbox 258 2360 264 2370; x_wconf 93' lang='lat'>.</span> <span class='ocrx_word' id='word_1_144' title='bbox 279 2361 284 2372; x_wconf 95' lang='lat'>.</span> <span class='ocrx_word' id='word_1_145' title='bbox 300 2360 306 2371; x_wconf 92' lang='lat'>.</span> <span class='ocrx_word' id='word_1_146' title='bbox 326 2328 354 2372; x_wconf 86' lang='lat' dir='ltr'>et</span> <span class='ocrx_word' id='word_1_147' title='bbox 372 2322 415 2372; x_wconf 88' lang='lat' dir='ltr'>ilii</span> <span class='ocrx_word' id='word_1_148' title='bbox 428 2324 474 2388; x_wconf 90' lang='lat' dir='ltr'>qui</span> <span class='ocrx_word' id='word_1_149' title='bbox 491 2324 564 2373; x_wconf 90' lang='lat' dir='ltr'>hanc</span> <span class='ocrx_word' id='word_1_150' title='bbox 578 2324 735 2386; x_wconf 87' lang='lat' dir='ltr'>obseruant,</span> <span class='ocrx_word' id='word_1_151' title='bbox 756 2324 847 2372; x_wconf 85' lang='lat' dir='ltr'>uerius</span> <span class='ocrx_word' id='word_1_152' title='bbox 866 2327 895 2372; x_wconf 86' lang='lat' dir='ltr'>et</span> <span class='ocrx_word' id='word_1_153' title='bbox 906 2322 1066 2389; x_wconf 81' lang='lat' dir='ltr'>diligentins</span> <span class='ocrx_word' id='word_1_154' title='bbox 1079 2324 1213 2387; x_wconf 81' lang='lat' dir='ltr'>nauigare</span> <span class='ocrx_word' id='word_1_155' title='bbox 1226 2322 1373 2374; x_wconf 89' lang='lat' dir='ltr'>dicuntur.’</span> 
     </span>
     <span class='ocr_line' id='line_1_20' title="bbox 234 2390 1393 2457; baseline -0.001 -16"><span class='ocrx_word' id='word_1_156' title='bbox 234 2390 262 2441; x_wconf 94' lang='lat'>11</span> <span class='ocrx_word' id='word_1_157' title='bbox 280 2390 325 2440; x_wconf 81' lang='lat'>21:</span> <span class='ocrx_word' id='word_1_158' title='bbox 351 2392 416 2441; x_wconf 83' lang='lat' dir='ltr'>‘Eas</span> <span class='ocrx_word' id='word_1_159' title='bbox 429 2390 526 2441; x_wconf 86' lang='lat' dir='ltr'>stellae</span> <span class='ocrx_word' id='word_1_160' title='bbox 539 2391 672 2456; x_wconf 79' lang='lat' dir='ltr'>uergilias</span> <span class='ocrx_word' id='word_1_161' title='bbox 683 2391 771 2441; x_wconf 87' lang='lat' dir='ltr'>nostri</span> <span class='ocrx_word' id='word_1_162' title='bbox 789 2390 1009 2457; x_wconf 81' lang='lat' dir='ltr'>appellauerunt,</span> <span class='ocrx_word' id='word_1_163' title='bbox 1030 2392 1099 2455; x_wconf 89' lang='lat' dir='ltr'>quod</span> <span class='ocrx_word' id='word_1_164' title='bbox 1112 2397 1175 2455; x_wconf 90' lang='lat' dir='ltr'>post</span> <span class='ocrx_word' id='word_1_165' title='bbox 1187 2407 1235 2440; x_wconf 87' lang='lat' dir='ltr'>ner</span> <span class='ocrx_word' id='word_1_166' title='bbox 1249 2393 1373 2442; x_wconf 86' lang='lat' dir='ltr'>exoriun-</span> <span class='ocrx_word' id='word_1_167' title='bbox 1387 2401 1393 2414; x_wconf 89' lang='lat'><strong>·</strong></span> 
     </span>
     <span class='ocr_line' id='line_1_21' title="bbox 234 2457 1373 2524; baseline 0.002 -17"><span class='ocrx_word' id='word_1_168' title='bbox 234 2464 290 2507; x_wconf 86' lang='lat' dir='ltr'>tur:</span> <span class='ocrx_word' id='word_1_169' title='bbox 315 2465 343 2508; x_wconf 89' lang='lat' dir='ltr'>et</span> <span class='ocrx_word' id='word_1_170' title='bbox 365 2459 416 2509; x_wconf 91' lang='lat' dir='ltr'>hoc</span> <span class='ocrx_word' id='word_1_171' title='bbox 440 2460 548 2523; x_wconf 89' lang='lat' dir='ltr'>quidem</span> <span class='ocrx_word' id='word_1_172' title='bbox 568 2457 727 2523; x_wconf 85' lang='lat' dir='ltr'>ampliorem</span> <span class='ocrx_word' id='word_1_173' title='bbox 746 2461 847 2508; x_wconf 87' lang='lat' dir='ltr'>ceteris</span> <span class='ocrx_word' id='word_1_174' title='bbox 865 2459 969 2508; x_wconf 92' lang='lat' dir='ltr'>habent</span> <span class='ocrx_word' id='word_1_175' title='bbox 986 2459 1124 2521; x_wconf 87' lang='lat' dir='ltr'>honorem,</span> <span class='ocrx_word' id='word_1_176' title='bbox 1145 2457 1214 2524; x_wconf 89' lang='lat' dir='ltr'>quod</span> <span class='ocrx_word' id='word_1_177' title='bbox 1233 2460 1262 2508; x_wconf 92' lang='lat' dir='ltr'>in</span> <span class='ocrx_word' id='word_1_178' title='bbox 1281 2475 1373 2509; x_wconf 86' lang='lat' dir='ltr'>earum</span> 
     </span>
     <span class='ocr_line' id='line_1_22' title="bbox 233 2526 1373 2593; baseline 0.001 -17"><span class='ocrx_word' id='word_1_179' title='bbox 233 2527 313 2592; x_wconf 83' lang='lat' dir='ltr'>signo</span> <span class='ocrx_word' id='word_1_180' title='bbox 332 2528 473 2577; x_wconf 84' lang='lat' dir='ltr'>exoriente</span> <span class='ocrx_word' id='word_1_181' title='bbox 491 2526 548 2577; x_wconf 85' lang='lat' dir='ltr'>sole</span> <span class='ocrx_word' id='word_1_182' title='bbox 573 2533 667 2577; x_wconf 89' lang='lat' dir='ltr'>aestas</span> <span class='ocrx_word' id='word_1_183' title='bbox 689 2527 874 2593; x_wconf 72' lang='lat' dir='ltr'>significatur:</span> <span class='ocrx_word' id='word_1_184' title='bbox 899 2527 1044 2577; x_wconf 89' lang='lat' dir='ltr'>occidente</span> <span class='ocrx_word' id='word_1_185' title='bbox 1064 2532 1155 2576; x_wconf 85' lang='lat' dir='ltr'>autem</span> <span class='ocrx_word' id='word_1_186' title='bbox 1173 2527 1260 2577; x_wconf 85' lang='lat' dir='ltr'>hiems</span> <span class='ocrx_word' id='word_1_187' title='bbox 1283 2533 1373 2577; x_wconf 86' lang='lat' dir='ltr'>osten·</span> 
     </span>
     <span class='ocr_line' id='line_1_23' title="bbox 235 2593 1373 2660; baseline 0.001 -16"><span class='ocrx_word' id='word_1_188' title='bbox 235 2594 321 2657; x_wconf 89' lang='lat' dir='ltr'>ditur,</span> <span class='ocrx_word' id='word_1_189' title='bbox 345 2595 417 2660; x_wconf 87' lang='lat' dir='ltr'>quod</span> <span class='ocrx_word' id='word_1_190' title='bbox 440 2594 504 2644; x_wconf 90' lang='lat' dir='ltr'>aliis</span> <span class='ocrx_word' id='word_1_191' title='bbox 521 2610 576 2645; x_wconf 91' lang='lat' dir='ltr'>non</span> <span class='ocrx_word' id='word_1_192' title='bbox 595 2600 637 2645; x_wconf 88' lang='lat' dir='ltr'>est</span> <span class='ocrx_word' id='word_1_193' title='bbox 659 2596 790 2645; x_wconf 88' lang='lat' dir='ltr'>traditum</span> <span class='ocrx_word' id='word_1_194' title='bbox 813 2593 920 2659; x_wconf 82' lang='lat' dir='ltr'>siguis’</span> <span class='ocrx_word' id='word_1_195' title='bbox 939 2622 972 2630; x_wconf 92' lang='lat'>-</span> <span class='ocrx_word' id='word_1_196' title='bbox 995 2595 1152 2645; x_wconf 83' lang='lat' dir='ltr'>Scholiasta</span> <span class='ocrx_word' id='word_1_197' title='bbox 1171 2595 1329 2644; x_wconf 87' lang='lat' dir='ltr'>Germanici</span> <span class='ocrx_word' id='word_1_198' title='bbox 1347 2612 1373 2660; x_wconf 92' lang='lat' dir='ltr'>p.</span> 
     </span>
     <span class='ocr_line' id='line_1_24' title="bbox 234 2660 1375 2729; baseline 0.001 -17"><span class='ocrx_word' id='word_1_199' title='bbox 234 2660 279 2713; x_wconf 82' lang='lat'>38:</span> <span class='ocrx_word' id='word_1_200' title='bbox 316 2663 409 2712; x_wconf 76' lang='lat' dir='ltr'>‘Duae</span> <span class='ocrx_word' id='word_1_201' title='bbox 432 2668 496 2712; x_wconf 89' lang='lat' dir='ltr'>suat</span> <span class='ocrx_word' id='word_1_202' title='bbox 519 2665 589 2712; x_wconf 86' lang='lat' dir='ltr'>arcti</span> <span class='ocrx_word' id='word_1_203' title='bbox 703 2664 792 2712; x_wconf 88' lang='lat' dir='ltr'>altera</span> <span class='ocrx_word' id='word_1_204' title='bbox 815 2678 933 2728; x_wconf 88' lang='lat' dir='ltr'>namque</span> <span class='ocrx_word' id='word_1_205' title='bbox 956 2663 1055 2713; x_wconf 87' lang='lat' dir='ltr'>Helice</span> <span class='ocrx_word' id='word_1_206' title='bbox 1081 2670 1136 2725; x_wconf 86' lang='lat' dir='ltr'>est,</span> <span class='ocrx_word' id='word_1_207' title='bbox 1165 2679 1234 2727; x_wconf 87' lang='lat' dir='ltr'>quae</span> <span class='ocrx_word' id='word_1_208' title='bbox 1259 2668 1375 2729; x_wconf 89' lang='lat' dir='ltr'>apparet</span> 
     </span>
     <span class='ocr_line' id='line_1_25' title="bbox 234 2730 1373 2796; baseline 0.002 -17"><span class='ocrx_word' id='word_1_209' title='bbox 234 2731 323 2796; x_wconf 88' lang='lat' dir='ltr'>prima</span> <span class='ocrx_word' id='word_1_210' title='bbox 341 2733 432 2781; x_wconf 88' lang='lat' dir='ltr'>noetis</span> <span class='ocrx_word' id='word_1_211' title='bbox 450 2731 540 2781; x_wconf 88' lang='lat' dir='ltr'>altera</span> <span class='ocrx_word' id='word_1_212' title='bbox 557 2730 660 2796; x_wconf 87' lang='lat' dir='ltr'>pusilla</span> <span class='ocrx_word' id='word_1_213' title='bbox 679 2730 787 2795; x_wconf 88' lang='lat' dir='ltr'>quidem</span> <span class='ocrx_word' id='word_1_214' title='bbox 800 2730 849 2780; x_wconf 89' lang='lat' dir='ltr'>sed</span> <span class='ocrx_word' id='word_1_215' title='bbox 867 2747 883 2779; x_wconf 88' lang='lat' dir='ltr'>a</span> <span class='ocrx_word' id='word_1_216' title='bbox 902 2731 1099 2796; x_wconf 82' lang='lat' dir='ltr'>nauigantibus</span> <span class='ocrx_word' id='word_1_217' title='bbox 1117 2731 1286 2781; x_wconf 84' lang='lat' dir='ltr'>obseruator.</span> <span class='ocrx_word' id='word_1_218' title='bbox 1317 2748 1373 2781; x_wconf 90' lang='lat' dir='ltr'>ma·</span> 
     </span>
     <span class='ocr_line' id='line_1_26' title="bbox 235 2797 1374 2864; baseline 0.003 -17"><span class='ocrx_word' id='word_1_219' title='bbox 235 2799 278 2847; x_wconf 87' lang='lat' dir='ltr'>ria</span> <span class='ocrx_word' id='word_1_220' title='bbox 297 2799 370 2848; x_wconf 91' lang='lat' dir='ltr'>enim</span> <span class='ocrx_word' id='word_1_221' title='bbox 389 2798 554 2848; x_wconf 59' lang='lat' dir='ltr'>conturbat)</span> <span class='ocrx_word' id='word_1_222' title='bbox 586 2816 612 2863; x_wconf 91' lang='lat' dir='ltr'>p.</span> <span class='ocrx_word' id='word_1_223' title='bbox 631 2798 677 2848; x_wconf 80' lang='lat'>65:</span> <span class='ocrx_word' id='word_1_224' title='bbox 697 2797 836 2848; x_wconf 87' lang='lat' dir='ltr'>‘Pleiades</span> <span class='ocrx_word' id='word_1_225' title='bbox 855 2814 872 2848; x_wconf 90' lang='lat' dir='ltr'>a</span> <span class='ocrx_word' id='word_1_226' title='bbox 882 2798 1014 2864; x_wconf 89' lang='lat' dir='ltr'>pluritate</span> <span class='ocrx_word' id='word_1_227' title='bbox 1029 2799 1130 2848; x_wconf 80' lang='lat' dir='ltr'>Graeci</span> <span class='ocrx_word' id='word_1_228' title='bbox 1147 2805 1260 2861; x_wconf 79' lang='lat' dir='ltr'>uocant,</span> <span class='ocrx_word' id='word_1_229' title='bbox 1278 2800 1374 2851; x_wconf 87' lang='lat' dir='ltr'>Latini</span> 
     </span>
     <span class='ocr_line' id='line_1_27' title="bbox 236 2864 1373 2932; baseline 0.002 -17"><span class='ocrx_word' id='word_1_230' title='bbox 236 2881 268 2915; x_wconf 85' lang='lat' dir='ltr'>eo</span> <span class='ocrx_word' id='word_1_231' title='bbox 308 2867 362 2916; x_wconf 90' lang='lat' dir='ltr'>uod</span> <span class='ocrx_word' id='word_1_232' title='bbox 379 2882 444 2916; x_wconf 88' lang='lat' dir='ltr'>uere</span> <span class='ocrx_word' id='word_1_233' title='bbox 463 2868 635 2930; x_wconf 81' lang='lat' dir='ltr'>exoriantur,</span> <span class='ocrx_word' id='word_1_234' title='bbox 660 2867 793 2931; x_wconf 79' lang='lat' dir='ltr'>uergilias</span> <span class='ocrx_word' id='word_1_235' title='bbox 811 2864 926 2916; x_wconf 70' lang='lat' dir='ltr'>dicunt*</span> <span class='ocrx_word' id='word_1_236' title='bbox 955 2864 1076 2918; x_wconf 88' lang='lat' dir='ltr'>Isidorus</span> <span class='ocrx_word' id='word_1_237' title='bbox 1099 2866 1186 2932; x_wconf 80' lang='lat' dir='ltr'>origg.</span> <span class='ocrx_word' id='word_1_238' title='bbox 1205 2868 1247 2917; x_wconf 90' lang='lat' dir='ltr'>Ill</span> <span class='ocrx_word' id='word_1_239' title='bbox 1265 2866 1312 2931; x_wconf 81' lang='lat'>70,</span> <span class='ocrx_word' id='word_1_240' title='bbox 1333 2867 1373 2920; x_wconf 81' lang='lat'>13.</span> 
     </span>
     <span class='ocr_line' id='line_1_28' title="bbox 236 2883 1374 3001; baseline 0.002 -18"><span class='ocrx_word' id='word_1_241' title='bbox 236 2933 273 2983; x_wconf 83' lang='lat' dir='ltr'>ef.</span> <span class='ocrx_word' id='word_1_242' title='bbox 286 2883 384 2984; x_wconf 52' lang='lat' dir='ltr'>lestns</span> <span class='ocrx_word' id='word_1_243' title='bbox 402 2951 427 3000; x_wconf 87' lang='lat' dir='ltr'>p.</span> <span class='ocrx_word' id='word_1_244' title='bbox 447 2933 509 2985; x_wconf 76' lang='lat'>³72:</span> <span class='ocrx_word' id='word_1_245' title='bbox 532 2934 682 3000; x_wconf 81' lang='lat' dir='ltr'>‘Vergiliae</span> <span class='ocrx_word' id='word_1_246' title='bbox 700 2935 792 2985; x_wconf 84' lang='lat' dir='ltr'>dictae</span> <span class='ocrx_word' id='word_1_247' title='bbox 812 2935 882 3001; x_wconf 81' lang='lat' dir='ltr'>qrrod</span> <span class='ocrx_word' id='word_1_248' title='bbox 901 2950 993 2985; x_wconf 87' lang='lat' dir='ltr'>earum</span> <span class='ocrx_word' id='word_1_249' title='bbox 1012 2942 1072 2985; x_wconf 89' lang='lat' dir='ltr'>ortu</span> <span class='ocrx_word' id='word_1_250' title='bbox 1089 2950 1139 2984; x_wconf 88' lang='lat' dir='ltr'>ner</span> <span class='ocrx_word' id='word_1_251' title='bbox 1156 2936 1261 2999; x_wconf 87' lang='lat' dir='ltr'>finitur,</span> <span class='ocrx_word' id='word_1_252' title='bbox 1282 2942 1374 2985; x_wconf 84' lang='lat' dir='ltr'>aestas</span> 
     </span>
     <span class='ocr_line' id='line_1_29' title="bbox 235 3001 1375 3068; baseline 0.003 -18"><span class='ocrx_word' id='word_1_253' title='bbox 235 3002 351 3067; x_wconf 61' lang='lat' dir='ltr'>incipit!</span> <span class='ocrx_word' id='word_1_254' title='bbox 364 3019 390 3068; x_wconf 90' lang='lat' dir='ltr'>p.</span> <span class='ocrx_word' id='word_1_255' title='bbox 404 3002 450 3051; x_wconf 81' lang='lat'>75:</span> <span class='ocrx_word' id='word_1_256' title='bbox 470 3002 570 3052; x_wconf 87' lang='lat' dir='ltr'>‘Orion</span> <span class='ocrx_word' id='word_1_257' title='bbox 583 3005 628 3068; x_wconf 90' lang='lat' dir='ltr'>qui</span> <span class='ocrx_word' id='word_1_258' title='bbox 643 3009 671 3052; x_wconf 90' lang='lat' dir='ltr'>et</span> <span class='ocrx_word' id='word_1_259' title='bbox 683 3003 780 3053; x_wconf 87' lang='lat' dir='ltr'>Incola</span> <span class='ocrx_word' id='word_1_260' title='bbox 793 3001 902 3068; x_wconf 79' lang='lat' dir='ltr'>(lugola</span> <span class='ocrx_word' id='word_1_261' title='bbox 915 3003 943 3052; x_wconf 85' lang='lat'>0.</span> <span class='ocrx_word' id='word_1_262' title='bbox 957 3004 1073 3067; x_wconf 78' lang='lat' dir='ltr'>Iahnius)</span> <span class='ocrx_word' id='word_1_263' title='bbox 1086 3003 1188 3053; x_wconf 89' lang='lat' dir='ltr'>dieitur</span> <span class='ocrx_word' id='word_1_264' title='bbox 1205 3009 1268 3053; x_wconf 90' lang='lat' dir='ltr'>ante</span> <span class='ocrx_word' id='word_1_265' title='bbox 1288 3005 1375 3063; x_wconf 78' lang='lat' dir='ltr'>Tauri</span> 
     </span>
     <span class='ocr_line' id='line_1_30' title="bbox 234 3070 1373 3136; baseline 0.002 -17"><span class='ocrx_word' id='word_1_266' title='bbox 234 3071 356 3135; x_wconf 81' lang='lat' dir='ltr'>uestigia</span> <span class='ocrx_word' id='word_1_267' title='bbox 375 3070 476 3135; x_wconf 81' lang='lat' dir='ltr'>fulget,</span> <span class='ocrx_word' id='word_1_268' title='bbox 496 3076 524 3119; x_wconf 92' lang='lat' dir='ltr'>et</span> <span class='ocrx_word' id='word_1_269' title='bbox 540 3070 642 3120; x_wconf 88' lang='lat' dir='ltr'>dicitur</span> <span class='ocrx_word' id='word_1_270' title='bbox 665 3071 751 3121; x_wconf 90' lang='lat' dir='ltr'>Orion</span> <span class='ocrx_word' id='word_1_271' title='bbox 770 3071 805 3119; x_wconf 91' lang='lat' dir='ltr'>ab</span> <span class='ocrx_word' id='word_1_272' title='bbox 823 3072 903 3120; x_wconf 89' lang='lat' dir='ltr'>urina</span> <span class='ocrx_word' id='word_1_273' title='bbox 919 3071 947 3120; x_wconf 88' lang='lat' dir='ltr'>id</span> <span class='ocrx_word' id='word_1_274' title='bbox 967 3078 1009 3122; x_wconf 86' lang='lat' dir='ltr'>ost</span> <span class='ocrx_word' id='word_1_275' title='bbox 1031 3071 1209 3122; x_wconf 87' lang='lat' dir='ltr'>inundatione</span> <span class='ocrx_word' id='word_1_276' title='bbox 1233 3086 1373 3136; x_wconf 88' lang='lat' dir='ltr'>aquarum.</span> 
     </span>
     <span class='ocr_line' id='line_1_31' title="bbox 234 3138 1375 3204; baseline 0.002 -17"><span class='ocrx_word' id='word_1_277' title='bbox 234 3144 358 3203; x_wconf 88' lang='lat' dir='ltr'>tempore</span> <span class='ocrx_word' id='word_1_278' title='bbox 371 3139 443 3187; x_wconf 88' lang='lat' dir='ltr'>enirn</span> <span class='ocrx_word' id='word_1_279' title='bbox 456 3138 554 3188; x_wconf 88' lang='lat' dir='ltr'>hiemis</span> <span class='ocrx_word' id='word_1_280' title='bbox 566 3139 651 3189; x_wconf 91' lang='lat' dir='ltr'>habet</span> <span class='ocrx_word' id='word_1_281' title='bbox 664 3144 763 3200; x_wconf 89' lang='lat' dir='ltr'>ortum,</span> <span class='ocrx_word' id='word_1_282' title='bbox 782 3154 842 3188; x_wconf 89' lang='lat' dir='ltr'>eum</span> <span class='ocrx_word' id='word_1_283' title='bbox 855 3154 931 3188; x_wconf 88' lang='lat' dir='ltr'>nrare</span> <span class='ocrx_word' id='word_1_284' title='bbox 945 3146 972 3189; x_wconf 88' lang='lat' dir='ltr'>et</span> <span class='ocrx_word' id='word_1_285' title='bbox 984 3147 1072 3189; x_wconf 85' lang='lat' dir='ltr'>terras</span> <span class='ocrx_word' id='word_1_286' title='bbox 1086 3140 1164 3204; x_wconf 82' lang='lat' dir='ltr'>aquis</span> <span class='ocrx_word' id='word_1_287' title='bbox 1180 3146 1209 3191; x_wconf 87' lang='lat' dir='ltr'>et</span> <span class='ocrx_word' id='word_1_288' title='bbox 1226 3145 1375 3204; x_wconf 87' lang='lat' dir='ltr'>tempesta·</span> 
     </span>
     <span class='ocr_line' id='line_1_32' title="bbox 235 3206 1375 3273; baseline 0.003 -19"><span class='ocrx_word' id='word_1_289' title='bbox 235 3207 307 3256; x_wconf 84' lang='lat' dir='ltr'>tibus</span> <span class='ocrx_word' id='word_1_290' title='bbox 320 3206 421 3255; x_wconf 88' lang='lat' dir='ltr'>turbat.</span> <span class='ocrx_word' id='word_1_291' title='bbox 441 3206 512 3256; x_wconf 78' lang='lat' dir='ltr'>branc</span> <span class='ocrx_word' id='word_1_292' title='bbox 525 3208 641 3258; x_wconf 88' lang='lat' dir='ltr'>Romani</span> <span class='ocrx_word' id='word_1_293' title='bbox 655 3206 780 3273; x_wconf 82' lang='lat' dir='ltr'>lugulam</span> <span class='ocrx_word' id='word_1_294' title='bbox 796 3212 912 3269; x_wconf 87' lang='lat' dir='ltr'>uocant,</span> <span class='ocrx_word' id='word_1_295' title='bbox 932 3223 964 3256; x_wconf 90' lang='lat' dir='ltr'>eo</span> <span class='ocrx_word' id='word_1_296' title='bbox 977 3207 1048 3271; x_wconf 89' lang='lat' dir='ltr'>qnod</span> <span class='ocrx_word' id='word_1_297' title='bbox 1060 3208 1096 3257; x_wconf 88' lang='lat' dir='ltr'>sit</span> <span class='ocrx_word' id='word_1_298' title='bbox 1114 3213 1247 3270; x_wconf 85' lang='lat' dir='ltr'>armatus,</span> <span class='ocrx_word' id='word_1_299' title='bbox 1267 3212 1298 3256; x_wconf 88' lang='lat' dir='ltr'>ut</span> <span class='ocrx_word' id='word_1_300' title='bbox 1315 3208 1375 3273; x_wconf 81' lang='lat' dir='ltr'>gla-</span> 
     </span>
     <span class='ocr_line' id='line_1_33' title="bbox 235 3273 1374 3343; baseline 0 -20"><span class='ocrx_word' id='word_1_301' title='bbox 235 3273 295 3324; x_wconf 87' lang='lat' dir='ltr'>dius</span> <span class='ocrx_word' id='word_1_302' title='bbox 313 3273 454 3324; x_wconf 88' lang='lat' dir='ltr'>stellarum</span> <span class='ocrx_word' id='word_1_303' title='bbox 474 3274 535 3323; x_wconf 90' lang='lat' dir='ltr'>luce</span> <span class='ocrx_word' id='word_1_304' title='bbox 553 3274 685 3325; x_wconf 83' lang='lat' dir='ltr'>terribilis</span> <span class='ocrx_word' id='word_1_305' title='bbox 704 3280 732 3324; x_wconf 88' lang='lat' dir='ltr'>et</span> <span class='ocrx_word' id='word_1_306' title='bbox 750 3275 933 3336; x_wconf 72' lang='lat' dir='ltr'>clarissimus,</span> <span class='ocrx_word' id='word_1_307' title='bbox 960 3275 1005 3339; x_wconf 88' lang='lat' dir='ltr'>qui</span> <span class='ocrx_word' id='word_1_308' title='bbox 1024 3276 1047 3323; x_wconf 88' lang='lat' dir='ltr'>si</span> <span class='ocrx_word' id='word_1_309' title='bbox 1066 3274 1168 3343; x_wconf 82' lang='lat' dir='ltr'>fulget,</span> <span class='ocrx_word' id='word_1_310' title='bbox 1193 3276 1374 3324; x_wconf 87' lang='lat' dir='ltr'>serenitatem</span> 
     </span>
     <span class='ocr_line' id='line_1_34' title="bbox 233 3341 1375 3413; baseline 0.001 -22"><span class='ocrx_word' id='word_1_311' title='bbox 233 3343 382 3407; x_wconf 84' lang='lat' dir='ltr'>portendit:</span> <span class='ocrx_word' id='word_1_312' title='bbox 402 3342 426 3391; x_wconf 90' lang='lat' dir='ltr'>si</span> <span class='ocrx_word' id='word_1_313' title='bbox 439 3343 612 3406; x_wconf 75' lang='lat' dir='ltr'>obseraretur,</span> <span class='ocrx_word' id='word_1_314' title='bbox 627 3347 820 3408; x_wconf 88' lang='lat' dir='ltr'>tempestatem</span> <span class='ocrx_word' id='word_1_315' title='bbox 834 3342 931 3391; x_wconf 90' lang='lat' dir='ltr'>annuit</span> <span class='ocrx_word' id='word_1_316' title='bbox 943 3341 1105 3392; x_wconf 62' lang='lat' dir='ltr'>imminere)</span> <span class='ocrx_word' id='word_1_317' title='bbox 1139 3345 1243 3408; x_wconf 83' lang='lat' dir='ltr'>repetit</span> <span class='ocrx_word' id='word_1_318' title='bbox 1253 3342 1375 3413; x_wconf 81' lang='lat' dir='ltr'>Isidorus</span> 
     </span>
    </p>
   </div>
   <div class='ocr_carea' id='block_1_4' title="bbox 179 3506 1377 4535">
    <p class='ocr_par' dir='ltr' id='par_1_4' title="bbox 179 3506 1377 4535">
     <span class='ocr_line' id='line_1_35' title="bbox 319 3506 1374 3597; baseline -0.002 -21"><span class='ocrx_word' id='word_1_319' title='bbox 319 3514 451 3578; x_wconf 89' lang='lat' dir='ltr'>llueem</span> <span class='ocrx_word' id='word_1_320' title='bbox 470 3512 506 3573; x_wconf 87' lang='lat' dir='ltr'>B¹</span> <span class='ocrx_word' id='word_1_321' title='bbox 523 3510 537 3597; x_wconf 94' lang='grc' dir='ltr'>Η</span> <span class='ocrx_word' id='word_1_322' title='bbox 552 3516 651 3591; x_wconf 84' lang='lat' dir='ltr'>magni</span> <span class='ocrx_word' id='word_1_323' title='bbox 668 3510 721 3596; x_wconf 92' lang='grc' dir='ltr'>ΒΗ</span> <span class='ocrx_word' id='word_1_324' title='bbox 736 3523 752 3574; x_wconf 75' lang='lat'><strong>2</strong></span> <span class='ocrx_word' id='word_1_325' title='bbox 768 3514 845 3573; x_wconf 88' lang='lat' dir='ltr'>adeo</span> <span class='ocrx_word' id='word_1_326' title='bbox 862 3517 939 3572; x_wconf 81' lang='lat' dir='ltr'>CDE</span> <span class='ocrx_word' id='word_1_327' title='bbox 950 3506 965 3594; x_wconf 98' lang='grc' dir='ltr'>Η</span> <span class='ocrx_word' id='word_1_328' title='bbox 981 3512 1090 3574; x_wconf 86' lang='lat' dir='ltr'>eludes</span> <span class='ocrx_word' id='word_1_329' title='bbox 1112 3516 1158 3572; x_wconf 80' lang='lat' dir='ltr'>CI)</span> <span class='ocrx_word' id='word_1_330' title='bbox 1172 3509 1186 3596; x_wconf 93' lang='grc' dir='ltr'>Η</span> <span class='ocrx_word' id='word_1_331' title='bbox 1202 3537 1220 3591; x_wconf 87' lang='lat' dir='ltr'>p</span> <span class='ocrx_word' id='word_1_332' title='bbox 1234 3510 1274 3572; x_wconf 77' lang='lat'>13²</span> <span class='ocrx_word' id='word_1_333' title='bbox 1288 3509 1301 3594; x_wconf 93' lang='grc' dir='ltr'>Η</span> <span class='ocrx_word' id='word_1_334' title='bbox 1317 3514 1374 3574; x_wconf 87' lang='lat' dir='ltr'>ful·</span> 
     </span>
     <span class='ocr_line' id='line_1_36' title="bbox 233 3593 1377 3682; baseline -0.002 -21"><span class='ocrx_word' id='word_1_335' title='bbox 233 3622 324 3680; x_wconf 73' lang='lat' dir='ltr'>geres</span> <span class='ocrx_word' id='word_1_336' title='bbox 342 3595 378 3657; x_wconf 73' lang='grc' dir='ltr'>Βί</span> <span class='ocrx_word' id='word_1_337' title='bbox 394 3594 407 3682; x_wconf 93' lang='grc' dir='ltr'>Η</span> <span class='ocrx_word' id='word_1_338' title='bbox 423 3610 440 3663; x_wconf 87' lang='grc'>3</span> <span class='ocrx_word' id='word_1_339' title='bbox 455 3598 616 3679; x_wconf 80' lang='lat' dir='ltr'>splendore</span> <span class='ocrx_word' id='word_1_340' title='bbox 631 3604 654 3657; x_wconf 88' lang='lat' dir='ltr'><em>B</em></span> <span class='ocrx_word' id='word_1_341' title='bbox 668 3593 682 3681; x_wconf 93' lang='grc' dir='ltr'>Η</span> <span class='ocrx_word' id='word_1_342' title='bbox 697 3619 730 3658; x_wconf 91' lang='lat' dir='ltr'>se</span> <span class='ocrx_word' id='word_1_343' title='bbox 746 3593 842 3681; x_wconf 78' lang='lat' dir='ltr'>CDEl</span> <span class='ocrx_word' id='word_1_344' title='bbox 865 3600 930 3678; x_wconf 89' lang='lat' dir='ltr'>ipso</span> <span class='ocrx_word' id='word_1_345' title='bbox 943 3596 982 3658; x_wconf 87' lang='lat' dir='ltr'>B¹</span> <span class='ocrx_word' id='word_1_346' title='bbox 998 3602 1074 3657; x_wconf 75' lang='lat' dir='ltr'>aba</span> <span class='ocrx_word' id='word_1_347' title='bbox 1086 3596 1099 3681; x_wconf 93' lang='grc' dir='ltr'>Η</span> <span class='ocrx_word' id='word_1_348' title='bbox 1115 3601 1157 3658; x_wconf 90' lang='lat' dir='ltr'>bii</span> <span class='ocrx_word' id='word_1_349' title='bbox 1174 3596 1211 3657; x_wconf 88' lang='lat' dir='ltr'>B¹</span> <span class='ocrx_word' id='word_1_350' title='bbox 1227 3596 1241 3681; x_wconf 93' lang='grc' dir='ltr'>Η</span> <span class='ocrx_word' id='word_1_351' title='bbox 1256 3610 1273 3662; x_wconf 74' lang='lat'>4</span> <span class='ocrx_word' id='word_1_352' title='bbox 1288 3619 1377 3679; x_wconf 88' lang='lat' dir='ltr'>spen·</span> 
     </span>
     <span class='ocr_line' id='line_1_37' title="bbox 179 3678 1375 3768; baseline -0.003 -21"><span class='ocrx_word' id='word_1_353' title='bbox 179 3730 184 3736; x_wconf 73' lang='lat'><strong>,</strong></span> <span class='ocrx_word' id='word_1_354' title='bbox 234 3687 307 3747; x_wconf 88' lang='lat' dir='ltr'>dore</span> <span class='ocrx_word' id='word_1_355' title='bbox 324 3687 350 3742; x_wconf 87' lang='lat' dir='ltr'><em>D</em></span> <span class='ocrx_word' id='word_1_356' title='bbox 369 3678 382 3767; x_wconf 94' lang='grc' dir='ltr'>Η</span> <span class='ocrx_word' id='word_1_357' title='bbox 403 3684 573 3746; x_wconf 89' lang='lat' dir='ltr'>hiemmalis</span> <span class='ocrx_word' id='word_1_358' title='bbox 596 3688 623 3743; x_wconf 99' lang='grc' dir='ltr'><em>Β</em></span> <span class='ocrx_word' id='word_1_359' title='bbox 641 3681 654 3765; x_wconf 93' lang='grc' dir='ltr'>Η</span> <span class='ocrx_word' id='word_1_360' title='bbox 676 3686 782 3742; x_wconf 84' lang='lat' dir='ltr'>imbres</span> <span class='ocrx_word' id='word_1_361' title='bbox 800 3688 828 3741; x_wconf 88' lang='lat' dir='ltr'><em>B</em></span> <span class='ocrx_word' id='word_1_362' title='bbox 854 3680 895 3766; x_wconf 75' lang='grc' dir='ltr'>ΗΞ)</span> <span class='ocrx_word' id='word_1_363' title='bbox 916 3686 1011 3743; x_wconf 86' lang='lat' dir='ltr'>maria</span> <span class='ocrx_word' id='word_1_364' title='bbox 1033 3686 1060 3742; x_wconf 86' lang='lat' dir='ltr'><em>B</em></span> <span class='ocrx_word' id='word_1_365' title='bbox 1081 3681 1094 3768; x_wconf 94' lang='grc' dir='ltr'>Η</span> <span class='ocrx_word' id='word_1_366' title='bbox 1115 3684 1251 3747; x_wconf 73' lang='lat' dir='ltr'>bcomits</span> <span class='ocrx_word' id='word_1_367' title='bbox 1270 3683 1306 3744; x_wconf 82' lang='grc' dir='ltr'>ΑΙ</span> <span class='ocrx_word' id='word_1_368' title='bbox 1326 3704 1375 3743; x_wconf 91' lang='lat' dir='ltr'>co-</span> 
     </span>
     <span class='ocr_line' id='line_1_38' title="bbox 233 3764 1376 3851; baseline 0 -21"><span class='ocrx_word' id='word_1_369' title='bbox 233 3780 316 3831; x_wconf 87' lang='lat' dir='ltr'>meta</span> <span class='ocrx_word' id='word_1_370' title='bbox 329 3765 366 3829; x_wconf 71' lang='lat' dir='ltr'>A²</span> <span class='ocrx_word' id='word_1_371' title='bbox 382 3780 546 3830; x_wconf 89' lang='lat' dir='ltr'>commetes</span> <span class='ocrx_word' id='word_1_372' title='bbox 562 3767 599 3828; x_wconf 77' lang='grc' dir='ltr'>Β1</span> <span class='ocrx_word' id='word_1_373' title='bbox 617 3764 631 3850; x_wconf 95' lang='grc' dir='ltr'>Η</span> <span class='ocrx_word' id='word_1_374' title='bbox 646 3771 697 3848; x_wconf 88' lang='lat' dir='ltr'>qui</span> <span class='ocrx_word' id='word_1_375' title='bbox 715 3774 739 3827; x_wconf 95' lang='lat' dir='ltr'><em>A</em></span> <span class='ocrx_word' id='word_1_376' title='bbox 754 3764 767 3851; x_wconf 94' lang='grc' dir='ltr'>Η</span> <span class='ocrx_word' id='word_1_377' title='bbox 783 3770 910 3829; x_wconf 88' lang='lat' dir='ltr'>effundit</span> <span class='ocrx_word' id='word_1_378' title='bbox 923 3767 961 3829; x_wconf 68' lang='grc' dir='ltr'>Α2</span> <span class='ocrx_word' id='word_1_379' title='bbox 989 3764 994 3851; x_wconf 80' lang='grc' dir='ltr'>Η</span> <span class='ocrx_word' id='word_1_380' title='bbox 1014 3775 1029 3832; x_wconf 87' lang='grc'><strong>7</strong></span> <span class='ocrx_word' id='word_1_381' title='bbox 1048 3770 1121 3829; x_wconf 76' lang='lat' dir='ltr'>hi&amp;</span> <span class='ocrx_word' id='word_1_382' title='bbox 1143 3766 1181 3828; x_wconf 91' lang='lat' dir='ltr'>B¹</span> <span class='ocrx_word' id='word_1_383' title='bbox 1197 3791 1251 3829; x_wconf 87' lang='lat' dir='ltr'>om.</span> <span class='ocrx_word' id='word_1_384' title='bbox 1273 3766 1308 3829; x_wconf 93' lang='lat' dir='ltr'>A¹</span> <span class='ocrx_word' id='word_1_385' title='bbox 1325 3771 1376 3830; x_wconf 91' lang='lat' dir='ltr'>hic</span> 
     </span>
     <span class='ocr_line' id='line_1_39' title="bbox 234 3849 1376 3938; baseline -0.001 -23"><span class='ocrx_word' id='word_1_386' title='bbox 234 3858 382 3915; x_wconf 68' lang='lat' dir='ltr'>Baedorus</span> <span class='ocrx_word' id='word_1_387' title='bbox 397 3851 411 3936; x_wconf 94' lang='grc' dir='ltr'>Η</span> <span class='ocrx_word' id='word_1_388' title='bbox 425 3856 622 3915; x_wconf 88' lang='lat' dir='ltr'>metationem</span> <span class='ocrx_word' id='word_1_389' title='bbox 633 3852 671 3913; x_wconf 87' lang='lat' dir='ltr'>B¹</span> <span class='ocrx_word' id='word_1_390' title='bbox 688 3849 702 3935; x_wconf 93' lang='grc' dir='ltr'>Η</span> <span class='ocrx_word' id='word_1_391' title='bbox 716 3855 919 3933; x_wconf 74' lang='lat' dir='ltr'>Spestilentia</span> <span class='ocrx_word' id='word_1_392' title='bbox 931 3859 957 3912; x_wconf 92' lang='grc' dir='ltr'><em>Β</em></span> <span class='ocrx_word' id='word_1_393' title='bbox 972 3852 977 3936; x_wconf 80' lang='grc' dir='ltr'>Η</span> <span class='ocrx_word' id='word_1_394' title='bbox 1000 3859 1092 3935; x_wconf 87' lang='lat' dir='ltr'>quaB</span> <span class='ocrx_word' id='word_1_395' title='bbox 1107 3850 1121 3938; x_wconf 93' lang='grc' dir='ltr'>Η</span> <span class='ocrx_word' id='word_1_396' title='bbox 1136 3859 1271 3915; x_wconf 75' lang='lat' dir='ltr'>Lucanus</span> <span class='ocrx_word' id='word_1_397' title='bbox 1281 3859 1376 3915; x_wconf 78' lang='lat' dir='ltr'>Pleur-</span> 
     </span>
     <span class='ocr_line' id='line_1_40' title="bbox 233 3935 1374 4023; baseline 0.001 -23"><span class='ocrx_word' id='word_1_398' title='bbox 233 3945 286 4000; x_wconf 81' lang='lat' dir='ltr'>aal.</span> <span class='ocrx_word' id='word_1_399' title='bbox 304 3943 323 3998; x_wconf 93' lang='lat' dir='ltr'><em>I</em></span> <span class='ocrx_word' id='word_1_400' title='bbox 339 3936 454 4022; x_wconf 73' lang='grc'>529119</span> <span class='ocrx_word' id='word_1_401' title='bbox 469 3938 513 4019; x_wconf 87' lang='lat' dir='ltr'>et]</span> <span class='ocrx_word' id='word_1_402' title='bbox 532 3962 549 4000; x_wconf 92' lang='lat' dir='ltr'>e</span> <span class='ocrx_word' id='word_1_403' title='bbox 566 3943 597 4000; x_wconf 90' lang='lat' dir='ltr'>in</span> <span class='ocrx_word' id='word_1_404' title='bbox 619 3936 657 3998; x_wconf 88' lang='lat' dir='ltr'>B¹</span> <span class='ocrx_word' id='word_1_405' title='bbox 677 3949 706 3999; x_wconf 91' lang='lat' dir='ltr'>ot</span> <span class='ocrx_word' id='word_1_406' title='bbox 721 3940 752 3997; x_wconf 91' lang='lat' dir='ltr'>in</span> <span class='ocrx_word' id='word_1_407' title='bbox 772 3935 809 3997; x_wconf 77' lang='lat' dir='ltr'>B²</span> <span class='ocrx_word' id='word_1_408' title='bbox 824 3935 837 4021; x_wconf 93' lang='grc' dir='ltr'>Η</span> <span class='ocrx_word' id='word_1_409' title='bbox 852 3945 985 3999; x_wconf 87' lang='lat' dir='ltr'>terrasA</span> <span class='ocrx_word' id='word_1_410' title='bbox 1000 3937 1013 4021; x_wconf 94' lang='grc' dir='ltr'>Η</span> <span class='ocrx_word' id='word_1_411' title='bbox 1028 3961 1165 4018; x_wconf 74' lang='lat' dir='ltr'>reagua*</span> <span class='ocrx_word' id='word_1_412' title='bbox 1185 3937 1237 4023; x_wconf 93' lang='grc' dir='ltr'>ΒΗ</span> <span class='ocrx_word' id='word_1_413' title='bbox 1253 3943 1374 4001; x_wconf 89' lang='lat' dir='ltr'>commi·</span> 
     </span>
     <span class='ocr_line' id='line_1_41' title="bbox 233 4020 1376 4107; baseline 0 -22"><span class='ocrx_word' id='word_1_414' title='bbox 233 4031 331 4087; x_wconf 88' lang='lat' dir='ltr'>tomA</span> <span class='ocrx_word' id='word_1_415' title='bbox 349 4036 495 4086; x_wconf 82' lang='lat' dir='ltr'>commate</span> <span class='ocrx_word' id='word_1_416' title='bbox 505 4023 565 4085; x_wconf 67' lang='lat' dir='ltr'>eB¹</span> <span class='ocrx_word' id='word_1_417' title='bbox 581 4023 595 4107; x_wconf 95' lang='grc' dir='ltr'>Η</span> <span class='ocrx_word' id='word_1_418' title='bbox 611 4037 644 4088; x_wconf 86' lang='grc'>10</span> <span class='ocrx_word' id='word_1_419' title='bbox 665 4028 746 4098; x_wconf 66' lang='lat' dir='ltr'>Vera.</span> <span class='ocrx_word' id='word_1_420' title='bbox 762 4043 857 4100; x_wconf 70' lang='lat' dir='ltr'>pcorp.</span> <span class='ocrx_word' id='word_1_421' title='bbox 872 4028 891 4083; x_wconf 87' lang='grc' dir='ltr'><em>Ι</em></span> <span class='ocrx_word' id='word_1_422' title='bbox 906 4020 994 4106; x_wconf 74' lang='grc'><strong>48811</strong></span> <span class='ocrx_word' id='word_1_423' title='bbox 1010 4036 1040 4088; x_wconf 92' lang='lat' dir='ltr'>ll</span> <span class='ocrx_word' id='word_1_424' title='bbox 1057 4046 1115 4086; x_wconf 89' lang='lat' dir='ltr'>nec</span> <span class='ocrx_word' id='word_1_425' title='bbox 1127 4049 1177 4086; x_wconf 68' lang='lat' dir='ltr'>*aa</span> <span class='ocrx_word' id='word_1_426' title='bbox 1189 4026 1246 4087; x_wconf 87' lang='lat' dir='ltr'>diri</span> <span class='ocrx_word' id='word_1_427' title='bbox 1264 4029 1376 4087; x_wconf 86' lang='lat' dir='ltr'>totiens</span> 
     </span>
     <span class='ocr_line' id='line_1_42' title="bbox 234 4106 1376 4188; baseline -0.003 -16"><span class='ocrx_word' id='word_1_428' title='bbox 234 4131 337 4172; x_wconf 86' lang='lat' dir='ltr'>arsere</span> <span class='ocrx_word' id='word_1_429' title='bbox 356 4121 489 4172; x_wconf 87' lang='lat' dir='ltr'>cometes</span> <span class='ocrx_word' id='word_1_430' title='bbox 510 4109 686 4188; x_wconf 83' lang='lat' dir='ltr'>(commetes</span> <span class='ocrx_word' id='word_1_431' title='bbox 708 4106 763 4185; x_wconf 68' lang='lat'>1³¹)</span> <span class='ocrx_word' id='word_1_432' title='bbox 788 4112 886 4168; x_wconf 89' lang='lat' dir='ltr'>Bnec</span> <span class='ocrx_word' id='word_1_433' title='bbox 903 4131 964 4169; x_wconf 93' lang='lat' dir='ltr'>non</span> <span class='ocrx_word' id='word_1_434' title='bbox 984 4109 1082 4170; x_wconf 88' lang='lat' dir='ltr'>deerit</span> <span class='ocrx_word' id='word_1_435' title='bbox 1105 4111 1248 4170; x_wconf 89' lang='lat' dir='ltr'>occidens</span> <span class='ocrx_word' id='word_1_436' title='bbox 1272 4129 1376 4172; x_wconf 89' lang='lat' dir='ltr'>arsere</span> 
     </span>
     <span class='ocr_line' id='line_1_43' title="bbox 234 4190 1377 4279; baseline 0.001 -23"><span class='ocrx_word' id='word_1_437' title='bbox 234 4196 377 4257; x_wconf 75' lang='lat' dir='ltr'>eomdcm</span> <span class='ocrx_word' id='word_1_438' title='bbox 393 4201 417 4253; x_wconf 97' lang='lat' dir='ltr'><em>A</em></span> <span class='ocrx_word' id='word_1_439' title='bbox 438 4190 451 4279; x_wconf 94' lang='grc' dir='ltr'>Η</span> <span class='ocrx_word' id='word_1_440' title='bbox 475 4206 506 4258; x_wconf 72' lang='grc'>12</span> <span class='ocrx_word' id='word_1_441' title='bbox 520 4195 705 4273; x_wconf 85' lang='lat' dir='ltr'>genethliaci</span> <span class='ocrx_word' id='word_1_442' title='bbox 726 4198 774 4253; x_wconf 81' lang='lat' dir='ltr'>CI&gt;</span> <span class='ocrx_word' id='word_1_443' title='bbox 788 4194 968 4271; x_wconf 68' lang='lat' dir='ltr'>gentiliatioi</span> <span class='ocrx_word' id='word_1_444' title='bbox 984 4199 1010 4253; x_wconf 92' lang='lat' dir='ltr'><em>B</em></span> <span class='ocrx_word' id='word_1_445' title='bbox 1021 4197 1214 4273; x_wconf 84' lang='lat' dir='ltr'>geneoliatioi</span> <span class='ocrx_word' id='word_1_446' title='bbox 1225 4193 1263 4254; x_wconf 72' lang='grc' dir='ltr'>Α2</span> <span class='ocrx_word' id='word_1_447' title='bbox 1277 4198 1377 4274; x_wconf 79' lang='lat' dir='ltr'>genti·</span> 
     </span>
     <span class='ocr_line' id='line_1_44' title="bbox 232 4276 1364 4364; baseline 0 -22"><span class='ocrx_word' id='word_1_448' title='bbox 232 4282 303 4342; x_wconf 87' lang='lat' dir='ltr'>liaei</span> <span class='ocrx_word' id='word_1_449' title='bbox 317 4285 346 4340; x_wconf 82' lang='grc' dir='ltr'><em>Β</em></span> <span class='ocrx_word' id='word_1_450' title='bbox 355 4301 410 4339; x_wconf 87' lang='lat' dir='ltr'>om.</span> <span class='ocrx_word' id='word_1_451' title='bbox 423 4278 459 4339; x_wconf 91' lang='lat' dir='ltr'>A¹</span> <span class='ocrx_word' id='word_1_452' title='bbox 476 4277 488 4364; x_wconf 95' lang='grc' dir='ltr'>Η</span> <span class='ocrx_word' id='word_1_453' title='bbox 504 4292 605 4341; x_wconf 90' lang='lat' dir='ltr'>antem</span> <span class='ocrx_word' id='word_1_454' title='bbox 622 4301 676 4340; x_wconf 85' lang='lat' dir='ltr'>om.</span> <span class='ocrx_word' id='word_1_455' title='bbox 694 4277 731 4339; x_wconf 92' lang='lat' dir='ltr'>A¹</span> <span class='ocrx_word' id='word_1_456' title='bbox 748 4277 761 4361; x_wconf 93' lang='grc' dir='ltr'>Η</span> <span class='ocrx_word' id='word_1_457' title='bbox 777 4280 840 4339; x_wconf 81' lang='lat' dir='ltr'>oms</span> <span class='ocrx_word' id='word_1_458' title='bbox 858 4282 886 4338; x_wconf 91' lang='grc' dir='ltr'><em>Β</em></span> <span class='ocrx_word' id='word_1_459' title='bbox 902 4299 1004 4340; x_wconf 89' lang='lat' dir='ltr'>omnes</span> <span class='ocrx_word' id='word_1_460' title='bbox 1022 4283 1070 4339; x_wconf 80' lang='lat'>01)</span> <span class='ocrx_word' id='word_1_461' title='bbox 1084 4276 1097 4362; x_wconf 94' lang='grc' dir='ltr'>Η</span> <span class='ocrx_word' id='word_1_462' title='bbox 1115 4292 1147 4344; x_wconf 82' lang='lat'>13</span> <span class='ocrx_word' id='word_1_463' title='bbox 1160 4281 1301 4341; x_wconf 75' lang='lat' dir='ltr'>comites</span> <span class='ocrx_word' id='word_1_464' title='bbox 1319 4286 1343 4340; x_wconf 90' lang='lat' dir='ltr'><em>A</em></span> <span class='ocrx_word' id='word_1_465' title='bbox 1361 4310 1364 4343; x_wconf 66' lang='grc' dir='ltr'><strong><em>ς</em></strong></span> 
     </span>
     <span class='ocr_line' id='line_1_45' title="bbox 234 4361 1364 4450; baseline -0.001 -23"><span class='ocrx_word' id='word_1_466' title='bbox 234 4378 266 4427; x_wconf 86' lang='lat' dir='ltr'>et</span> <span class='ocrx_word' id='word_1_467' title='bbox 278 4387 333 4427; x_wconf 87' lang='lat' dir='ltr'>om.</span> <span class='ocrx_word' id='word_1_468' title='bbox 352 4362 393 4426; x_wconf 90' lang='lat' dir='ltr'>B¹</span> <span class='ocrx_word' id='word_1_469' title='bbox 437 4388 491 4446; x_wconf 90' lang='lat' dir='ltr'>pro</span> <span class='ocrx_word' id='word_1_470' title='bbox 507 4362 566 4450; x_wconf 84' lang='grc' dir='ltr'>ΑΗ</span> <span class='ocrx_word' id='word_1_471' title='bbox 589 4379 621 4429; x_wconf 76' lang='lat' dir='ltr'>le</span> <span class='ocrx_word' id='word_1_472' title='bbox 635 4366 770 4425; x_wconf 88' lang='lat' dir='ltr'>secunda</span> <span class='ocrx_word' id='word_1_473' title='bbox 782 4385 927 4445; x_wconf 89' lang='lat' dir='ltr'>prospere</span> <span class='ocrx_word' id='word_1_474' title='bbox 943 4365 995 4425; x_wconf 89' lang='lat' dir='ltr'>uel</span> <span class='ocrx_word' id='word_1_475' title='bbox 1009 4369 1038 4425; x_wconf 92' lang='lat' dir='ltr'><em>B</em></span> <span class='ocrx_word' id='word_1_476' title='bbox 1059 4361 1074 4449; x_wconf 95' lang='grc' dir='ltr'>Η</span> <span class='ocrx_word' id='word_1_477' title='bbox 1092 4366 1275 4446; x_wconf 89' lang='lat' dir='ltr'>protendere</span> <span class='ocrx_word' id='word_1_478' title='bbox 1292 4370 1344 4426; x_wconf 89' lang='lat' dir='ltr'>AB</span> <span class='ocrx_word' id='word_1_479' title='bbox 1360 4396 1364 4448; x_wconf 65' lang='grc' dir='ltr'>Ι</span> 
     </span>
     <span class='ocr_line' id='line_1_46' title="bbox 233 4446 875 4535; baseline -0.003 -22"><span class='ocrx_word' id='word_1_480' title='bbox 233 4462 281 4513; x_wconf 88' lang='lat' dir='ltr'>cst</span> <span class='ocrx_word' id='word_1_481' title='bbox 299 4472 352 4512; x_wconf 89' lang='lat' dir='ltr'>om.</span> <span class='ocrx_word' id='word_1_482' title='bbox 373 4454 401 4510; x_wconf 92' lang='grc' dir='ltr'><em>Β</em></span> <span class='ocrx_word' id='word_1_483' title='bbox 423 4446 604 4533; x_wconf 67' lang='lat' dir='ltr'>impellant</span> <span class='ocrx_word' id='word_1_484' title='bbox 619 4450 655 4511; x_wconf 79' lang='grc' dir='ltr'>ΒΙ</span> <span class='ocrx_word' id='word_1_485' title='bbox 672 4446 686 4535; x_wconf 95' lang='grc' dir='ltr'>Η</span> <span class='ocrx_word' id='word_1_486' title='bbox 701 4452 836 4532; x_wconf 89' lang='lat' dir='ltr'>apellata</span> <span class='ocrx_word' id='word_1_487' title='bbox 850 4455 875 4511; x_wconf 95' lang='lat' dir='ltr'><em>A</em></span> 
     </span>
    </p>
   </div>
   <div class='ocr_carea' id='block_1_5' title="bbox 0 0 1614 5000">
    <p class='ocr_par' dir='ltr' id='par_1_5' title="bbox 0 0 1614 5000">
     <span class='ocr_line' id='line_1_47' title="bbox 0 0 1614 5000; baseline 0 0"><span class='ocrx_word' id='word_1_488' title='bbox 0 0 1614 5000; x_wconf 95' lang='lat' dir='ltr'> </span> 
     </span>
    </p>
   </div>
  </div>
 </body>
</html>
