3200 4992
561 520 563 525 ·
622 503 664 551 ns
686 503 904 552 asttosorsts
1286 484 1326 551 97
1374 534 1376 539 ,

280 653 318 719 L.
347 655 503 719 Annaeus
534 655 636 738 Mela,
672 654 815 721 Senecae
843 657 944 721 frater
971 663 1003 718 et
1031 652 1210 733 Gallionis,
1243 654 1329 719 bona
1344 636 1433 733 89*'

134 817 141 829 ,
197 758 321 822 Lucani
340 768 455 844 poetae
476 756 534 821 filii
557 760 606 822 sui
628 779 648 822 a
668 756 796 823 Nerone
818 771 1018 845 promeretur
1037 762 1076 837 (a.
1100 766 1179 838 821).

280 926 335 985 llll*
351 930 535 994 Hieronymus
554 930 597 979 01.
616 930 680 993 211,
704 931 728 980 4.
760 931 876 983 Tacitus
890 946 953 979 ann.
972 929 1036 979 xvl
1055 928 1099 978 17:
1131 928 1214 979 ‘Mela
1232 930 1330 994 quibus

198 998 289 1048 Gallio
313 1003 340 1047 et
363 1000 471 1048 Seneca
493 999 654 1063 parentibus
676 1004 758 1048 uatus
781 999 916 1064 petitione
939 998 1070 1048 bonorum
1093 998 1266 1047 abstinuerat
1282 1014 1331 1064 per

198 1067 374 1117 ambitionem
393 1071 610 1131 praeposteram,
631 1072 661 1116 ut
679 1082 762 1131 eques
780 1067 917 1116 Romanus
936 1065 1125 1117 consularibus
1143 1069 1268 1130 potentia
1286 1082 1344 1121 ae··

197 1140 338 1200 quaretur;
374 1133 456 1184 simul
474 1135 659 1198 adquirendae
682 1135 817 1199 pecuniae
835 1135 946 1184 breuius
969 1134 1023 1184 iter
1046 1133 1178 1183 credebat
1200 1149 1249 1199 per
1270 1150 1330 1199 pro·

194 1204 356 1252 curationes
375 1203 598 1251 administrandis
622 1202 754 1267 principis
776 1203 911 1267 negotiis:
937 1202 1008 1251 idern
1025 1202 1168 1251 Annaeum
1190 1201 1332 1251 Lucanum

197 1276 346 1335 genuerat,
365 1270 468 1350 grande
487 1269 671 1321 adiumentum
688 1270 874 1330 claritudinis,
900 1284 952 1334 quo
971 1270 1118 1319 interfecto
1137 1269 1198 1319 dum
1216 1286 1273 1319 rem
1291 1271 1331 1320 la·

198 1339 333 1388 miliarem
352 1353 411 1387 erus
430 1340 531 1387 acriter
548 1339 664 1402 requirit
688 1343 877 1387 accusatorem
895 1338 1018 1386 conciuit
1036 1337 1153 1386 Fabium
1170 1337 1330 1400 Romanurn,

199 1422 232 1455 ex
249 1407 354 1456 intimis
372 1406 480 1455 Lucani
499 1407 604 1456 amicis.
645 1406 730 1455 mixta
754 1407 826 1455 iuter
843 1410 950 1471 patrem
973 1404 1111 1470 liliumque
1135 1405 1333 1456 coniurationis

198 1475 318 1524 scientia
336 1473 448 1538 lingitur
466 1473 630 1523 adsimilatis
648 1474 755 1523 Lucani
772 1472 883 1523 litteris.
924 1488 992 1539 quas
1010 1474 1150 1539 inspectas
1171 1474 1244 1524 Nero
1267 1475 1333 1523 t‘e'rri

199 1543 234 1591 ad
256 1557 318 1591 eum
341 1542 422 1591 iussit
444 1541 542 1606 opibus
564 1542 623 1591 siris
646 1541 763 1591 inhians.
800 1546 829 1591 at
851 1540 938 1601 Mela,
963 1556 1033 1605 quae
1056 1546 1113 1590 turn
1130 1542 1333 1607 promptissima

198 1611 293 1659 mortis
311 1610 371 1669 uia,
391 1608 508 1658 exsoluit
526 1624 623 1672 uenas,
638 1610 748 1674 scriptis
762 1608 912 1669 codicillis,
937 1609 1033 1673 quibus
1046 1608 1176 1675 grandem
1188 1610 1333 1674 pecuniam

200 1679 227 1726 in
237 1677 404 1742 Tigellinum
417 1692 601 1743 generumque
615 1678 674 1727 eius
685 1677 877 1727 Cossutianum
888 1676 1051 1741 Capitonem
1065 1678 1212 1741 erogabat,
1226 1693 1278 1743 quo
1288 1694 1333 1728 ce-

199 1752 259 1795 tera
277 1750 428 1795 manerent.
459 1744 570 1794 additur
582 1744 732 1808 codicillis,
753 1752 890 1810 tamquam
908 1744 942 1794 de
961 1744 1107 1810 iniquitate
1127 1746 1205 1794 exitii
1218 1761 1334 1810 querens

199 1816 240 1862 ita
255 1814 430 1879 scripsisset,
453 1813 611 1877 sequidem
633 1813 702 1863 mori
724 1812 807 1861 nullis
830 1812 961 1877 supplicii
983 1813 1087 1869 causis,
1112 1812 1219 1863 uenum
1243 1820 1334 1864 autem

199 1881 354 1946 Crispinum
373 1886 402 1930 et
419 1881 544 1930 Anicium
563 1876 699 1931 Cerialem
718 1882 777 1930 uita
795 1881 850 1930 t‘rui
867 1881 990 1929 infensos
1013 1881 1140 1945 principi.
1172 1896 1243 1946 quae
1262 1898 1333 1931 com·

199 1950 290 2015 positu
313 1949 497 1998 credebantur
520 1948 552 1998 da
576 1948 714 2014 Crispino,
738 1949 804 2013 quia
821 1948 986 1997 interfectus
1010 1953 1081 2009 erat,
1104 1949 1137 1997 de
1157 1948 1281 2013 Ceriale,
1305 1955 1336 1999 ut

200 2018 409 2067 interficeretur.
451 2014 539 2081 ireque
563 2018 635 2066 enim
658 2016 742 2065 multo
764 2023 826 2082 post
849 2017 904 2065 uim
925 2016 979 2064 sibi
998 2016 1105 2077 attulit,
1131 2016 1235 2066 minore
1254 2032 1335 2082 quam

201 2086 288 2135 ceteri
311 2085 502 2145 miseratione,
534 2085 599 2149 quia
620 2085 756 2150 proditam
782 2085 853 2134 Gaio
872 2084 988 2134 Caesari
1011 2084 1229 2134 coniurationem
1247 2085 1283 2134 ab
1302 2101 1335 2135 eo

200 2151 401 2203 meminerant)

201 2464 232 2523 M
252 2385 301 2521 ssfi
321 2376 465 2433 Annaeus
483 2376 585 2448 (Saul.)
610 2375 752 2433 Annaeus
769 2376 795 2429 B
809 2367 823 2455 ll
839 2372 922 2432 Mela
936 2376 1061 2465 scripsi:⁸
1073 2371 1170 2431 Melas
1187 2375 1216 2430 B
1234 2375 1336 2449 (Stel.)

235 2483 251 2521 e
277 2483 309 2520 aa
326 2466 352 2520 Ρ

277 4653 395 4691 ΒῚΙΤΟΙῙ
413 4653 475 4689 m.
