3220 5022
249 402 311 465 sca
457 416 574 459 carras
597 417 774 459 rosirenrn
795 416 952 458 rnnsmrs
977 415 1181 459 consensero

313 564 422 628 sidera
442 564 639 651 praecipitas
657 560 796 649 pelago,
818 564 1013 648 intempeste
1034 561 1230 627 Nouembcr.

354 674 390 731 tu
411 665 572 753 genialem
596 665 733 730 hiemem
756 663 839 729 feste
857 663 1041 731 December
1062 664 1143 750 agis.

785 866 862 920 1196

649 972 818 1008 courosr'rto
837 972 995 1009 HOBOLOGII

312 1055 403 1136 Quos
426 1078 540 1120 cursus
560 1056 638 1119 selis
659 1057 799 1140 iungant
821 1078 881 1119 sna
901 1066 1047 1142 tempora
1069 1076 1214 1134 menses,

312 1158 456 1221 turmine
478 1179 581 1239 nunc,
607 1158 723 1236 lector,
746 1160 875 1243 paucis,
896 1158 1047 1236 aduerte,
1070 1155 1204 1220 docebo.

310 1261 410 1323 ianua
431 1281 517 1322 nune
540 1261 616 1323 anni
641 1267 690 1321 cst
713 1258 829 1339 Ianus,
855 1256 995 1347 finisque
1017 1257 1213 1321 December:

311 1361 370 1423 hos
391 1382 518 1424 menses
538 1360 672 1447 paribus
692 1361 769 1423 solis
792 1367 877 1423 rotat
900 1360 1006 1424 orbita
1025 1360 1167 1445 punctis.

311 1483 394 1547 quae
416 1460 520 1523 uoluit
542 1461 706 1524 Februum
729 1460 934 1524 undecimum
956 1462 1042 1544 regit
1067 1460 1140 1545 ip'sa
1159 1457 1414 1522 Nouembremt

311 1563 447 1626 hiantius
467 1562 641 1625 Octobrem
665 1564 770 1648 spatio
793 1564 934 1626 conectit
954 1561 1078 1624 eodem.

311 1676 380 1726 tum
406 1662 596 1749 Septembre
618 1663 679 1728 tibi
701 1665 734 1726 in
757 1664 929 1749 sphaeram
950 1663 1114 1726 concurrit
1134 1660 1269 1747 Aprilis.

310 1764 496 1848 Augustum
518 1763 625 1827 Maius
645 1774 756 1830 centro
778 1773 965 1851 prospectat
987 1763 1028 1826 ab
1051 1763 1133 1848 ipso.

310 1864 407 1928 Iunia
429 1864 608 1944 Quintilem
630 1866 791 1930 scandens
813 1865 913 1929 trahit
937 1864 1042 1928 orbita
1062 1885 1217 1926 mensem.

311 1988 393 2054 quas
418 1966 515 2031 horas
538 1966 601 2030 sibi
625 1969 826 2052 coniungant
848 1969 881 2029 in
903 1967 1026 2048 fronte,
1052 1964 1162 2029 uidete

312 2068 413 2133 lector
435 2067 521 2131 etin
544 2071 669 2132 cunctis
693 2090 796 2155 aequo
819 2068 993 2132 obseruare
1018 2077 1189 2130 memento.

311 2193 423 2234 mense
442 2169 529 2236 omni
549 2172 655 2255 prima
674 2170 868 2234 undecimae
889 2171 1098 2254 coniungitur
1119 2169 1233 2232 horae:

311 2271 387 2336 hinc
409 2271 533 2335 umbris
556 2271 715 2335 decimam
737 2272 838 2335 nectit
860 2291 1024 2356 cursuque
1048 2270 1201 2333 secunda.

310 2375 407 2438 tertia
429 2394 507 2436 mox
526 2394 646 2475 nonam
671 2374 799 2459 punctis
823 2372 1051 2458 complectitur
1071 2371 1186 2434 isdem.

310 2485 446 2539 octonae
467 2475 591 2559 pariter
609 2474 809 2559 praecedens
831 2482 948 2559 quarta
970 2473 1131 2536 cohaeret.

311 2577 458 2662 quintum
479 2575 690 2662 subsequitur
711 2598 844 2640 numero
867 2583 941 2662 post
961 2576 1099 2660 septima
1121 2574 1217 2636 iusto.

312 2677 381 2740 sola
403 2697 478 2742 suas
501 2686 625 2740 tantum
648 2699 816 2741 mensuras
838 2685 932 2741 sexta
955 2682 1106 2738 retentat.

255 2822 342 2888 Voss,
361 2821 443 2887 Pat,
463 2821 587 2877 Claram.
605 2816 730 2876 octuber
748 2823 895 2892 antiquiss.
914 2820 1024 2876 Aesoni
1038 2823 1116 2886 coa,
1137 2819 1214 2876 Voss.
1235 2815 1399 2894 octnrnber

247 2905 384 2961 Pithoeus
404 2896 418 2983 Η
440 2914 470 2963 lt
488 2905 689 2982 intempestae
710 2908 859 2977 antiquiss.
874 2907 984 2961 Aesoni
1001 2907 1061 2961 coit.
1084 2906 1178 2971 Voss,
1201 2903 1325 2959 Claram.
1345 2901 1390 2958 in-

247 2998 399 3064 tempesta
414 2991 496 3061 culpo
511 2984 524 3065 Η
542 2997 573 3047 ts
592 2998 622 3046 tu
640 2990 792 3065 genialem
808 2989 938 3046 hiemem
955 2991 1035 3045 feste
1050 2987 1224 3046 December
1241 2987 1307 3061 agis
1322 2991 1389 3044 edit.

247 3077 371 3142 Armeni,
401 3074 531 3146 Scalipcr
551 3073 687 3132 imbrifer
712 3071 872 3151 (ymbriier
897 3073 1036 3140 Olorem.)
1058 3086 1106 3130 ast
1129 3072 1242 3130 mensis
1265 3080 1391 3149 tumque

246 3156 421 3216 December
448 3156 537 3215 adest
564 3160 713 3229 Pithoeus,
743 3161 865 3216 Claram.
895 3156 1031 3215 imbrifer
1055 3166 1104 3216 ast
1124 3158 1238 3214 mensis
1265 3164 1390 3234 tumque

246 3241 420 3301 December
441 3240 529 3299 adest
550 3247 681 3301 nonnulii
700 3248 763 3301 666.
785 3240 798 3322 Η
823 3248 899 3300 1196
920 3245 1090 3315 Anthotopio
1109 3246 1199 3299 totino
1220 3244 1264 3299 eat.
1285 3243 1390 3298 Burin.

255 3329 281 3385 V
300 3332 354 3384 116
377 3331 422 3384 66.
442 3327 552 3399 Meyer.
579 3334 644 3385 389.
664 3362 706 3371 —
731 3330 901 3386 ε86616616
923 3345 1030 3384 anons
1057 3344 1257 3385 courosrrm
1286 3342 1390 3383 nono·

247 3428 339 3470 nostr
357 3414 444 3470 edidit
464 3414 601 3470 Pithoeus
620 3432 649 3485 p.
673 3419 733 3470 488
753 3418 798 3471 66.
823 3415 919 3470 Poris.
953 3430 1076 3470 vassas
1097 3429 1203 3469 noum
1221 3428 1329 3468 seona
1345 3428 1389 3469 sn

248 3513 495 3556 courosarovm
515 3514 730 3555 nonoaonrvu
748 3502 915 3555 inscribitur
931 3501 961 3555 in
978 3502 1040 3556 aad.
1058 3498 1086 3554 S.
1108 3499 1253 3554 Germani.
1285 3495 1389 3553 “oete-

246 3586 289 3639 ris
303 3590 405 3653 poetae
417 3586 499 3654 opud
513 3583 649 3641 Bedom''
667 3586 774 3641 notauit
791 3585 919 3656 Scotiper
931 3587 960 3639 in
974 3585 1137 3654 6666161666Ι
1151 3584 1214 3639 hibi.
1235 3582 1390 3639 Vindobona.

248 3667 345 3729 Beatos
362 3675 456 3723 tomen
473 3670 572 3724 tribuit
586 3673 670 3725 etiam
684 3669 844 3725 Salmasius
856 3671 896 3724 ori
910 3669 1036 3725 Setinum
1056 3668 1075 3724 I
1083 3686 1113 3739 p.
1129 3670 1212 3725 4666
1227 3668 1275 3723 abi
1290 3669 1325 3723 ete
1339 3668 1389 3722 ho·

246 3753 362 3825 roiopiis
374 3755 557 3823 antiquorum
572 3756 717 3810 disserens
733 3757 828 3811 addit:
843 3752 982 3809 “Extant
998 3770 1097 3810 versus
1111 3754 1210 3809 Beaoe
1229 3755 1263 3808 ate
1279 3754 1391 3807 ratione

246 3839 435 3906 componendi
448 3837 602 3910 herclemi,
627 3841 729 3911 quibus
743 3841 842 3894 eodem
861 3840 1010 3894 metherius
1024 3840 1143 3895 umbrae
1159 3854 1215 3908 per
1229 3839 1317 3908 pedes
1333 3851 1390 3891 me·

246 3923 561 3992 tiandaeeaptieatur,
586 3929 618 3978 ut
634 3942 651 3979 o
670 3924 801 3981 Patiadio
821 3926 850 3978 ia
865 3924 910 3979 tib.
923 3925 957 3979 de
980 3939 1013 3979 re
1028 3925 1138 3979 rustico
1153 3923 1299 3992 descripto
1313 3919 1390 3977 est.''

245 4007 298 4061 seri
311 4007 449 4061 carminis
468 4007 554 4063 huius
569 4016 715 4065 auctorem
736 4023 799 4063 esse
821 4009 1054 4064 Wandotbrrtam
1075 4008 1390 4063 Prumiensem'diaco-

246 4107 316 4146 nam
332 4091 414 4146 aocet
427 4091 580 4148 Fabricius
593 4094 657 4149 bibi.
672 4095 744 4149 merl.
761 4098 788 4147 et
800 4092 853 4163 inf.
869 4095 918 4147 tat.
934 4092 991 4162 In.
1002 4098 1068 4161 521,
1083 4099 1115 4148 at
1129 4110 1146 4147 a
1158 4091 1321 4145 Mahiilanio
1333 4092 1390 4145 iarn

246 4173 395 4230 notatam?
411 4176 601 4232 Burmannus
616 4170 629 4255 Η
644 4173 961 4236 bsubnectitPitheeus
971 4180 1000 4232 in
1012 4196 1066 4249 m9.
1082 4178 1206 4246 cremat.
1219 4175 1388 4230 bithoris.

248 4252 262 4337 Η
278 4264 293 4317 ‘i
307 4265 368 4315 tam
382 4256 435 4315 tibi
452 4259 625 4335 septembre
635 4262 771 4317 Pithoeus
784 4264 813 4317 in
829 4279 883 4334 rap.
899 4254 913 4341 Η
930 4259 1016 4318 Iunia
1028 4262 1214 4317 Cosaubonus
1227 4261 1257 4314 in
1267 4261 1335 4315 iibri
1343 4263 1392 4314 sui

246 4360 300 4415 ma.
318 4361 366 4414 apt
384 4345 549 4401 Fabricium
564 4347 583 4401 l.
599 4362 643 4402 6..·
676 4346 768 4402 ianua
787 4346 922 4402 Pithoeus
938 4339 950 4425 Η
969 4355 1000 4404 10
1015 4343 1106 4402 horas
1122 4346 1258 4403 Pithoeus
1273 4347 1301 4400 in
1316 4361 1390 4415 ma:

248 4444 316 4484 oras
332 4430 414 4503 66166
434 4423 448 4507 Η
469 4428 674 4506 qnoiungant
691 4431 827 4486 Pithoeus
839 4432 869 4485 in
885 4448 939 4504 rap.
963 4424 976 4509 Η
1000 4439 1026 4489 tt
1044 4429 1122 4487 haec
1137 4431 1273 4486 Pithoeus
1285 4432 1315 4486 in
1333 4445 1388 4501 inp.
