3220 5022
261 411 324 474 366
602 432 825 480 Qr⁷snsrronns
848 432 1074 474 maronianae

260 584 390 642 Pontani
406 584 601 656 summitate,
622 604 712 663 synam
734 584 856 663 quidem
872 584 986 641 nullam
1008 605 1076 642 esse
1094 606 1185 664 supra
1201 584 1396 645 ostendimus.

261 686 317 744 sed
338 695 400 743 turn
421 686 564 762 temporis
586 686 757 742 testimonio
775 686 840 743 eius
865 686 998 743 nondum
1013 687 1198 745 Ritschelius
1217 690 1282 765 ipse
1307 688 1397 747 fidem

261 787 463 864 abrogaverat
478 780 726 845 Sicconianarum
742 807 891 862 nugarum
912 788 1079 865 specimine
1100 788 1228 865 prolato.
1267 790 1396 847 redeun-

260 888 332 947 dum
346 890 437 964 igitur
455 890 511 946 erit
535 888 573 946 ad
597 890 664 966 ipsa
679 890 858 970 Hieronymi
881 897 1040 966 excerpta:
1068 891 1099 946 in
1121 889 1316 967 quibuscum
1336 912 1396 948 non

259 991 356 1047 solum
376 999 518 1068 quat-tuor
537 990 591 1049 illa
612 1011 727 1067 genera
745 993 805 1049 sint
827 991 1004 1067 conspicua,
1028 991 1083 1048 sed
1103 993 1194 1049 ctiam
1214 992 1349 1050 historici
1367 1003 1397 1049 et

258 1091 430 1171 philosophi
447 1092 667 1169 producantur,
683 1112 722 1151 ex
738 1092 845 1150 eodem
860 1111 933 1149 sane
949 1082 1072 1149 auctore
1086 1093 1304 1173 Hieronymum
1316 1113 1395 1172 quae

258 1194 297 1253 de
314 1194 361 1251 his
383 1192 531 1271 praebeat
551 1194 690 1252 hausisse
710 1214 765 1271 per
783 1213 816 1251 se
840 1202 886 1250 est
906 1194 971 1250 veri
992 1193 1184 1253 simillimum.
1232 1194 1341 1253 deinde
1363 1205 1396 1251 ut

173 1330 178 1341 ·
256 1296 337 1353 omni
351 1293 522 1353 huiusmodi
541 1295 651 1379 indi—cio
667 1294 802 1353 destituti
818 1314 968 1365 essemus,
988 1315 1048 1352 non
1064 1295 1155 1353 facile
1172 1306 1272 1373 potest
1288 1297 1392 1371 negari

256 1397 433 1456 Suetonium
451 1415 522 1459 cum
545 1397 722 1455 Latinarum
750 1395 919 1453 litterarum
944 1397 1086 1455 inlustres
1108 1400 1188 1455 viros
1210 1409 1397 1475 conponeret

256 1498 467 1555 historicorum
482 1507 513 1555 et
527 1498 774 1577 philosophorum
787 1498 959 1555 memoriam
976 1500 1142 1576 praeterire
1157 1519 1217 1556 non
1235 1498 1393 1555 debuisse:

256 1600 314 1657 nisi
339 1600 418 1656 forte
443 1598 535 1655 certis
551 1600 744 1674 ,argumentis
766 1600 914 1674 cogimur,
945 1611 979 1655 ut
1004 1599 1111 1656 librum
1137 1599 1175 1684 ab
1202 1620 1238 1658 eo
1267 1621 1328 1658 non
1355 1600 1394 1658 ad

257 1701 347 1759 finem
363 1699 540 1778 perductum
558 1718 626 1756 esse
643 1707 819 1757 statuamus.
859 1719 1018 1779 quaecum
1041 1720 1102 1757 non
1126 1712 1302 1771 occurrant,
1323 1723 1393 1780 pro·
1460 1688 1465 1695 .

259 1804 339 1860 fecto
356 1812 464 1879 suapte
480 1809 588 1879 sponte
600 1799 802 1876 intellegitur,
822 1821 857 1858 eo
873 1802 939 1879 ipso
958 1798 1039 1879 quod
1054 1801 1260 1881 Hieronymus
1279 1804 1317 1861 de
1332 1804 1393 1861 his·

257 1904 360 1962 toricis
379 1914 408 1961 et
421 1901 607 1982 philosophis
619 1920 679 1958 non
694 1908 811 1973 taceat,
829 1902 1031 1960 demonstrari
1047 1904 1090 1959 ita
1103 1912 1136 1960 ut
1152 1904 1300 1963 dubitatio
1316 1906 1395 1964 absit

257 2006 435 2064 Suetonium
456 2006 546 2063 etiarn
566 2002 643 2059 haec
662 2001 831 2060 litterarum
853 2022 968 2079 genera
990 2013 1193 2081 pertractasse
1210 2026 1247 2066 ex
1269 2009 1394 2086 eiusque

256 2108 333 2166 libro
355 2108 576 2185 Hieronymum
595 2124 650 2162 sua
665 2105 814 2162 hausisse.
851 2108 909 2162 iam
931 2107 955 2162 si
980 2108 1116 2184 quaeris,
1137 2128 1207 2164 num
1220 2108 1287 2165 aliis
1310 2108 1394 2166 testi·

256 2211 364 2267 moniis
384 2209 460 2266 haec
478 2207 669 2265 ratiocinatio
683 2206 831 2277 firmetur,
848 2214 999 2264 oratorum
1018 2218 1048 2266 et
1064 2208 1310 2287 philosophorum
1327 2209 1395 2268 libri

256 2310 341 2368 nulla
354 2310 474 2388 quidem
488 2310 549 2367 alia
562 2308 622 2366 fide
636 2310 781 2379 nituntur,
800 2327 889 2386 quam
906 2328 985 2387 quae
996 2328 1032 2367 ex
1045 2309 1226 2390 Hieronymi
1243 2314 1394 2389 excerptis

256 2412 387 2490 repetita
407 2420 469 2501 est3
487 2410 569 2490 quod
580 2418 685 2467 contra
700 2410 962 2485 grammaticorum
981 2420 1011 2468 et
1025 2411 1179 2469 rhetorum
1195 2415 1278 2471 vitae
1294 2413 1394 2472 adhuc

256 2523 448 2593 supersunt,
471 2511 509 2570 de
526 2512 624 2589 poetis
642 2510 802 2588 scripsisse
819 2511 996 2570 Suetonium
1017 2514 1076 2571 iam
1100 2514 1174 2591 ipsis
1193 2513 1231 2571 de
1251 2515 1318 2572 vita
1332 2515 1393 2573 Te·

256 2617 334 2675 renti
352 2626 381 2673 et
396 2614 506 2672 Horati
524 2612 661 2691 reliquiis
684 2614 835 2689 arguitur3
855 2632 913 2671 nec
930 2612 1062 2694 denique
1080 2615 1293 2672 historicorum
1316 2614 1394 2673 liber

256 2719 376 2776 etiamsi
398 2715 435 2774 ab
456 2716 643 2792 Hieronymo
667 2713 845 2772 discesseris
868 2735 924 2773 sira
946 2715 1110 2776 destitutus
1135 2726 1182 2776 est
1202 2717 1393 2787 auctoritate,

256 2838 323 2876 cum
344 2819 424 2876 hunc
440 2816 496 2874 sibi
512 2816 612 2873 locum
627 2814 693 2873 vita
711 2815 790 2873 Plini
805 2824 919 2893 poscat.

307 2932 312 2945 ·
330 2920 439 2997 Itaque
453 2918 581 2975 evicisse
592 2915 731 2975 videmur
742 2917 885 2977 iudicium
899 2928 1032 2978 nostrum
1041 2920 1079 2978 de
1091 2921 1243 2979 historicis
1254 2928 1285 2979 et
1295 2920 1393 2999 philo·

256 3020 359 3098 sophis
374 3016 456 3096 apud
468 3018 692 3097 Hieronymum
713 3038 773 3076 non
788 3021 885 3097 magis
906 3021 1053 3079 incertum
1070 3044 1137 3082 esse
1153 3023 1203 3081 vel
1220 3024 1393 3101 potiusnon

255 3122 352 3180 minus
377 3129 491 3177 certum
512 3139 603 3198 quam
623 3139 661 3177 ea
680 3140 758 3209 quae
773 3122 961 3181 Ritschelius
985 3124 1022 3181 de
1044 3125 1144 3203 poetis
1171 3136 1201 3183 et
1225 3123 1392 3184 oratoribus

255 3222 429 3301 disputavit.
469 3241 539 3279 nam
560 3223 586 3279 si
611 3222 859 3301 philosophorum
879 3230 910 3282 et
930 3224 1144 3300 historicorum
1163 3228 1337 3287 memoriam
1354 3245 1392 3284 ex

255 3324 315 3381 alio
338 3331 460 3381 auctore
493 3323 741 3402 chronographus
763 3326 947 3404 recepisset,
975 3325 1204 3386 concedendum
1228 3337 1311 3387 esset
1330 3329 1391 3386 Re·

254 3425 357 3502 gentio
374 3423 412 3483 de
428 3425 492 3482 vita
508 3433 537 3483 et
553 3428 675 3504 scriptis
692 3427 830 3486 Suetonii
844 3447 874 3505 p.
887 3436 921 3489 39
934 3446 1010 3506 sqq,
1028 3429 1079 3507 qui
1094 3430 1272 3510 ceteroquin
1285 3429 1391 3507 negle-

254 3528 430 3604 gentissime
455 3526 514 3585 hac
537 3529 574 3585 de
602 3548 635 3587 re
658 3527 808 3607 disputat,
838 3528 983 3587 iudicium
1004 3530 1094 3589 etiam
1119 3530 1157 3590 de
1185 3539 1336 3589 oratorum
1362 3539 1393 3588 et

253 3637 411 3707 poetarum
425 3627 512 3687 libris
524 3628 562 3687 ab
575 3630 763 3710 Hieronymo
778 3630 921 3689 adhibitis
937 3632 1085 3689 incertum
1101 3632 1196 3691 reddi.
1214 3652 1322 3712 nempe
1336 3653 1390 3711 pc-

254 3733 312 3789 tuit
324 3732 416 3789 etiarn
431 3730 536 3787 horum
552 3731 628 3789 alios
641 3751 680 3789 er
690 3730 836 3790 Suetonio
853 3752 971 3791 sumere
988 3734 1065 3792 alios
1081 3754 1118 3792 ex
1132 3734 1240 3793 eodem
1256 3741 1390 3805 auctore,

254 3852 344 3912 quem
362 3834 394 3890 in
416 3831 626 3890 historicorum
649 3835 875 3893 enumeratione
897 3844 1021 3893 secutus
1039 3844 1129 3894 esset.
1175 3854 1233 3894 nec
1253 3836 1392 3913 paucitas

254 3933 462 3991 historicorum
480 3932 517 3992 ab
534 3934 723 4014 Hieronymo
737 3932 930 4016 laudatorum
951 3956 1007 3994 nos
1030 3935 1185 3995 deterrere
1204 3935 1296 3995 debet
1317 3954 1390 4013 quo·

253 4034 350 4093 minus
367 4053 419 4092 eos
434 4034 474 4092 ad
490 4034 667 4094 Suetonium
681 4036 858 4095 referamus.
891 4058 959 4095 narn
975 4039 1000 4096 si
1019 4027 1210 4115 reputaveris
1230 4038 1268 4096 de
1283 4039 1392 4113 viginti

253 4137 458 4214 grammaticis
475 4137 609 4215 quinque
625 4147 743 4195 tantum
757 4138 931 4197 nominasse
946 4140 1185 4217 Hieronymum,
1205 4148 1308 4196 nostro
1325 4139 1390 4195 iure

253 4238 401 4316 suspicari
425 4235 563 4295 videmur
582 4224 709 4296 eandem
728 4237 778 4298 vel
798 4240 926 4297 similem
948 4242 1095 4299 rationem
1111 4242 1189 4299 inter
1207 4259 1261 4298 sex
1280 4240 1388 4297 Hiero·

252 4343 334 4418 nymi
355 4340 514 4398 historicos
534 4348 564 4412 et
585 4359 742 4398 numerum
759 4341 976 4399 Suetoniannm
999 4343 1219 4400 intercessisse.
1256 4341 1388 4420 philoso-

251 4442 377 4518 phorum
394 4449 493 4498 autem
515 4441 573 4500 tria
594 4451 711 4500 tantum
728 4443 850 4499 nomina
869 4443 947 4520 apud
961 4444 1182 4520 Hieronymum
1198 4453 1303 4501 extare
1319 4462 1389 4501 con·
