3218 5000
219 351 280 414 264
390 365 622 407 SVPPLEMENTA
646 365 737 405 mnus
760 365 802 405 DE
826 364 1031 406 ANIMANTIVM
1054 364 1194 406 NATVRIS

218 516 343 582 improba
367 516 514 566 ferocitate
538 515 609 564 alios
630 519 831 579 persequantur
854 514 900 576 (ecc
917 514 1035 564 Ambrae.
1060 517 1077 563 1.
1094 512 1140 578 c).
1177 531 1194 564 a
1217 515 1308 566 colore
1331 519 1363 565 ut

219 585 341 645 umbrae,
361 584 427 648 quia
445 582 535 632 colore
554 583 666 633 umbrae
685 588 763 644 sunt,
787 588 815 632 ct
834 589 949 632 auratae
968 584 1033 647 quia
1051 582 1080 631 in
1098 584 1192 648 capite
1211 585 1271 632 anri
1290 585 1362 634 colo·

219 668 277 703 rem
295 651 412 702 habent:
437 657 466 701 et
487 651 561 701 uarii
584 666 601 700 a
617 651 773 712 uarietate,
797 665 864 715 quoa
882 651 964 713 uulgo
982 655 1088 699 tructas
1106 657 1197 700 uocat.
1235 666 1252 701 a
1274 650 1363 715 figura

220 726 250 770 ut
267 720 352 781 orbis,
368 720 436 783 quia
454 719 586 768 rotundus
605 724 647 768 eet
666 724 793 783 totusque
812 719 841 767 in
859 719 951 783 capite
971 723 1080 768 constat
1098 724 1128 767 ut
1146 719 1223 770 solea
1235 719 1307 783 quod
1325 719 1363 769 ait

219 788 308 837 instar
337 786 582 837 calciamentorum
605 787 697 835 soleis.
745 802 762 836 a
785 801 851 835 sexu
874 792 904 834 ut
927 786 1065 835 musculus
1089 786 1160 850 qnod
1184 788 1221 836 sit
1243 786 1361 837 balenae

219 855 372 905 musculus:
397 856 457 904 eins
482 854 554 904 enim
579 856 654 904 coitu
678 856 824 919 concipere
848 854 918 902 haec
936 853 1029 902 bellua
1047 854 1214 918 perhibetur.
1251 855 1315 905 hinc
1335 861 1363 904 et

219 922 337 974 musculi
356 922 539 981 cochlearum,
565 938 677 985 quorum
694 922 769 971 lacte
789 921 949 985 concipiunt
966 919 1096 971 ostreae’
1135 920 1179 971 11:
1200 921 1362 987 ‘Delphines

220 998 324 1042 certum
342 990 447 1040 habent
465 990 637 1052 uocabulum,
658 990 729 1053 quod
746 1005 829 1039 uoces
847 990 986 1038 hominum
1004 996 1156 1053 sequautur
1172 989 1218 1038 uel
1236 990 1308 1054 quod
1326 989 1362 1039 ad

219 1058 408 1124 symphoniam
431 1059 567 1123 gregatim
590 1058 767 1107 conueniant.
808 1057 878 1106 nihil
904 1058 933 1106 in
956 1059 1026 1106 mari
1050 1057 1173 1106 uelocius
1198 1057 1272 1106 istis:
1298 1072 1363 1106 nam

219 1126 380 1192 plerumque
403 1125 536 1175 salientes
560 1140 646 1175 naues
673 1124 855 1175 transuolant.
896 1125 1005 1189 quaudo
1029 1130 1120 1174 autem
1144 1124 1311 1189 praeludunt
1334 1125 1363 1174 iu

220 1195 348 1245 fluctibus
372 1200 400 1242 ct
421 1194 555 1242 undarum
579 1209 608 1242 se
632 1193 749 1242 molibus
772 1193 845 1242 saltu
867 1193 1016 1258 praecipiti
1046 1193 1151 1255 serunt,
1181 1196 1363 1257 tempestates

220 1260 380 1326 siguificare
402 1261 543 1310 uidentur:
571 1261 600 1310 hi
624 1262 733 1325 proprie
752 1262 870 1311 simones
888 1261 1072 1310 nominantur.
1107 1261 1142 1322 cs.
1163 1260 1258 1324 fragm.
1284 1256 1361 1309 1⁵2*.

221 1334 265 1379 est
287 1334 316 1378 et
338 1328 498 1393 delphinum
521 1344 608 1393 genus
631 1329 660 1377 in
683 1329 745 1378 Nilo
769 1328 848 1378 dorso
871 1332 990 1388 serrato,
1019 1328 1066 1392 qui
1091 1327 1244 1377 crocodilos
1266 1333 1364 1377 tenera

220 1399 358 1446 uentrium
377 1402 506 1446 secantes
525 1394 704 1445 interimunt’
740 1396 785 1444 ⁰22:
806 1396 943 1459 ‘Pagrum
963 1410 1042 1459 quem
1056 1394 1158 1446 Graeci
1175 1388 1363 1459 udypovideo

220 1468 390 1529 nuncupant,
409 1464 480 1527 quod
498 1464 580 1512 duros
598 1463 696 1513 dentes
712 1462 818 1512 habeut
836 1464 877 1512 ita
894 1469 924 1511 ut
937 1463 1034 1511 ostreis
1046 1462 1075 1511 in
1088 1464 1157 1512 mari
1170 1462 1280 1513 alatur.'
1316 1462 1364 1511 ubi

221 1531 344 1582 Grialius
356 1531 483 1581 adnotat:
501 1532 591 1581 Gloas.
600 1523 710 1595 φάγρος
722 1523 808 1595 ἰχθὺς
820 1531 958 1583 dentatus,
982 1528 1016 1579 48
1026 1546 1100 1594 sqq:
1119 1531 1259 1580 ‘Conchae
1278 1536 1306 1579 et
1318 1545 1364 1580 cc·

222 1599 318 1648 chleae
329 1599 382 1649 hac
396 1614 525 1648 excausa
537 1606 664 1656 uocatae,
676 1600 741 1662 quia
750 1598 897 1648 deficiente
906 1597 973 1647 luna
983 1603 1119 1647 canantur
1130 1599 1157 1647 id
1170 1604 1212 1648 est
1225 1613 1363 1648 euacuan·

221 1672 274 1715 tur.
304 1668 422 1716 omnium
440 1669 513 1715 enim
532 1666 686 1716 clausorum
702 1667 786 1715 maria
804 1665 965 1715 animalium
989 1670 1071 1728 atque
1090 1666 1257 1715 concharum
1274 1666 1364 1714 incre-

221 1739 313 1783 mento
330 1733 411 1782 lunae
429 1734 551 1784 membra
568 1739 732 1799 turgescunt
749 1734 861 1782 defectu
880 1740 1051 1782 euacuantur
1069 1733 1117 1796 (cf.
1136 1734 1284 1785 Ambrosius
1301 1733 1363 1783 herr.

221 1801 290 1851 IIII
302 1806 324 1859 7,
337 1802 392 1861 29).
417 1801 483 1851 luna
494 1802 567 1851 enim
581 1818 641 1852 cum
653 1802 681 1850 in
693 1806 839 1865 augmento
853 1801 944 1861 fuerit,
957 1807 1042 1865 auget
1054 1799 1206 1860 humorem
1223 1817 1285 1850 cum
1297 1816 1363 1850 uero

221 1868 251 1918 in
268 1869 408 1918 defectum
426 1871 544 1931 uenerit,
562 1870 690 1919 humores
708 1870 878 1918 minuuntur:
897 1868 950 1917 hoc
963 1868 1035 1917 enim
1047 1868 1156 1932 physici
1173 1869 1275 1919 dicunt.
1300 1883 1364 1917 con·

222 1934 292 1986 chae
316 1943 407 1985 autem
426 1938 531 2001 primae
551 1938 695 2001 positionis
712 1952 823 1997 nornen,
843 1935 976 1984 cochleae
994 1951 1059 1985 uero
1077 1952 1126 2001 per
1144 1936 1363 1996 diminutionem,

222 2004 301 2068 quusi
320 2004 482 2055 conchulae.
525 2005 692 2054 concharum
710 2005 796 2053 multa
814 2009 1011 2067 generarunt,
1032 2005 1105 2053 inter
1123 2019 1191 2067 quas
1210 2010 1238 2053 et
1256 2018 1365 2067 marga·

221 2072 357 2132 ritiiarae,
378 2088 448 2135 quae
467 2073 545 2123 celoe
563 2073 701 2133 (licuntur,
720 2073 749 2120 in
768 2086 882 2135 quarum
901 2086 984 2120 carne
1003 2073 1139 2136 pretiosus
1158 2071 1282 2121 calculus
1300 2071 1365 2120 soli·

221 2139 311 2188 datur.
348 2140 381 2189 de
401 2141 500 2204 quibus
518 2140 630 2188 tradunt
649 2140 670 2188 ii
687 2141 733 2203 qui
752 2139 790 2187 de
810 2140 1037 2188 animantium
1064 2139 1197 2189 naturis
1215 2140 1365 2202 scripse-

222 2211 313 2267 runt,
339 2208 411 2271 quod
428 2214 561 2257 nocturno
580 2212 702 2271 tempore
720 2206 815 2255 littora
834 2212 978 2270 appetunt,
998 2214 1026 2257 et
1044 2222 1078 2256 en
1090 2206 1208 2256 caelesti
1221 2221 1280 2256 rore
1293 2220 1364 2254 mar·

222 2275 342 2339 garltnm
360 2276 529 2339 concipiunt,
548 2275 621 2323 unde
640 2280 668 2323 et
686 2274 763 2325 celce
781 2273 976 2324 nominantur.'
1011 2273 1044 2325 58
1062 2290 1116 2338 sq.:
1143 2274 1197 2325 ‘Ex
1215 2275 1251 2322 iia
1270 2272 1366 2335 (roais)

222 2343 358 2406 quaedam
376 2343 523 2405 aquaticae
542 2343 683 2405 dicuntur,
708 2343 844 2407 quaedam
867 2342 1019 2407 palustres,
1043 2341 1179 2406 quaedam
1196 2341 1311 2391 rubetae
1330 2342 1365 2391 ob

222 2409 251 2459 id
269 2411 335 2475 qnia
352 2411 381 2458 in
404 2411 535 2474 uepribus
557 2410 656 2461 uiuunt
683 2410 845 2473 grandiores
868 2416 1042 2470 cunctarum,
1063 2409 1136 2458 aliae
1155 2408 1300 2459 calamites
1318 2423 1366 2458 uo·

223 2483 334 2535 cantur,
360 2479 488 2541 qnoniam
511 2478 584 2527 iuter
607 2478 757 2527 arundines
780 2478 950 2542 fruticesque
968 2478 1078 2539 uiuunt,
1098 2476 1227 2526 minimae
1246 2476 1365 2525 omnium

223 2550 251 2594 et
269 2545 466 2603 uiridissimus,
490 2551 582 2595 mutae
606 2552 634 2594 et
651 2547 712 2594 sinc
734 2560 805 2595 uoce
823 2550 895 2595 suut.
931 2543 1080 2609 agredulae
1099 2560 1185 2594 ranae
1208 2559 1312 2609 paruae
1336 2544 1366 2592 in

222 2613 299 2662 eicco
317 2612 363 2661 uel
381 2614 457 2675 agris
471 2618 618 2673 morantes,
636 2613 709 2663 uude
724 2619 752 2662 et
764 2618 949 2677 nuncupatae.
978 2618 1082 2676 negant
1095 2612 1205 2676 quidam
1223 2627 1307 2662 canes
1324 2610 1365 2660 la-

222 2685 306 2741 trare,
326 2680 424 2743 quibus
437 2681 466 2728 in
479 2680 535 2730 etia
552 2695 622 2729 rana
639 2682 706 2731 uiua
725 2681 809 2729 tuerit
821 2679 905 2729 data.’
936 2678 970 2729 60
982 2695 1055 2744 sqq:
1076 2681 1207 2745 ‘Spongia
1226 2696 1243 2729 a
1261 2679 1365 2744 tingere

223 2747 251 2796 id
270 2752 312 2796 est
331 2747 450 2796 nitidare
471 2753 499 2796 ct
518 2752 661 2811 extergere
680 2748 766 2799 dicta.
796 2747 940 2797 Afranius:
959 2748 1069 2798 Accede
1089 2748 1124 2797 ad
1142 2754 1180 2807 te,
1198 2753 1229 2797 ut
1241 2748 1293 2797 tibi
1306 2762 1365 2795 cer·

221 2815 312 2863 uicem
336 2813 438 2878 fingam
456 2814 559 2876 linteo,
582 2815 611 2864 id
636 2821 679 2864 est
701 2820 852 2879 extergam.
888 2815 1004 2865 Cicero:
1024 2814 1217 2877 Effingebatur
1240 2815 1365 2879 spongiis

223 2882 351 2945 sanguia,
381 2882 409 2930 id
440 2886 482 2931 est
510 2884 707 2947 extergebatur
736 2882 781 2946 (es.
813 2885 918 2933 Seruius
939 2884 1013 2932 Aen.
1040 2882 1120 2932 VIII
1142 2881 1215 2944 634).
1261 2881 1365 2931 animal

223 2953 316 2998 autem
335 2964 395 2998 ease
414 2950 527 2999 docetur
545 2966 641 3001 eruore
660 2951 823 3001 inhaerente
847 2952 942 3015 petria.
970 2950 1041 3001 uude
1062 2956 1090 2999 et
1107 2950 1169 2998 dnm
1184 2949 1364 3009 abscinditur,

222 3017 385 3081 sanguinem
403 3018 529 3067 remittit.
565 3034 630 3068 nam
653 3019 709 3068 alia
733 3023 798 3067 suut
820 3018 946 3067 uiuentis
971 3018 999 3066 in
1018 3019 1097 3083 aquis
1116 3023 1144 3067 et
1161 3017 1320 3066 discurrunt
1335 3022 1367 3067 ut

222 3084 322 3148 pisces,
343 3083 417 3134 aliae
436 3090 512 3135 stant
531 3085 600 3135 fixae
619 3092 649 3135 ut
667 3092 774 3136 ostreae
794 3085 886 3135 echini
913 3087 1055 3150 spongiae.
1093 3100 1126 3134 er
1149 3084 1191 3135 his
1215 3084 1286 3136 alias
1309 3100 1366 3133 ma·

222 3151 355 3212 medici,
382 3153 505 3217 eoquod
528 3155 607 3203 tenui
626 3159 689 3204 eunt
707 3154 800 3203 fistula
819 3154 1027 3218 spissioresque,
1048 3152 1119 3203 alias
1139 3153 1270 3211 feminas,
1294 3167 1365 3217 quae

222 3218 373 3268 maioribus
391 3219 491 3269 tistulis
509 3228 573 3271 sunt
591 3237 625 3271 ac
643 3223 792 3286 perpetuis,
813 3221 884 3270 alias
902 3222 1039 3283 duriores,
1065 3236 1132 3285 qnos
1151 3220 1252 3271 Graeci
1272 3219 1366 3284 appel-

220 3283 281 3335 lant
299 3277 421 3350 τράγους
440 3294 468 3336 et
485 3304 535 3339 nos
552 3288 678 3339 hircosas
696 3290 790 3339 dicere
808 3304 950 3353 possumus
968 3289 1002 3338 ob
1022 3289 1202 3352 asperitatem
1220 3289 1272 3338 sui.
1299 3287 1365 3336 mol-

221 3352 355 3404 lissimum
374 3370 461 3418 genus
485 3371 579 3405 earum
596 3356 724 3421 penicilli
742 3362 885 3417 uocantur,
906 3372 938 3405 eo
958 3356 1027 3419 quod
1047 3361 1130 3422 aptae
1144 3357 1200 3406 sint
1218 3355 1253 3406 ad
1271 3354 1366 3405 oculo·

221 3436 279 3470 rum
297 3429 418 3473 tumores
443 3428 471 3472 et
490 3423 525 3472 ad
549 3424 733 3489 extergendas
750 3423 931 3488 lippitudines
948 3423 1040 3472 utiles.
1078 3424 1214 3474 candidae
1232 3422 1365 3488 spongiae

223 3504 289 3539 cura
307 3488 389 3549 finnt3
412 3506 462 3554 per
486 3496 622 3540 aestatem
646 3492 719 3540 enim
743 3490 778 3539 ad
801 3491 886 3540 solem
909 3496 1067 3540 sternuntur
1090 3497 1118 3541 et
1140 3493 1213 3542 sieut
1235 3506 1299 3541 cera
1317 3506 1366 3555 pn·

222 3557 287 3606 nica
310 3557 457 3607 candorem
480 3557 597 3607 bibunt’
638 3557 685 3609 63:
715 3558 890 3608 ‘Animalium
914 3559 1033 3608 omnium
1057 3560 1085 3607 iu
1109 3560 1189 3624 aquia
1211 3559 1366 3608 uiuentium

221 3626 333 3674 uoqua
351 3624 482 3674 CXLIIII
500 3625 607 3676 Plinius
624 3627 678 3685 ait,
699 3625 790 3675 diuisa
808 3627 838 3676 iu
855 3626 1003 3690 generibus
1026 3626 1178 3676 belluarum
1197 3626 1366 3691 serpentium

222 3694 404 3741 communium
427 3697 519 3743 temne
543 3699 571 3742 et
594 3709 699 3758 aquae,
728 3708 888 3745 cancrorum
913 3692 1079 3743 concharum
1101 3694 1269 3744 locustarum
1291 3694 1365 3759 pelo-

220 3759 309 3808 ridum
332 3760 490 3823 polyporum
508 3761 644 3810 solearum
662 3760 829 3810 lacertorum
848 3767 875 3810 et
896 3761 1053 3825 lulliginum
1076 3767 1105 3811 et
1125 3761 1169 3809 his
1187 3761 1305 3823 similia,
1333 3777 1367 3810 ex

222 3828 321 3890 quibus
339 3826 426 3876 multa
445 3827 561 3890 quodam
579 3832 696 3877 naturae
716 3828 861 3878 intellectu
879 3834 1030 3893 temporum
1048 3844 1157 3879 suornm
1175 3828 1299 3878 ordinem
1318 3844 1367 3894 ag·

221 3900 348 3955 noscunt,
367 3895 503 3959 quaedam
521 3911 588 3945 uero
606 3897 635 3945 in
652 3896 709 3945 suis
727 3896 796 3945 locis
815 3896 875 3945 sine
894 3897 1047 3946 mutatione
1065 3894 1222 3961 negantur)
1258 3894 1304 3945 64:
1325 3897 1367 3946 ‘In

221 3961 344 4027 piscibus
368 3968 461 4013 antem
483 3963 595 4012 feminis
618 3963 692 4013 aliae
717 3965 910 4013 commixtione
939 3964 1056 4014 masculi
1083 3964 1244 4029 concipiunt
1267 3969 1296 4013 et
1317 3980 1365 4029 pa-

221 4030 296 4078 riunt
308 4029 429 4093 catulos,
450 4029 523 4080 aliae
536 4036 641 4096 ponunt
653 4047 706 4081 oua
718 4032 782 4095 vsine
801 4032 917 4081 masculi
929 4033 1122 4083 commixtione
1136 4037 1274 4096 suscepta,
1295 4047 1366 4096 quae

221 4097 295 4146 idem
317 4096 466 4161 insequens
490 4099 533 4148 sui
558 4099 671 4148 seminis
696 4099 771 4149 iactu
789 4099 946 4163 pertundit,
970 4105 998 4149 et
1016 4116 1086 4164 quae
1105 4101 1158 4150 hoc
1175 4115 1288 4149 munere
1307 4100 1365 4148 fue·

221 4164 276 4213 rint
295 4164 404 4228 afflata,
428 4165 498 4214 fiunt
520 4164 708 4229 generabilia,
732 4182 803 4231 qnae
826 4182 892 4217 uero
909 4168 1023 4232 pertusa
1045 4183 1099 4217 nou
1117 4167 1236 4227 fuerint,
1259 4166 1367 4217 sterilia

221 4238 403 4296 perseueraut
429 4236 478 4281 ant
500 4231 681 4297 putrescunt.l
721 4234 747 4282 7.
768 4235 825 4285 ‘De
844 4233 966 4284 auibus.'
1005 4233 1049 4283 19:
1075 4237 1195 4285 ‘Ferunt
1212 4235 1240 4283 in
1258 4234 1360 4299 Hyper«

221 4298 313 4348 boreis
326 4300 450 4364 partibus
468 4301 694 4364 praecinentibus
705 4301 872 4352 citharoedis
884 4302 973 4352 olores
989 4301 1119 4366 plurimos
1136 4301 1267 4352 aduolare
1287 4305 1367 4366 apte-

222 4380 274 4430 que
292 4366 437 4417 admodum
453 4367 609 4418 concinere.
645 4367 736 4418 olores
753 4374 845 4420 autem
859 4369 975 4419 latinum
991 4383 1091 4420 nomen
1106 4374 1161 4420 eet:
1184 4384 1248 4419 nam
1264 4383 1366 4434 graece
