3218 5000
238 392 301 460 260
409 406 643 454 svrrssuanrn
665 410 753 453 arsat
775 410 817 452 ns
840 408 1046 455 sumturum
1068 406 1209 455 narrans

239 562 389 626 subrogata
407 577 434 626 p,
452 560 525 609 unde
545 566 573 610 et
590 559 664 624 apud
682 561 806 610 Graecos
824 552 946 625 σύαγρος
963 561 991 610 id
1010 568 1053 611 est
1070 562 1145 612 ferus
1163 561 1272 612 dieitur.
1301 576 1379 611 omne

240 630 313 678 enim
332 628 403 694 quod
422 629 510 677 lerum
534 635 576 677 est
600 634 628 677 et
650 628 754 677 immite
779 629 893 678 abusiue
913 636 1022 694 agreste
1046 628 1196 679 necamus)
1238 632 1274 679 ef.
1293 630 1380 679 Varro

239 698 271 746 L.
296 698 329 745 L.
355 697 379 745 V
404 695 460 745 101.
500 694 545 745 28:
572 696 722 745 ‘queneus
745 696 836 746 dietus
853 712 886 745 eo
905 698 976 761 quod
994 699 1090 746 iuuare
1108 697 1227 762 incipiat
1242 698 1381 747 hominum

238 779 304 813 usus
327 766 356 812 in
380 763 533 813 excolenda
555 769 642 823 terra,
667 763 713 812 uel
738 766 803 827 quia
826 765 899 828 apud
922 764 1041 829 gentiles
1064 766 1125 813 Ioui
1148 780 1256 829 semper
1279 765 1380 829 ubique

238 834 372 881 iuuencus
390 831 598 891 immolabatur,
622 846 768 894 numquam
786 838 891 880 taurus.
927 833 1037 881 namin
1054 833 1175 882 uictimis
1194 834 1279 881 etiam
1301 839 1381 882 aetas

239 897 486 949 considerabatur.'
523 899 559 947 es.
578 899 666 947 Varro
684 900 716 947 L.
741 900 775 948 L.
799 900 823 948 V
845 897 887 948 96.
936 898 981 949 30:
1006 900 1109 949 Bouern
1129 901 1229 950 Graeci
1253 897 1324 964 βοῦν
1341 899 1380 948 di-

238 973 313 1016 cunt.
349 966 421 1015 huuc
439 967 535 1015 Latini
554 967 669 1015 trionem
687 971 799 1027 uocant,
824 982 856 1015 eo
875 966 947 1031 quod
965 972 1067 1016 terram
1091 972 1178 1029 terat,
1203 969 1282 1032 quasi
1299 968 1381 1016 terio-

239 1050 311 1083 nem.
347 1034 482 1084 Naeuius:
511 1034 642 1083 Trionem
666 1033 711 1082 hic
734 1035 891 1083 moderator
913 1036 1042 1084 rusticus.
1085 1036 1163 1084 euius
1186 1034 1305 1085 latitudo
1324 1034 1381 1100 pel·

238 1101 304 1151 lium
328 1117 345 1149 a
368 1108 460 1150 urente
484 1101 519 1149 ad
538 1116 617 1150 crura
639 1100 764 1165 palearia
783 1101 910 1150 dicuntur
934 1102 1040 1166 apelle
1059 1103 1121 1167 ipsa
1140 1103 1218 1166 quasi
1236 1102 1381 1167 pellearia,

239 1169 311 1233 quod
330 1176 372 1218 est
391 1169 588 1233 generositatis
605 1170 635 1217 iu
653 1169 722 1218 boue
741 1168 868 1233 signum)
911 1170 946 1218 cf.
966 1171 1053 1219 Varro
1077 1172 1109 1219 L.
1127 1171 1160 1218 L.
1185 1170 1239 1218 Vll
1260 1170 1294 1218 74
1317 1169 1381 1219 Gel-

238 1236 293 1287 lius
310 1237 344 1285 N.
363 1237 394 1284 A.
413 1236 500 1295 1121,
520 1236 544 1284 8.
575 1236 609 1286 43
627 1252 681 1299 sq:
702 1236 855 1285 ‘Viuacitas
879 1252 1009 1300 equorum
1032 1237 1133 1297 multa,
1161 1237 1287 1287 exultant
1309 1237 1382 1287 enim

238 1307 267 1353 in
285 1304 403 1368 campis,
428 1304 577 1352 odorantur
598 1303 715 1365 bellurn,
734 1305 893 1353 excitantur
910 1320 977 1355 sono
994 1305 1079 1354 tubae
1099 1306 1134 1355 ad
1151 1305 1295 1368 praelium,
1313 1320 1381 1355 uoce

240 1373 354 1420 accensi
372 1370 408 1419 ad
426 1386 534 1421 cursum
552 1376 748 1435 prouocantur,
772 1371 866 1420 dolent
889 1386 950 1421 cum
962 1373 1032 1421 uicti
1044 1373 1155 1432 suerint,
1176 1372 1302 1422 exultant
1320 1387 1382 1421 cum

238 1438 367 1487 uicerint.
403 1439 514 1502 quidam
532 1439 624 1487 hostes
647 1438 768 1487 inbelle
786 1439 922 1500 sentiunt,
948 1439 1018 1488 adeo
1040 1444 1071 1488 ut
1095 1439 1270 1489 aduersarios
1293 1455 1383 1489 morsu

240 1510 348 1571 petant.
385 1506 471 1569 aliqui
497 1506 580 1555 etiam
604 1507 729 1570 proprios
748 1506 872 1555 dominos
889 1513 1106 1570 recognoscunt,
1125 1506 1205 1555 obliti
1223 1513 1381 1556 mansuetu·

240 1574 321 1631 dinis,
344 1572 367 1622 si
386 1579 537 1623 mutentur:
557 1573 643 1638 aliqui
661 1579 772 1638 praeter
789 1574 927 1624 dominum
945 1574 1050 1623 nullum
1068 1575 1148 1625 dorso
1161 1575 1307 1639 recipiunt.
1339 1590 1382 1624 so·

239 1641 293 1690 lius
316 1641 379 1705 equi
403 1646 445 1689 est
467 1647 579 1704 propter
600 1641 738 1690 hominem
758 1642 898 1691 lacrimari
927 1648 954 1691 et
982 1642 1083 1691 doloris
1111 1643 1240 1691 affectum
1268 1643 1380 1693 sentire.

241 1709 312 1757 undc
338 1714 366 1756 et
389 1707 418 1757 in
443 1709 582 1757 centauris
606 1723 735 1771 equorum
759 1716 786 1758 et
810 1709 948 1758 bominum
970 1714 1071 1759 natura
1090 1711 1225 1774 permixta
1248 1715 1297 1759 est.
1339 1725 1382 1759 so·

241 1775 300 1825 lent
318 1777 402 1824 etiarn
421 1790 455 1824 ex
477 1791 606 1839 equorum
629 1777 770 1825 moestitia
787 1777 832 1825 uel
851 1776 1000 1826 alacritate
1020 1784 1148 1825 euentum
1167 1778 1286 1826 futurum
1304 1777 1382 1827 dimi·

241 1844 331 1893 caturi
350 1842 502 1907 colligere)
543 1844 579 1892 el.
606 1842 715 1892 Solinus
737 1844 771 1891 45
788 1844 895 1893 Plinius
912 1845 945 1893 N.
964 1845 1000 1893 H.
1023 1844 1069 1893 154
1088 1860 1146 1909 sqq.
1182 1845 1216 1893 45
1234 1861 1307 1909 sqq:
1335 1846 1383 1893 ‘ln

242 1911 385 1976 generosis
404 1912 494 1975 equis,
523 1916 554 1959 ut
572 1911 650 1959 aiunt
668 1918 790 1971 ueteres,
815 1918 944 1976 quattuor
962 1917 1136 1976 spectantur:
1157 1913 1244 1961 sonna
1262 1912 1382 1976 pulchri·

240 1979 306 2027 tudo
329 1979 454 2028 meritum
483 1982 566 2042 atque
590 1978 673 2028 color.
714 1980 801 2028 forma
825 1987 855 2028 ut
879 1980 915 2027 sit
938 1978 1058 2028 ualidum
1082 1995 1180 2044 eorpus
1205 1987 1232 2028 et
1255 1980 1382 2041 solidum,

241 2046 333 2095 robori
342 2046 643 2107 conueniensaltitudo,
655 2046 833 2095 substrictuur
845 2046 927 2107 latus,
941 2049 1079 2097 maximae
1092 2052 1120 2095 et
1132 2048 1265 2096 rotundae
1277 2048 1382 2109 clunes,

241 2119 339 2178 pectus
350 2113 408 2162 late
421 2119 527 2178 patens,
543 2129 641 2177 eorpus
654 2129 733 2162 omne
743 2113 925 2163 musculorum
935 2114 1073 2163 densitate
1083 2114 1223 2177 nodosum,
1233 2131 1282 2180 pes
1292 2116 1383 2163 siccus

242 2188 270 2231 et
288 2196 373 2230 eornu
389 2197 512 2229 concauo
530 2181 671 2230 solidatus.
700 2181 873 2245 pulchritudo
890 2182 972 2230 nteit
988 2183 1116 2247 exiguum
1132 2190 1215 2247 caput
1228 2190 1256 2232 et
1268 2186 1381 2243 siccum,

241 2248 313 2314 pelle
326 2264 411 2314 prope
424 2249 531 2297 ossibus
545 2238 723 2309 adhaerente,
738 2264 818 2299 aures
830 2249 928 2298 breues
941 2256 969 2298 et
980 2257 1088 2309 acutae,
1100 2249 1174 2299 oculi
1186 2251 1287 2313 magni,
1301 2265 1383 2299 nares

241 2316 364 2382 patulae,
381 2322 475 2365 erecta
491 2318 599 2378 ceruix,
618 2332 697 2365 corna
716 2317 803 2365 densa
824 2323 853 2366 et
869 2317 974 2375 cauda,
991 2316 1153 2379 ungularum
1169 2316 1310 2366 soliditate
1328 2316 1384 2366 fixa

240 2384 406 2434 rotunditas.
423 2385 549 2432 meritum
559 2389 589 2431 ut
601 2384 637 2432 sit
650 2385 741 2434 animo
755 2384 852 2446 audax,
867 2385 982 2449 pedibus
995 2384 1097 2445 alacer,
1110 2386 1291 2434 trementibus
1301 2400 1383 2434 mem-

241 2452 308 2512 bris,
328 2452 400 2516 quod
418 2458 461 2500 est
473 2451 642 2500 fortitudinis
655 2452 797 2514 indicium,
817 2453 915 2516 quique
934 2468 968 2501 ex
986 2466 1091 2501 summa
1110 2452 1201 2515 quiete
1220 2452 1304 2502 facilc
1320 2468 1384 2503 con-

243 2520 344 2568 citetur
355 2518 401 2567 uel
414 2519 537 2567 excitata
550 2518 730 2568 festinatione
747 2535 803 2569 non
819 2519 933 2568 difficile
951 2524 1088 2568 teneatur.
1115 2525 1204 2569 motus
1217 2527 1309 2569 autem
1321 2521 1385 2583 equi

243 2587 272 2636 in
290 2586 402 2635 auribus
419 2585 585 2649 intelligitur
605 2586 693 2636 uirtus
716 2588 744 2635 in
767 2587 896 2637 membris
917 2587 1109 2636 trementibus.
1150 2586 1224 2636 color
1242 2586 1288 2637 hie
1306 2602 1385 2652 prae·

244 2655 325 2718 cipue
343 2654 524 2717 spectandus:
544 2653 642 2702 badius
661 2669 759 2703 aureus
777 2670 871 2703 roseus
889 2655 1003 2704 mirteus
1022 2654 1149 2704 cerninus
1167 2654 1258 2719 giluus
1270 2655 1385 2719 glaucus

244 2720 398 2771 scutulatus
416 2736 502 2770 canus
521 2721 653 2769 candidus
672 2721 750 2771 albus
768 2728 893 2786 guttatus
911 2723 998 2787 niger.
1028 2722 1155 2785 sequenti
1174 2728 1265 2771 autem
1289 2723 1392 2772 ordine.

243 2789 338 2837 uarius
358 2804 391 2837 ex
410 2790 489 2851 nigro
514 2788 649 2851 badioque
668 2789 829 2851 distinctus,
849 2789 970 2854 reliquus
989 2791 1082 2838 uarius
1101 2788 1176 2838 color
1193 2790 1239 2839 uel
1259 2790 1385 2840 cinereus

245 2856 416 2904 deterrimus.
454 2856 564 2905 badium
582 2862 674 2905 autem
693 2858 801 2921 antiqui
818 2857 929 2906 uadium
947 2857 1087 2917 dicebant,
1112 2857 1183 2919 quod
1201 2857 1273 2907 iuter
1291 2863 1385 2907 cetera

246 2922 379 2972 animalis
397 2923 496 2972 fortius
513 2924 607 2972 undat.
643 2924 703 2988 ipse
723 2930 765 2973 est
783 2932 810 2972 et
828 2924 938 2988 spadix,
959 2940 1038 2988 quem
1056 2924 1250 2988 phoenicatum
1269 2930 1384 2974 uocant:

247 2996 276 3040 et
293 2990 383 3039 dietus
400 2991 498 3055 spadix
517 3006 534 3040 a
552 2991 643 3040 colore
662 2991 780 3056 palmae,
801 3007 881 3056 quarn
900 2992 987 3041 Siculi
1005 2992 1147 3055 spadieem
1165 3000 1276 3042 uocant.
1306 2992 1384 3056 glau-

246 3074 294 3109 cus
317 3072 383 3107 uero
407 3064 449 3107 est
471 3058 559 3107 ueluti
577 3060 664 3123 pictos
689 3059 782 3108 oeulos
805 3060 911 3109 habens
935 3066 962 3108 et
986 3060 1103 3123 quodam
1125 3059 1271 3123 splendore
1294 3060 1386 3124 perlu-

246 3140 303 3176 sos:
322 3141 386 3174 nam
404 3124 532 3189 glaucum
548 3133 660 3176 ueteres
678 3127 809 3176 dicebant
827 3140 851 3174 ιι.
887 3126 977 3192 giluus
1004 3134 1096 3176 autem
1114 3127 1231 3176 melinus
1250 3127 1325 3178 color
1342 3132 1386 3177 est

246 3193 416 3243 subalbidus.
457 3200 582 3258 guttatus
606 3195 685 3244 albus
707 3194 793 3256 nigris
814 3193 1065 3245 interuenientibus
1092 3196 1213 3259 punctis.
1252 3195 1385 3244 candidus

247 3266 339 3310 autem
358 3266 386 3309 et
403 3260 483 3310 albus
501 3262 621 3311 inuicem
639 3262 692 3310 sibi
710 3262 849 3312 differunt.
884 3278 949 3311 unm
968 3261 1047 3311 albus
1065 3277 1126 3312 curn
1144 3262 1261 3326 quodam
1279 3262 1385 3327 pallore

246 3333 297 3391 est,
323 3329 456 3378 candidus
478 3345 544 3378 uero
567 3330 664 3378 niueus
688 3335 716 3378 et
738 3345 807 3394 pura
828 3330 892 3379 lucc
916 3330 1051 3394 perinsus.
1088 3344 1173 3379 canus
1196 3329 1296 3391 dictus,
1320 3330 1386 3394 quia

247 3411 281 3446 ex
299 3396 416 3446 candido
435 3396 528 3446 calore
547 3402 575 3445 et
592 3398 671 3461 nigro
690 3403 741 3446 est.
778 3397 933 3447 scutulatus
951 3402 1068 3446 uocatus
1086 3402 1197 3462 propter
1209 3398 1299 3459 orbes,
1319 3412 1386 3462 quos

245 3462 331 3513 habet
350 3464 482 3514 candidos
506 3464 578 3513 inter
600 3480 741 3529 purpuras.
782 3466 877 3514 narius
901 3464 972 3528 quod
989 3465 1052 3514 uias
1074 3464 1179 3514 habeat
1197 3464 1318 3515 colorum
1336 3466 1385 3513 im-

245 3532 361 3596 parium.
398 3532 443 3595 qui
461 3537 554 3581 autem
573 3531 650 3581 albos
668 3537 776 3581 tautum
793 3531 878 3598 pedes
896 3532 1014 3595 habent,
1033 3532 1112 3597 petili
1131 3531 1319 3597 appellantur:
1339 3532 1386 3595 qui

246 3600 366 3649 frontem
379 3599 481 3659 albam,
495 3599 600 3649 callidi.
620 3601 747 3649 cerninus
762 3607 813 3663 est,
827 3615 907 3665 quem
919 3599 1002 3664 uulgo
1015 3615 1165 3664 gauranem
1177 3601 1280 3649 dieunt.
1306 3615 1385 3649 aera·

246 3682 309 3715 nem
336 3666 408 3715 idem
431 3666 530 3732 uulgus
553 3673 648 3727 uocat,
679 3667 749 3732 quod
776 3668 806 3717 in
828 3668 936 3717 modum
959 3668 997 3717 sit
1017 3669 1092 3717 aeris
1120 3666 1229 3718 coloris.
1274 3669 1387 3717 mittens

247 3740 340 3783 autem
364 3739 407 3783 est
429 3750 539 3799 pressus
563 3737 591 3784 in
614 3750 742 3814 purpura.
783 3735 895 3785 desinus
918 3740 1010 3785 autern
1028 3736 1132 3797 dictus,
1158 3735 1229 3799 quod
1252 3736 1289 3784 sit
1312 3734 1387 3786 color

248 3802 358 3852 eiusde
378 3804 464 3857 asino,
484 3804 556 3852 idem
575 3808 604 3852 et
622 3804 756 3852 cinereus
793 3809 858 3853 sunt
876 3808 968 3852 autem
986 3803 1015 3853 hi
1033 3802 1066 3853 de
1080 3804 1184 3867 agresti
1202 3819 1304 3867 genere
1323 3804 1385 3863 orti,

248 3884 315 3934 quos
333 3870 473 3933 equiferos
490 3871 620 3931 dicimus,
645 3875 674 3919 et
695 3870 809 3934 proinde
833 3871 868 3921 ad
890 3870 1025 3920 urbanam
1048 3870 1213 3950 dignitatem
1236 3871 1386 3935 procedere

247 3952 302 3987 non
323 3943 446 4002 possunt.
482 3953 590 3987 mauros
613 3938 693 4002 niger
715 3942 766 3987 est.
802 3940 909 4004 nigrum
933 3939 1006 3987 enim
1024 3939 1120 4001 graeei
1140 3936 1253 4002 pauper
1275 3942 1386 3989 uocant.

248 4020 363 4054 manum
382 4021 447 4054 uero
465 4020 550 4068 equus
574 4006 684 4054 breuior
703 4012 759 4067 est,
784 4023 863 4070 quem
881 4005 965 4070 uulgo
984 4006 1107 4055 buricum
1124 4012 1235 4056 uocant.
1271 4005 1387 4055 ucredos

248 4074 356 4136 antiqui
373 4073 514 4133 dinenrnt,
539 4073 610 4137 quod
633 4073 767 4123 ueherent
789 4075 870 4123 redas
892 4074 921 4123 id
944 4079 987 4122 est
1003 4073 1148 4136 ducerent,
1173 4073 1218 4123 uel
1237 4074 1307 4138 quod
1324 4073 1387 4122 uias

247 4140 374 4204 publicas
398 4146 509 4190 currant
535 4156 584 4204 per
612 4156 680 4205 quas
710 4148 738 4192 et
768 4142 842 4193 redis
867 4142 906 4190 ire
929 4141 1039 4191 solitum
1064 4147 1132 4191 erat.
1171 4142 1309 4205 Equonrm
1331 4143 1387 4189 ttia

247 4214 311 4257 sunt
329 4223 445 4273 genera:
465 4222 546 4256 uuum
565 4224 735 4272 generosum,
754 4210 868 4275 praeliis
888 4216 916 4258 et
934 4210 1063 4259 oneribus
1080 4214 1182 4274 aptum,
1203 4209 1318 4259 alterum
1329 4207 1387 4256 nul·

248 4290 314 4340 gare
333 4281 416 4339 atque
434 4276 600 4339 gregarium,
620 4277 826 4327 aduehendum
843 4293 898 4327 nou
911 4277 946 4325 ad
960 4278 1137 4342 equitandum
1150 4281 1256 4341 aptum
1275 4275 1387 4325 tertium

249 4357 282 4391 ex
288 4343 481 4420 'permistione
504 4343 609 4393 diuersi
630 4346 741 4407 generis
763 4350 864 4435 ortupn,
893 4344 964 4407 quod
987 4344 1071 4393 etiarn
1093 4344 1121 4392 bi
1143 4358 1255 4393 enarum
1277 4343 1387 4419 dicitnr,

249 4410 314 4474 quia
333 4425 367 4460 ex
389 4409 506 4459 diuersis
523 4413 656 4475 nascitur,
675 4417 706 4460 ut
723 4410 831 4461 mulus!
869 4412 905 4461 ci.
924 4410 1066 4461 Palladius
1082 4361 1142 4461 llll
1161 4410 1191 4461 13
1210 4412 1297 4461 Varro
1303 4400 1387 4469 'Osos
