3202 4998
241 418 303 479 tat
328 460 332 467 -
577 434 800 484 ovansrrouns
825 434 1050 477 svaroumuan

241 587 407 647 Suetonius
429 585 598 646 adnotavit.
641 585 741 646 eidem
769 585 847 646 libro
874 584 1065 646 restituenda
1093 594 1177 659 suut,
1206 603 1285 665 quae
1309 583 1385 645 Gel-

141 762 146 771 .
242 691 300 749 lius
322 689 385 748 XV
406 696 454 761 ιθ,
476 697 495 749 4
515 708 584 748 cum
615 687 693 747 falso
726 687 764 747 de
791 689 858 746 vita
880 685 1039 748 Ciceronis
1066 688 1226 766 scripsisse
1248 688 1385 747 Asconio
1439 766 1442 773 ι

240 789 378 851 Pediano
401 798 525 866 auctore
547 792 669 849 monuit.
713 789 771 848 hoc
796 809 871 849 vero
894 788 1070 849 Gellianum
1100 797 1192 869 capnt
1217 797 1384 868 propterea

241 890 438 952 memorabile
463 899 523 963 est,
545 890 625 970 qnod
648 910 684 950 co
706 911 778 970 pars
796 891 1003 951 Suetonianae
1024 891 1182 952 Ciceronis
1204 893 1289 951 uitae
1309 908 1383 971 qno·

242 994 312 1055 dam
323 992 411 1055 modo
423 993 667 1054 reconcinnetur.
682 993 778 1053 refert
788 995 867 1052 eninr
879 993 1009 1071 Nepotis
1021 993 1255 1054 etFencstellse
1265 1010 1384 1053 errores

242 1094 281 1155 de
295 1114 375 1157 anno
390 1095 517 1167 aetatis,
535 1114 594 1174 quo
610 1093 720 1155 Cicero
734 1096 862 1174 primam
883 1094 988 1153 iudicii
1005 1093 1121 1174 publici
1138 1114 1261 1154 causam
1270 1095 1382 1172 egerit.

242 1199 302 1257 iam
320 1194 501 1270 Suetonius,
523 1206 558 1257 ut
578 1197 739 1275 conligitur
755 1218 794 1256 ex
816 1196 970 1276 excerptis
991 1196 1241 1275 Hieronymiauia
1262 1196 1384 1274 (fragm.

241 1300 298 1362 ot*
313 1298 400 1377 52²²),
424 1318 492 1358 cum
507 1296 637 1357 Pediaui
653 1298 768 1359 Asconi
786 1298 900 1358 indicio
922 1299 1092 1378 conspirat,
1116 1300 1168 1380 qui
1190 1298 1310 1357 illorum
1335 1315 1383 1356 er·

241 1421 325 1461 rores
344 1408 424 1460 teste
444 1398 546 1460 Gellio
567 1400 784 1478 castigaverat.
823 1409 857 1459 ut
877 1401 1012 1479 suspicio
1035 1399 1221 1472 suboriatur,
1250 1398 1385 1460 Gellium

242 1503 321 1564 hanc
335 1501 475 1562 notitiam
490 1520 530 1561 ex
548 1502 612 1561 vita
622 1499 811 1563 Suetoniana
824 1505 855 1561 in
869 1503 969 1561 electa
983 1521 1038 1562 sua
1048 1502 1286 1580 conscripsisse.
1304 1520 1384 1581 qnae

243 1625 280 1665 eo
296 1605 503 1677 confirmatur,
528 1602 610 1683 qnod
632 1603 712 1662 idem
728 1603 848 1664 Gellius
868 1605 899 1665 in
921 1602 1080 1683 deperdito
1099 1612 1210 1663 octavo
1224 1602 1302 1663 libro
1317 1602 1383 1681 ple·

242 1707 383 1766 rusiam
400 1705 590 1766 narrationes
606 1704 644 1764 de
659 1704 792 1764 Laberio
807 1715 838 1765 et
857 1705 990 1765 Publilio
1011 1689 1384 1784 mimographisdederat,

215 1842 221 1853 ι
243 1829 319 1890 quas
335 1806 510 1868 Macrobius
525 1815 690 1888 perpetuus
707 1802 922 1867 Gellianarum
943 1809 1097 1888 copiarum
1120 1806 1274 1887 expilator
1294 1804 1384 1865 nobis

242 1911 385 1971 servavit.
413 1911 463 1969 cni
474 1929 547 1969 vero
559 1910 675 1987 auctori
691 1909 769 1968 haec
781 1909 971 1971 restituenda
986 1911 1061 1979 sint,
1076 1926 1136 1969 uon
1153 1908 1315 1968 admodum
1329 1907 1383 1966 du·

241 2010 323 2071 bium
340 2032 408 2072 esse
424 2020 512 2090 puto,
531 2032 599 2071 cum
616 2011 654 2071 de
670 2030 774 2073 eorum
789 2012 852 2071 vita
867 2012 1047 2072 Suetonium
1063 2012 1221 2091 scripsisse
1236 2018 1384 2090 excerpta

241 2114 481 2195 Hieronymiana
498 2112 617 2192 (fragm.
637 2113 695 2175 te*
714 2108 788 2192 26²²)
808 2112 900 2172 fidem
922 2115 1045 2175 faciant.
1085 2112 1141 2175 sed
1162 2121 1265 2172 tamen
1285 2113 1383 2172 satius

242 2214 348 2289 habui,
366 2236 433 2276 cnm
448 2235 510 2275 non
525 2218 622 2274 omnis
638 2214 787 2275 dubitatio
803 2198 930 2275 exclusa
944 2217 997 2289 sit,
1025 2216 1148 2276 ethaeo
1164 2224 1196 2274 et
1214 2214 1270 2275 illa
1283 2216 1316 2275 in
1331 2212 1385 2274 sd·

241 2320 397 2378 notatione
413 2316 562 2397 superiori
575 2317 760 2391 conlocasse,
776 2318 862 2377 cuius
880 2337 947 2378 earn
959 2336 1080 2398 quoque
1095 2316 1195 2381 dotem
1211 2316 1383 2390 essevolui,

241 2429 275 2479 ut
296 2420 460 2498 conpositis
482 2420 674 2499 antiquorum
693 2419 875 2479 testimoniis
896 2427 1004 2479 tenues
1020 2420 1274 2480 Suetonianorunr
1291 2418 1383 2478 libro-

231 2541 306 2584 rum
321 2522 470 2602 reliquiae
486 2521 690 2581 resarciantur
705 2530 736 2581 ct
752 2521 883 2599 pleniori
898 2521 945 2581 illi
961 2522 1138 2595 memoriae,
1162 2522 1195 2581 iu
1211 2523 1296 2581 cuius
1312 2541 1382 2580 con·

239 2624 410 2684 tinnatioue
426 2624 496 2682 olim
511 2623 614 2683 lectae
630 2623 757 2697 fuerint,
776 2623 860 2682 facili
876 2625 1001 2700 negotio
1013 2622 1262 2702 restituentur.*)

324 2725 389 2785 Iam
410 2745 485 2786 vero
505 2724 557 2784 ubi
580 2735 718 2785 auctores
740 2724 792 2804 qul
811 2724 848 2784 dc
868 2724 975 2785 eodem
998 2734 1178 2805 argumento
1196 2724 1292 2785 libros
1309 2746 1383 2784 con·

240 2828 427 2908 scripserunt
441 2828 620 2888 Suetonium
642 2826 840 2901 deficiebant,
863 2825 998 2887 adducor
1014 2828 1128 2888 ferant
1144 2827 1281 2901 credam,
1302 2828 1382 2888 vitas

241 2930 307 2989 eius
318 2950 379 2989 non
393 2930 455 2989 iam
472 2929 567 2988 luisse
578 2928 661 2988 lecta
672 2928 727 2987 illa
741 2927 917 2989 eruditionis
930 2931 1019 3008 copia'
1033 2931 1183 3007 insignes,
1195 2949 1286 3009 quam
1301 2932 1331 2989 in
1344 2948 1381 2989 eo

241 3031 313 3091 alibi
324 3030 515 3091 admiramur.
533 3031 650 3091 scilicet
660 3031 691 3089 iu
703 3050 805 3090 eorum
821 3030 986 3093 Caesarum
996 3033 1060 3091 sita
1072 3033 1124 3112 qui
1134 3033 1259 3112 propius
1275 3029 1315 3091 ad
1329 3050 1382 3091 ae-

240 3142 333 3194 tatem
345 3134 473 3195 Suetoni
486 3132 636 3193 accedunt
648 3133 781 3194 fontibus
792 3133 882 3194 simul
892 3143 925 3193 et
934 3153 1034 3195 rerum
1048 3135 1137 3214 eopia
1150 3133 1310 3195 destitutus
1323 3131 1381 3193 ari·

241 3235 309 3296 dius
335 3244 367 3295 et
391 3235 524 3296 sterilius
549 3236 693 3297 historiae
720 3236 959 3297 conscribendae
985 3256 1083 3314 genus
1108 3245 1231 3297 secutus
1256 3246 1318 3313 est,
1347 3245 1382 3295 ut

240 3337 427 3399 Niebuhrins
453 3339 609 3399 verissime
630 3337 853 3398 animadvertit
895 3338 977 3418 qnod
999 3337 1122 3419 quidem
1144 3339 1189 3398 ita
1209 3338 1308 3418 accipi
1327 3358 1382 3398 no-

239 3440 302 3515 lim,
318 3441 404 3520 qnasi
416 3440 615 3520 Tranquillus
630 3460 691 3499 non
707 3440 773 3519 ipse
789 3440 889 3501 denuo
909 3442 940 3500 in
955 3460 1003 3500 rcs
1017 3440 1224 3520 inquisiverit,
1245 3450 1281 3501 ut
1293 3460 1381 3519 prae·

238 3544 409 3603 termissam
426 3542 466 3602 ab
489 3543 557 3603 aliis
578 3541 617 3603 de
644 3542 842 3623 scriptoribus
870 3544 1044 3603 memoriam
1066 3542 1235 3621 indagaret.
1271 3540 1327 3602 sed
1347 3548 1382 3600 ut

238 3665 320 3705 nnnc
337 3665 387 3704 res
403 3664 438 3705 se
453 3643 583 3718 habent,
607 3666 675 3706 cum
694 3646 839 3726 antiquae
861 3647 944 3705 ritae
964 3665 1024 3705 non
1042 3664 1136 3723 snper
1158 3645 1233 3720 sint,
1252 3662 1381 3725 quarum

240 3749 456 3826 conparatione
471 3746 511 3807 de
528 3746 702 3827 Tranquilli
717 3767 811 3827 opera
828 3747 972 3808 iudicium
991 3748 1060 3822 fiat,
1074 3764 1131 3807 nos
1147 3747 1267 3807 nescire
1282 3748 1381 3807 laten·

305 3894 329 3963 *l
348 3899 454 3950 Ibidem
478 3902 561 3950 etiam
585 3898 643 3949 alia
665 3899 757 3964 posui,
783 3915 854 3965 quae
877 3900 906 3949 in
929 3900 1006 3966 ipsas
1030 3897 1164 3964 reliquias
1182 3899 1307 3964 recipere
1326 3913 1380 3949 non

239 3996 322 4034 ausus
341 3996 413 4046 sum;
449 3983 537 4035 veluti
555 3984 659 4034 Domiti
677 3984 764 4035 Marsi
786 3983 937 4048 querellam
957 3985 991 4034 de
1015 3988 1101 4034 morte
1123 3982 1242 4047 Tibulli,
1268 3982 1301 4034 de
1326 3998 1380 4048 qua

238 4084 322 4135 supra
339 4086 366 4134 p.
385 4068 436 4119 380
453 4084 542 4118 sermo
561 4069 628 4130 fuit,
648 4070 771 4120 eiusdem
790 4069 863 4120 Gelli
881 4070 1068 4120 narrationem
1084 4068 1119 4118 de
1138 4068 1262 4119 Pacuvio
1280 4073 1311 4116 et
1327 4068 1379 4119 Ac·

239 4155 282 4205 cio
300 4155 395 4223 xlma
414 4155 451 4205 cf.
471 4155 570 4219 fragm.
592 4151 655 4217 13³,
675 4154 755 4205 Cassi
766 4154 866 4209 Dionis
884 4155 919 4206 de
931 4154 1024 4207 Asinio
1038 4153 1126 4223 Gallo
1137 4154 1324 4203 narrationem
1342 4153 1380 4206 cf.

238 4240 336 4305 fragm.
348 4237 411 4303 68²¹,
424 4240 668 4303 Hieronymianam
677 4240 827 4291 Hateriaui
839 4240 933 4305 ingeni
946 4239 1160 4305 descriptionem
1173 4239 1208 4289 ad
1218 4237 1378 4289 Pammucb.

241 4322 270 4373 12
284 4335 348 4373 tom.
363 4324 390 4373 ll
402 4340 429 4389 p.
443 4323 494 4373 llll
506 4323 576 4373 Vall.
596 4324 642 4373 ubi
659 4324 732 4374 idem
744 4324 848 4374 dictum
860 4325 977 4391 Augusti
989 4325 1091 4383 refert,
1108 4308 1188 4373 cuius
1201 4324 1310 4375 Seneca
1319 4321 1380 4372 rhe=
1432 4362 1438 4366 .

238 4412 280 4457 tor
298 4407 434 4471 tueminit,
454 4408 577 4471 scholion
596 4402 714 4474 deniquo
733 4408 765 4458 de
783 4406 851 4459 l'ari
864 4408 985 4473 Thyeste
1004 4425 1021 4458 a
1038 4407 1218 4471 Quielrcratio
1236 4406 1265 4457 iu
1283 4405 1379 4457 codice

237 4492 325 4545 Paris.
344 4493 411 4545 7530
429 4499 574 4559 repertum.
1138 4496 1142 4504 '
