3186 4996
707 422 750 463 oe
773 420 889 463 eoems
1326 398 1362 463 51

230 578 312 632 trem
334 590 429 632 suum
452 570 518 632 ruri
544 589 641 652 agere
668 567 858 651 longissime
874 568 1086 652 cognouisset
1107 594 1176 632 *es
1198 576 1368 632 reuocatus

231 668 369 733 Athenis
393 691 413 732 a
438 667 567 733 Nerone
591 669 778 755 cohortique
800 671 976 750 amicorum
999 668 1130 732 additus
1150 676 1248 754 atque
1270 663 1368 733 etiarn

232 780 406 858 quaestura
428 768 614 835 honoratus.
660 794 724 835 non
746 779 853 834 tamen
874 771 1052 858 permansit
1068 772 1102 833 in
1123 773 1245 855 gratia:
1270 771 1366 856 siqui*

231 873 304 937 dem
326 894 424 957 aegre
446 872 571 954 ferens,
602 872 704 959 (quod
726 871 813 937 Nero
836 874 885 959 se)
908 873 1065 963 recitante
1088 871 1195 936 subito
1219 893 1258 936 ae
1278 869 1369 936 nulla

203 975 294 1037 enisi
316 973 534 1057 refrigerandi
558 976 607 1037 sui
631 995 731 1037 causa
759 974 881 1038 indicto
907 983 1022 1036 senatu
1050 974 1237 1055 recessiset‚
1265 995 1369 1057 neque

230 1075 341 1139 uerbis
362 1074 519 1139 aduersus
542 1076 720 1162 principem
744 1097 848 1162 neque
868 1075 963 1138 factis
986 1073 1174 1138 extantibus
1195 1075 1370 1161 posthaec

230 1177 439 1262 temperauit,
474 1175 555 1239 adeo
590 1186 626 1239 ut
653 1175 815 1262 quondam
848 1179 881 1239 in
907 1176 1034 1240 latrinis
1063 1175 1205 1262 publicis
1233 1175 1369 1240 clariore

231 1300 304 1341 curn
335 1280 459 1364 crepitu
483 1278 606 1345 uentris
636 1277 875 1342 hemistichium
897 1277 1037 1341 Neronis
1059 1299 1178 1363 magna
1202 1299 1369 1342 consesso-

231 1401 302 1442 rum
325 1379 406 1462 fuga
426 1380 662 1464 pronuntiarit:

196 1501 223 1542 ro
535 1479 595 1543 sub
619 1481 715 1544 torris
738 1482 884 1545 tonuisse
905 1491 1012 1566 putes.

233 1580 291 1645 scd
314 1588 347 1645 et
368 1580 492 1645 famoso
513 1581 655 1644 carmine
676 1603 750 1644 cum
777 1582 883 1666 ipsum
902 1592 968 1646 tum
987 1583 1229 1670 potentissimos
1251 1585 1370 1648 amico·

220 1668 304 1747 'rum
329 1683 524 1767 grauissimo
552 1682 718 1768 proscidit.
763 1683 805 1746 ad
828 1694 1007 1748 extremum
1031 1706 1134 1772 paene
1157 1686 1294 1770 signifer
1317 1684 1369 1748 Pi·

232 1786 388 1848 sonianao
409 1784 641 1848 coniurationis
663 1785 788 1866 extitit,
819 1784 938 1849 multus
964 1785 1125 1869 ingloria
1150 1787 1370 1873 tyrannicida·

232 1908 303 1950 rurn
318 1885 426 1972 palam
446 1885 667 1971 praedicanda
687 1908 725 1948 ac
747 1885 863 1973 plenus
881 1890 1058 1971 minarum,
1079 1910 1181 1975 usque
1201 1911 1239 1953 eo
1256 1890 1369 1955 intem·

198 2004 223 2042 u
233 2009 350 2074 perans
377 1998 413 2050 ut
441 1987 594 2050 Caesaris
622 1998 721 2074 caput
747 1976 894 2073 prosimu
923 1990 1040 2075 cuique
1068 1992 1214 2054 iactaret.
1256 2012 1369 2055 uerum

233 2090 361 2153 detecta
394 2089 618 2153 coniuratione
651 2110 853 2175 nequaquam
882 2077 993 2177 parein
1027 2092 1126 2154 animi
1155 2090 1368 2155 constantiam

232 2191 410 2277 praestitit3
454 2188 550 2255 facile
572 2189 658 2253 enim
679 2190 849 2255 confessus
872 2201 904 2255 et
924 2192 966 2256 ad
984 2191 1181 2256 humillimas
1197 2192 1369 2257 deuolutus

231 2314 344 2379 preces
365 2304 500 2372 matrem
520 2313 648 2377 quoque
669 2294 836 2356 innoxiam
859 2295 944 2357 inter
965 2294 1070 2357 socios
1093 2295 1274 2357 nominauit
1299 2317 1370 2381 spe-

233 2416 310 2457 rans
332 2394 532 2479 impietatem
553 2392 614 2456 sibi
626 2392 724 2480 ¹apud
744 2383 941 2479 parricidam
960 2395 1139 2482 principem
1155 2395 1370 2481 profuturam.

197 2498 405 2582 nimpetraro
432 2505 539 2559 autem
562 2497 679 2563 mortis
699 2495 834 2560 arbitrio
856 2494 959 2561 libero
986 2495 1152 2561 codicillos
1175 2497 1217 2561 ad
1245 2507 1368 2585 patrem

316 2667 402 2732 bsqq.
427 2668 542 2717 Tacitus
562 2684 624 2716 nnn.
644 2668 693 2716 XV
711 2666 757 2716 ib:
788 2668 943 2719 ‘Lucanum
963 2670 1089 2736 propriae
1107 2686 1210 2720 causae
1234 2670 1369 2721 accende·

233 2737 313 2798 bant,
333 2736 404 2801 quod
417 2736 519 2785 sarnam
537 2736 687 2785 carminum
706 2737 764 2786 cius
776 2739 921 2803 premebat
936 2740 1009 2788 Nero
1028 2738 1259 2804 prohibueratque
1278 2746 1369 2788 osten-

232 2813 293 2854 tare
312 2819 399 2853 uanus
418 2802 662 2865 adsimulatiouc'

318 2871 349 2921 tu
366 2888 425 2936 sqq.
456 2872 571 2920 Tacitus
590 2887 653 2920 ann.
673 2873 721 2921 XV
740 2870 785 2921 56:
823 2874 981 2939 ‘exquibus
999 2876 1128 2925 ercunus
1147 2875 1369 2939 Quintianusque

233 2951 262 2990 et
279 2940 397 2993 Senecio
415 2940 462 2989 diu
481 2939 615 2989 abnuere:
634 2946 696 3004 post
714 2942 848 3006 promissa
862 2944 1015 3007 inpunitate
1034 2943 1164 3007 corrupti.
1184 2959 1236 3007 que
1255 2944 1370 2993 tardita-

232 3016 288 3058 tem
313 3013 491 3065 excusarent,
514 3009 644 3056 Lucmms
667 3010 781 3057 Atilium
805 3016 919 3059 matrem
943 3026 1034 3069 stram,
1064 3012 1231 3072 Quintianus
1255 3011 1370 3061 Glitium
1428 3004 1432 3010 ⁵

233 3075 342 3126 Gallum
360 3077 478 3125 Senecio
490 3076 606 3124 Annium
625 3075 778 3125 Pollionem
797 3079 944 3128 amicorum
964 3079 1128 3145 praecipuos
1146 3079 1343 3132 nominauere.'

226 3199 233 3211 .
316 3143 349 3192 20
366 3160 424 3207 sqq.
445 3143 559 3192 Tacitus
579 3158 641 3191 airu.
661 3144 709 3192 XV
728 3145 773 3193 m:
798 3146 884 3195 ‘Exin
901 3147 1008 3196 Annaei
1026 3147 1133 3196 Lucani
1153 3148 1267 3197 caedem
1286 3149 1370 3213 impe-

233 3219 285 3263 rat.
312 3213 335 3261 is
353 3213 506 3277 profluente
525 3212 659 3273 sarrguine
678 3212 723 3261 ubi
743 3213 895 3277 frigescere
914 3216 998 3278 pedes
1017 3231 1166 3279 manusque
1191 3222 1219 3265 et
1236 3216 1371 3280 paulatim

234 3316 436 3325 ——-—-—-

319 3380 331 3431 l
351 3369 412 3426 ruri
433 3368 461 3423 P
475 3361 528 3423 riri
545 3367 604 3422 ΜΒ
620 3362 634 3445 Η
646 3377 710 3439 post
729 3369 920 3443 cognouisset
942 3373 1075 3427 lacunam
1090 3374 1212 3444 sr'prrunit
1234 3373 1370 3427 Weberna

234 3451 247 3535 Η
264 3463 280 3514 '2
299 3453 420 3511 additur
434 3454 462 3508 B
482 3444 496 3532 Η
517 3452 739 3530 tergeretur)
757 3455 789 3508 M
803 3448 815 3532 Η
831 3452 911 3532 quod
934 3453 1016 3512 Nero
1033 3474 1066 3513 se
1084 3458 1183 3513 addidi
1195 3450 1208 3535 Η
1223 3455 1370 3512 recitante

233 3560 267 3597 se
284 3542 424 3597 Cuntrrus
439 3531 453 3617 Η
467 3541 636 3598 beaussuP
648 3534 661 3619 Η
677 3536 850 3594 recessisse
863 3539 922 3594 MP
934 3540 1098 3596 recessisse
1112 3542 1139 3595 Β
1153 3540 1306 3596 Neronem
1323 3559 1369 3596 re·

221 3608 363 3683 'cessisse
382 3626 523 3680 Cerneres
537 3640 604 3679 cum
624 3621 800 3680 recessisset
819 3624 989 3680 Omnibonus
1003 3619 1016 3705 Η
1032 3632 1048 3685 ti
1063 3623 1251 3682 exstantibus
1270 3626 1303 3680 Μ
1320 3643 1371 3681 ex·

234 3706 397 3768 citantibus
412 3712 484 3765 coni.
502 3710 621 3764 helenius
636 3701 649 3788 Η
664 3714 732 3784 post
747 3706 805 3764 bac
819 3710 846 3763 P
858 3703 870 3788 Η
886 3709 1034 3786 &crepitu
1046 3709 1191 3786 Ptrepitu
1203 3710 1237 3765 M
1245 3709 1370 3787 strepitu

237 3799 261 3851 Β
279 3798 359 3868 culpo
376 3788 388 3873 Η
408 3794 510 3851 emissi
528 3792 726 3851 emistichium
742 3792 802 3849 MP
823 3793 925 3851 emissi
940 3793 1162 3852 hemistichium
1178 3796 1206 3850 B
1223 3796 1324 3852 emissi
1342 3803 1373 3851 ul

232 3882 455 3951 ‹littoqropln'orn
469 3881 560 3935 deleri
573 3871 586 3957 Η
602 3896 811 3935 consessorum
821 3881 849 3936 Β
864 3897 931 3935 cum
947 3898 1097 3937 sessorum
1110 3880 1170 3935 MP
1209 3890 1372 3958 opronun·

234 3966 329 4022 cieret
344 3965 372 4020 P
384 3959 397 4044 Η
413 3972 446 4026 1⁸2
458 3961 668 4040 grauidissime
681 3965 708 4019 B
724 3959 737 4043 Η
751 3983 849 4043 paene
860 3965 898 4025 ,Μ
907 3984 1005 4042 poene
1018 3966 1042 4020 Β
1054 3985 1132 4042 pene
1145 3967 1171 4021 P
1215 3975 1246 4027 13
1258 3966 1373 4023 exstitit

234 4052 265 4106 M
278 4045 292 4129 Η
308 4048 418 4106 multus
438 4050 625 4105 Omnibonus:
650 4050 751 4107 multis
768 4053 835 4107 riori
854 4042 867 4129 Η
886 4048 1134 4110 tirannicidarum
1155 4053 1182 4107 Β
1203 4044 1216 4132 Η
1240 4060 1271 4111 Η
1286 4069 1372 4127 prae-

233 4133 365 4192 dicanda
397 4152 453 4190 non
482 4136 554 4190 rruth'
582 4136 648 4191 libri
671 4139 858 4203 recentiores,
900 4136 1057 4192 Canterns:
1089 4133 1295 4213 praedicenda
1322 4136 1377 4191 BP

232 4227 328 4349 praed
349 4228 428 4326 inda
448 4271 479 4325 M
493 4263 506 4351 Η
522 4269 726 4348 intemperans
744 4272 782 4337 Β,
804 4274 879 4327 inter
900 4274 948 4328 lin.
971 4280 1033 4328 tem
1051 4291 1088 4327 m.
1108 4288 1165 4329 sec.
1187 4264 1200 4350 Η
1224 4276 1253 4330 17
1275 4264 1318 4344 et]
1341 4275 1374 4324 ut

233 4357 294 4412 MP
306 4375 359 4412 om.
378 4358 401 4410 Β
416 4354 429 4432 Η
443 4354 584 4412 inuniilns
597 4353 724 4413 deuotus
740 4356 767 4411 P
779 4349 792 4434 Η
812 4363 841 4413 18
856 4375 982 4431 praeces
994 4354 1023 4412 P'
1032 4349 1104 4434 pecs
1116 4356 1150 4411 M
1160 4348 1174 4434 Η
1193 4364 1224 4415 19
1238 4351 1375 4429 impieta-

233 4436 306 4519 tem]
320 4441 378 4497 iarn
390 4440 533 4517 pictatem
545 4442 571 4496 P
582 4436 593 4521 Η
608 4438 773 4517 paricidam
783 4440 810 4495 P
821 4433 835 4519 Η
850 4448 884 4498 ‘20
898 4439 1047 4519 imperato
1059 4441 1086 4496 P
1098 4434 1111 4519 Η
1126 4445 1221 4497 morte
1232 4434 1331 4493 moitis
1344 4436 1378 4492 M

1117 4539 1169 4597 qr
