3186 4996
686 393 844 436 murana
1269 398 1337 443 xvii

189 541 260 595 uum
276 536 464 595 illumnatio
477 556 505 591 s.
522 540 557 594 85
567 558 594 608 p.
609 542 673 595 Chr.
692 542 744 597 ills
761 544 914 608 scripsisse.
944 546 1047 595 etenim
1066 560 1127 599 eum
1145 547 1219 603 inter
1237 562 1336 599 annuas

191 624 227 676 30
242 628 263 678 i.
282 641 308 675 e.
326 626 418 677 Vinici
436 626 608 679 consulatum
627 632 657 677 et
673 626 703 677 id
720 631 827 693 tempus
846 645 897 692 quo
916 630 1003 681 Ninus
1028 644 1118 681 reram
1135 633 1238 696 potitus
1258 638 1300 683 est
1320 649 1337 683 s

190 709 299 761 Velleio
319 709 387 763 1940
403 710 470 763 anui
489 711 649 763 interfuisse
667 712 807 773 dicautur,
827 712 911 775 Sura,
932 715 978 777 qui
998 714 1078 765 ‘inter
1095 715 1155 765 hoc’
1175 716 1201 766 id
1221 723 1263 767 est
1282 734 1335 783 quo

191 795 304 859 scripsit
320 800 429 860 tempus
454 800 482 844 et
498 795 565 845 Nini
584 802 705 846 aetatem
723 812 810 849 annos
828 795 894 847 1995
917 800 1009 862 ponit,
1034 798 1067 847 55
1085 815 1173 849 anuos
1191 807 1253 866 post
1271 802 1335 852 Vel-

190 876 276 928 leium
292 878 322 939 id
346 884 389 935 est
406 878 440 929 85
462 896 488 945 p.
510 879 572 931 Chr.
592 880 641 933 ilia
664 882 816 947 conposuit
853 881 902 932 sed
926 882 1051 946 quisnam
1070 889 1113 932 est
1136 884 1182 934 ille
1202 885 1335 939 Aemilius

190 960 278 1013 Sum?
307 978 378 1013 unus
396 963 510 1028 Lipsius
528 964 562 1014 de
587 964 719 1015 solvenda
736 965 790 1015 bac
807 966 969 1030 quaestione
988 968 1136 1031 cogitarit,
1163 984 1224 1018 cunr
1243 970 1283 1019 ita
1301 971 1336 1023 ad

189 1046 219 1095 b.
237 1046 258 1098 l.
274 1046 386 1097 scribit:
422 1064 473 1099 non
490 1050 606 1113 repperi.
642 1050 689 1099 hoc
715 1055 822 1107 tantum,
844 1052 870 1099 in
893 1050 971 1100 Plinii
987 1052 1111 1102 iudiciiin
1133 1054 1266 1119 aliquoties
1284 1058 1336 1105 trar-

189 1131 251 1179 dari
266 1132 400 1181 Manilium
417 1133 518 1183 Suram.
554 1135 631 1199 etqui
648 1133 750 1198 legitur
768 1149 839 1183 nunc
852 1134 991 1185 Mamilius
1009 1135 1093 1198 Sura,
1113 1138 1160 1201 qui
1178 1137 1211 1187 de
1230 1139 1335 1189 naturis

189 1214 352 1265 animalium
369 1216 514 1282 scripsisse
531 1218 649 1268 videtur„
677 1219 735 1267 iam
751 1233 818 1269 vero
835 1233 889 1268 uuo
902 1218 976 1281 loco,
995 1221 1043 1271 ubi
1061 1221 1126 1271 libri
1142 1222 1266 1287 plerique
1278 1223 1335 1273 Mu-

188 1301 270 1349 niliur
286 1300 418 1364 produnt,
437 1300 560 1367 Silligius
578 1301 758 1367 inprudenter
775 1303 896 1352 Manilius
912 1306 1049 1368 reposuit,
1074 1304 1270 1371 chronologica
1290 1324 1335 1358 ea-

191 1383 307 1448 demque
325 1384 442 1449 physica
460 1386 602 1437 adnotatio
621 1385 743 1436 eiusdem
762 1402 779 1435 a
796 1386 886 1437 Plinio
904 1388 927 1437 X
946 1389 1008 1452 leq.
1028 1389 1155 1440 refertur:
1185 1396 1281 1455 prinus
1298 1399 1336 1442 ot-

188 1484 237 1534 que
249 1469 437 1533 dilipeattsrine
454 1476 598 1536 topatorraa
614 1472 647 1520 rle
660 1486 690 1521 eo
703 1468 863 1536 (phoenice)
879 1474 997 1536 prodidit
1015 1474 1141 1525 Mamilius
1152 1482 1260 1527 cernor
1269 1475 1335 1537 (uon

188 1554 283 1619 inopte
306 1554 339 1603 L.
362 1555 447 1605 Imma
464 1556 493 1605 in
510 1555 562 1607 boc
587 1554 684 1607 ‘Sura’
707 1570 859 1621 cognomen
884 1555 972 1606 latere
996 1558 1168 1623 suspicatur)
1185 1564 1226 1610 ille
1243 1576 1333 1611 manu-

187 1639 234 1689 ua's
251 1639 341 1690 nobilis
357 1640 483 1690 Meinas
501 1641 608 1691 doctore
625 1642 701 1689 nollo.
732 1640 831 1690 deinde
850 1641 948 1705 paucis
966 1641 1122 1695 interiectis
1140 1645 1173 1694 de
1191 1645 1335 1709 phoenicis

188 1728 302 1774 natura:
326 1741 380 1774 cunr
396 1725 469 1774 Mnus
485 1728 554 1775 antu
571 1726 627 1774 uita
637 1726 721 1789 mapni
737 1727 927 1775 wnneraionene
939 1728 999 1776 anui
1011 1730 1073 1789 fieri
1086 1731 1177 1793 prodit
1194 1731 1259 1779 iden
1274 1730 1332 1779 Ma·

184 1811 281 1867 ,ullium
298 1810 436 1874 ilenrmpue
452 1811 654 1874 npmflcniones
671 1817 846 1874 tempestatum
863 1816 889 1860 et
905 1809 1017 1862 siderum
1034 1815 1136 1869 easdnn
1153 1815 1262 1873 reuerti,
1287 1815 1334 1864 linc

187 1899 270 1943 testera
286 1894 358 1944 circa
373 1895 502 1949 meridient
518 1895 631 1959 incipere
650 1910 698 1960 quo
717 1896 759 1945 die
775 1898 873 1960 speon
890 1899 979 1948 arietis
996 1901 1036 1948 rol
1058 1901 1194 1949 intruserit
1211 1906 1236 1950 et
1252 1900 1333 1962 sanae

186 1977 240 2027 eiua
257 1981 432 2031 casaemarii
449 1995 539 2029 unam
553 1980 682 2045 prodente
699 1995 728 2029 se
747 1980 777 2029 P.
797 1981 897 2031 Licinio
918 1982 961 2031 Cn.
982 1982 1098 2033 Cornelio
1124 1984 1267 2035 uuolton
1285 1985 1331 2033 du-

187 2063 346 2113 centesimus
363 2066 474 2128 punam
491 2065 625 2114 demonum.
649 2064 742 2127 itaque
761 2080 816 2113 non
834 2064 975 2115 dubitabis
992 2082 1098 2117 meeum
1111 2067 1263 2119 Mamilium
1280 2067 1331 2117 Su·

186 2161 246 2196 ram
268 2147 297 2195 in
319 2148 443 2212 margine
468 2147 559 2198 Vellei
582 2163 715 2213 reponere
738 2163 788 2214 pro
810 2148 929 2219 Aemilio
953 2151 1023 2200 Sura
1045 2151 1155 2202 homine
1179 2153 1329 2217 incognito.

185 2230 241 2279 ism
259 2246 323 2281 roro
341 2231 484 2281 Mamilius
505 2231 576 2282 Sura
594 2232 640 2282 ille
660 2247 715 2281 nou
733 2236 795 2296 post
809 2232 945 2284 Velleium
964 2234 1013 2285 sed
1032 2240 1097 2285 auto
1117 2251 1177 2285 eum
1197 2236 1257 2299 ipso
1275 2239 1330 2284 tes·

185 2319 264 2364 unte
287 2331 359 2367 anuo
382 2316 415 2366 14
433 2332 459 2366 a.
479 2315 541 2366 Chr.
559 2314 636 2373 illam
655 2317 879 2382 conputationem
897 2318 1018 2383 scripsit.
1053 2318 1121 2383 quid
1141 2319 1244 2384 igitur?
1272 2334 1329 2368 cor·

184 2400 277 2449 ruitae
295 2405 388 2451 nostra
406 2400 575 2465 disputatio?
610 2401 735 2460 minime,
764 2401 843 2451 modo
862 2401 968 2452 Mamili
987 2402 1073 2451 Surae
1093 2401 1279 2452 testimonium
1301 2403 1329 2451 iu

184 2483 272 2535 verba
293 2487 329 2535 ad
348 2489 468 2550 populun
490 2485 626 2536 Romanum
644 2489 765 2549 peruenit
788 2485 915 2536 desinere
939 2490 1101 2537 statuamus.
1143 2487 1199 2535 iam
1221 2485 1329 2550 reliqua

185 2569 245 2618 eius
263 2584 325 2619 esse
344 2569 473 2634 adparet,
493 2571 540 2635 qui
551 2569 714 2619 Mamiliano
726 2570 834 2620 Velleio
847 2570 1010 2636 asumpsit,
1028 2575 1059 2619 nt
1070 2569 1194 2621 scholion
1207 2570 1243 2619 sit
1257 2583 1328 2619 auno

183 2649 217 2705 ab
234 2668 262 2716 p.
281 2653 345 2704 Chr.
366 2668 383 2702 a
401 2653 519 2719 quodum
537 2654 582 2718 qui
605 2655 830 2719 conputationem
847 2654 1023 2704 Velleianam
1047 2654 1082 2703 ad
1105 2668 1182 2703 suam
1206 2657 1327 2703 asmtem

183 2736 312 2800 produxit
328 2738 358 2787 in
374 2738 501 2803 margine
517 2726 561 2788 sui
580 2737 745 2803 exemplaris
763 2739 934 2789 adnotatum.
969 2741 1010 2789 sic
1036 2739 1118 2789 etium
1136 2737 1222 2786 verba
1241 2737 1328 2787 ‘iuter

185 2820 236 2871 hoe
255 2824 385 2888 tempus,'
404 2822 502 2886 quibus
514 2822 654 2873 Mamilius
666 2822 810 2873 obscurius
822 2826 900 2873 suain
913 2826 1033 2875 aetatem
1045 2820 1244 2885 significasset,
1265 2836 1326 2871 cum

185 2905 282 2956 eodem
299 2907 357 2957 iure
376 2906 412 2957 ad
425 2904 604 2971 Carthaginis
623 2906 757 2957 subactae
776 2914 883 2973 tempus
901 2905 1084 2965 reserrentur,
1102 2904 1161 2955 sine
1179 2904 1244 2955 ullis
1259 2906 1325 2955 arti-

186 2988 255 3040 ficiis
275 2989 414 3056 explicata
431 2996 505 3041 suut.
536 2991 584 3041 sed
597 2990 680 3041 redeo
699 2991 911 3052 sunamidem,
932 2991 1009 3040 cuius
1022 2988 1087 3039 libri
1097 2989 1219 3039 indicem
1238 2989 1326 3041 codex

182 3074 373 3126 Murbacensis
397 3075 515 3141 prodidit
537 3075 625 3125 huuc:
668 3074 715 3125 ‘de
738 3064 821 3125 annis
841 3074 938 3140 populi
959 3072 1096 3124 Romani'.
1138 3088 1218 3138 quern
1242 3072 1324 3123 confi·

184 3158 280 3209 deuter
296 3159 362 3209 olim
379 3159 420 3210 sic
445 3165 587 3211 exaratum
612 3174 672 3208 esee
696 3158 844 3219 contendo,
869 3172 930 3209 curu
954 3157 1063 3221 fannis'
1085 3157 1165 3207 nihili
1188 3159 1239 3207 sit:
1276 3157 1323 3207 ‘de

184 3258 255 3295 anno
273 3242 367 3310 populi
386 3242 515 3295 Romam*
535 3242 585 3307 (ci.
603 3242 703 3293 Suidae
720 3258 742 3292 s,
762 3259 786 3294 r.
802 3232 994 3307 Tpoiyaottoe:
1024 3237 1090 3305 nael
1108 3238 1159 3295 τοῦ
1176 3232 1324 3293 saed‘Pa·

181 3327 284 3394 polone
307 3318 442 3379 incautos]
465 3336 493 3379 et
515 3327 662 3379 Suetonius
685 3342 711 3393 p.
736 3324 797 3388 169,
822 3324 853 3374 ii:
884 3327 1037 3391 principissa
1059 3331 1140 3375 amna
1163 3330 1224 3375 unm
1245 3329 1291 3376 alil
1306 3342 1324 3375 a

182 3413 269 3463 noso
281 3419 375 3477 putant
394 3412 700 3478 sepaparationem
723 3411 765 3460 sic
783 3410 854 3461 enim
873 3410 985 3475 scripsi:
1009 3409 1074 3459 libri
1091 3411 1186 3476 inepte
1204 3410 1323 3474 produnt

177 3500 269 3562 populi
278 3496 404 3563 domni).
424 3498 592 3561 umdemque
605 3495 724 3545 indicem
737 3493 895 3544 Suetonium
907 3499 1007 3545 octavo
1020 3499 1158 3560 pratorum
1167 3492 1239 3543 libro
1252 3492 1321 3543 indi-

181 3578 252 3633 disse
270 3597 325 3631 non
342 3581 554 3648 inprobabiliter
566 3577 818 3645 suspicarivideor.
848 3578 935 3628 habes
953 3578 1040 3641 igitur
1057 3577 1147 3628 hence
1166 3577 1321 3627 adnotatio·

179 3681 241 3717 uem
259 3666 295 3717 od
312 3666 450 3717 Velleium
473 3682 498 3715 a.
516 3664 550 3715 85
567 3681 594 3731 p.
615 3662 678 3714 Chr.
705 3662 858 3729 adscripta:
894 3662 1022 3712 Mamilius
1040 3660 1110 3711 Sura
1131 3663 1163 3712 de
1186 3676 1253 3711 anno
1273 3676 1321 3726 po·

176 3754 232 3815 puli
247 3752 369 3802 Romani:
404 3751 522 3815 ‘Assyrii
535 3748 669 3814 principes
685 3748 791 3797 omnim
805 3747 915 3811 pentina
932 3762 1017 3796 rerum
1031 3748 1111 3810 potiti
1131 3753 1202 3804 erent,
1229 3747 1321 3797 deinde

179 3835 266 3899 Medi,
282 3843 376 3900 portes
392 3835 503 3895 Persae,
528 3833 621 3883 deinde
639 3830 806 3883 Macedones.
842 3832 936 3881 eniam
959 3830 1055 3881 Modra
1076 3831 1179 3896 repibru
1200 3830 1319 3895 Philippo

70 3962 77 3971 ,
179 3925 204 3969 et
222 3920 348 3971 Antiocho
367 3923 411 3987 qui
426 3936 443 3968 a
460 3916 644 3969 Macedonibus
661 3916 765 3965 oriundi
780 3920 856 3965 erant
877 3915 946 3965 moa
967 3918 1042 3965 nullo
1062 3922 1123 3981 poet
1143 3916 1320 3980 Carllapinen

177 4004 306 4055 rabulam
323 4004 430 4055 deuicta
446 4018 539 4053 sumam
556 4002 659 4065 imperii
672 4001 708 4049 ad
722 4001 841 4064 populun
859 3999 994 4051 iiwmnun
1008 3998 1153 4064 pencenlt’.
1188 4000 1256 4050 ister
1272 4000 1321 4049 loc

176 4094 275 4155 tenpus
286 4096 312 4139 et
324 4089 419 4137 tutan
431 4089 499 4154 repis
512 4087 574 4137 Nini
585 4087 766 4151 Assyriorum,
785 4082 829 4151 pu
835 4084 959 4148 princeps
970 4099 1055 4135 rerum
1064 4087 1176 4149 potitus,
1194 4087 1320 4135 internas

177 4180 238 4223 eant
254 4172 481 4224 Maccccch.
511 4169 635 4220 Velleius
646 4170 742 4233 itaque
754 4171 847 4217 noster
860 4184 893 4218 ex
906 4166 977 4218 libro
989 4167 1041 4219 riri
1054 4168 1130 4219 docti
1142 4166 1189 4231 qai
1201 4180 1273 4215 auno
1285 4163 1318 4213 85

176 4257 247 4309 uixit
264 4274 319 4310 non
337 4273 371 4309 ex
390 4253 540 4320 exemplari
557 4253 687 4320 publicae
707 4250 848 4302 cuiusdam
866 4251 1054 4301 bibliothecae
1072 4250 1204 4302 manauit.

241 4341 301 4406 440,
315 4341 346 4392 15
358 4345 471 4406 praeter
481 4354 523 4401 ea,
537 4339 566 4388 iu
578 4338 675 4402 quibas
684 4338 772 4389 tacite
785 4334 833 4396 (ci.
844 4335 906 4387 adu.
920 4332 994 4401 sup.)
1005 4334 1126 4385 Beckeri
1136 4346 1249 4409 operam
1259 4345 1317 4381 cor·

177 4427 248 4489 rexi,
274 4441 307 4476 ex
329 4423 458 4477 Ambrosi
478 4422 664 4473 hexaemeron
680 4422 750 4473 libro
768 4424 877 4485 sumptu
894 4423 958 4469 sant
974 4416 1073 4469 ultima
1085 4414 1236 4471 Isidoriani
1251 4412 1318 4461 libri

183 4506 188 4513 ’
227 4525 347 4561 srsrour
367 4522 431 4557 aar..
1096 4498 1115 4550 b
