<?xml version="1.0" encoding="UTF-8"?>
<!DOCTYPE html PUBLIC "-//W3C//DTD XHTML 1.0 Transitional//EN"
    "http://www.w3.org/TR/xhtml1/DTD/xhtml1-transitional.dtd">
<html xmlns="http://www.w3.org/1999/xhtml" xml:lang="en" lang="en">
 <head>
  <title>
</title>
<meta http-equiv="Content-Type" content="text/html;charset=utf-8" />
  <meta name='ocr-system' content='tesseract 3.04.00' />
  <meta name='ocr-capabilities' content='ocr_page ocr_carea ocr_par ocr_line ocrx_word'/>
</head>
<body>
  <div class='ocr_page' id='page_1' title='image "./csuetonitranqui01ritsgoog_0475.png"; bbox 0 0 3202 4998; ppageno 0'>
   <div class='ocr_carea' id='block_1_1' title="bbox 275 362 1138 464">
    <p class='ocr_par' dir='ltr' id='par_1_1' title="bbox 275 362 1138 464">
     <span class='ocr_line' id='line_1_1' title="bbox 294 362 1131 385; baseline 0.006 -21"><span class='ocrx_word' id='word_1_1' title='bbox 294 365 308 385; x_wconf 32' lang='grc' dir='ltr'>ι</span> <span class='ocrx_word' id='word_1_2' title='bbox 1127 362 1131 369; x_wconf 78' lang='grc'>,</span> 
     </span>
     <span class='ocr_line' id='line_1_2' title="bbox 275 398 1138 464; baseline 0.005 -10"><span class='ocrx_word' id='word_1_3' title='bbox 275 398 337 455; x_wconf 82' lang='grc'><strong>116</strong></span> <span class='ocrx_word' id='word_1_4' title='bbox 670 418 893 464; x_wconf 81' lang='lat' dir='ltr'><strong>Qvarrsruosrs</strong></span> <span class='ocrx_word' id='word_1_5' title='bbox 912 419 1138 460; x_wconf 75' lang='lat' dir='ltr'><strong>svnronrruaa</strong></span> 
     </span>
    </p>
   </div>
   <div class='ocr_carea' id='block_1_2' title="bbox 264 567 1416 1767">
    <p class='ocr_par' dir='ltr' id='par_1_2' title="bbox 274 567 1414 728">
     <span class='ocr_line' id='line_1_3' title="bbox 275 567 1414 647; baseline 0.006 -24"><span class='ocrx_word' id='word_1_6' title='bbox 275 571 409 625; x_wconf 81' lang='lat' dir='ltr'><strong>adluitur.</strong></span> <span class='ocrx_word' id='word_1_7' title='bbox 440 568 479 625; x_wconf 84' lang='lat' dir='ltr'><strong>cl.</strong></span> <span class='ocrx_word' id='word_1_8' title='bbox 498 567 603 644; x_wconf 81' lang='lat' dir='ltr'><strong>fragm.</strong></span> <span class='ocrx_word' id='word_1_9' title='bbox 627 568 707 629; x_wconf 81' lang='lat'>157*.</span> <span class='ocrx_word' id='word_1_10' title='bbox 741 567 861 627; x_wconf 84' lang='lat' dir='ltr'><strong>accedit</strong></span> <span class='ocrx_word' id='word_1_11' title='bbox 876 569 957 647; x_wconf 91' lang='lat' dir='ltr'><strong>quod</strong></span> <span class='ocrx_word' id='word_1_12' title='bbox 978 571 1068 627; x_wconf 87' lang='lat' dir='ltr'><strong>etiarn</strong></span> <span class='ocrx_word' id='word_1_13' title='bbox 1083 572 1114 628; x_wconf 92' lang='lat' dir='ltr'><strong>in</strong></span> <span class='ocrx_word' id='word_1_14' title='bbox 1131 570 1188 628; x_wconf 90' lang='lat' dir='ltr'><strong>hoc</strong></span> <span class='ocrx_word' id='word_1_15' title='bbox 1203 570 1318 630; x_wconf 85' lang='lat' dir='ltr'><strong>scholio</strong></span> <span class='ocrx_word' id='word_1_16' title='bbox 1337 570 1414 630; x_wconf 89' lang='lat' dir='ltr'><strong>Sue·</strong></span> 
     </span>
     <span class='ocr_line' id='line_1_4' title="bbox 274 652 852 728; baseline -0.002 -1"><span class='ocrx_word' id='word_1_17' title='bbox 274 669 338 727; x_wconf 89' lang='lat' dir='ltr'><strong>toni</strong></span> <span class='ocrx_word' id='word_1_18' title='bbox 359 678 389 726; x_wconf 91' lang='lat' dir='ltr'><strong>et</strong></span> <span class='ocrx_word' id='word_1_19' title='bbox 406 667 499 725; x_wconf 91' lang='lat' dir='ltr'><strong>Iunili</strong></span> <span class='ocrx_word' id='word_1_20' title='bbox 514 670 635 726; x_wconf 89' lang='lat' dir='ltr'><strong>nomina</strong></span> <span class='ocrx_word' id='word_1_21' title='bbox 650 658 755 728; x_wconf 79' lang='lat' dir='ltr'><strong>iuncta</strong></span> <span class='ocrx_word' id='word_1_22' title='bbox 769 652 852 728; x_wconf 8' lang='lat' dir='ltr'><strong>beant.</strong></span> 
     </span>
    </p>

    <p class='ocr_par' dir='ltr' id='par_1_3' title="bbox 264 767 1416 1767">
     <span class='ocr_line' id='line_1_5' title="bbox 359 767 1416 852; baseline 0.003 -23"><span class='ocrx_word' id='word_1_23' title='bbox 359 771 418 829; x_wconf 89' lang='lat' dir='ltr'><strong>Pro</strong></span> <span class='ocrx_word' id='word_1_24' title='bbox 440 767 637 828; x_wconf 80' lang='lat' dir='ltr'><strong>fundamento</strong></span> <span class='ocrx_word' id='word_1_25' title='bbox 660 780 762 830; x_wconf 87' lang='lat' dir='ltr'><strong>autern</strong></span> <span class='ocrx_word' id='word_1_26' title='bbox 782 773 872 832; x_wconf 88' lang='lat' dir='ltr'><strong>totius</strong></span> <span class='ocrx_word' id='word_1_27' title='bbox 894 773 1040 832; x_wconf 89' lang='lat' dir='ltr'><strong>naturalis</strong></span> <span class='ocrx_word' id='word_1_28' title='bbox 1061 772 1271 852; x_wconf 80' lang='lat' dir='ltr'>philosophiae</span> <span class='ocrx_word' id='word_1_29' title='bbox 1288 772 1416 832; x_wconf 85' lang='lat' dir='ltr'><strong>Suetoni</strong></span> 
     </span>
     <span class='ocr_line' id='line_1_6' title="bbox 273 870 1415 954; baseline 0.003 -25"><span class='ocrx_word' id='word_1_30' title='bbox 273 870 435 930; x_wconf 79' lang='lat' dir='ltr'><strong>habendae</strong></span> <span class='ocrx_word' id='word_1_31' title='bbox 450 879 520 929; x_wconf 90' lang='lat' dir='ltr'><strong>sunt</strong></span> <span class='ocrx_word' id='word_1_32' title='bbox 535 873 731 930; x_wconf 89' lang='lat' dir='ltr'><strong>macrocosmi</strong></span> <span class='ocrx_word' id='word_1_33' title='bbox 751 882 781 931; x_wconf 89' lang='lat' dir='ltr'><strong>et</strong></span> <span class='ocrx_word' id='word_1_34' title='bbox 798 874 987 932; x_wconf 76' lang='lat' dir='ltr'><strong>microcosmi</strong></span> <span class='ocrx_word' id='word_1_35' title='bbox 1003 876 1159 948; x_wconf 88' lang='lat' dir='ltr'><strong>notiones,</strong></span> <span class='ocrx_word' id='word_1_36' title='bbox 1185 883 1328 954; x_wconf 76' lang='lat' dir='ltr'><strong>receptae</strong></span> <span class='ocrx_word' id='word_1_37' title='bbox 1344 875 1415 933; x_wconf 86' lang='lat' dir='ltr'><strong>illae</strong></span> 
     </span>
     <span class='ocr_line' id='line_1_7' title="bbox 264 955 1415 1055; baseline 0.003 -24"><span class='ocrx_word' id='word_1_38' title='bbox 264 969 314 1031; x_wconf 58' lang='lat' dir='ltr'><strong>&#39;ex</strong></span> <span class='ocrx_word' id='word_1_39' title='bbox 329 974 530 1051; x_wconf 85' lang='lat' dir='ltr'><strong>posteriorum</strong></span> <span class='ocrx_word' id='word_1_40' title='bbox 545 973 806 1052; x_wconf 82' lang='lat' dir='ltr'><strong>Pythagoreorum</strong></span> <span class='ocrx_word' id='word_1_41' title='bbox 823 975 993 1054; x_wconf 79' lang='lat' dir='ltr'><strong>disciplina.</strong></span> <span class='ocrx_word' id='word_1_42' title='bbox 1011 955 1136 1055; x_wconf 82' lang='lat' dir='ltr'><strong>quarum</strong></span> <span class='ocrx_word' id='word_1_43' title='bbox 1154 978 1339 1036; x_wconf 84' lang='lat' dir='ltr'><strong>mentionem</strong></span> <span class='ocrx_word' id='word_1_44' title='bbox 1354 997 1415 1035; x_wconf 90' lang='lat' dir='ltr'><strong>uon</strong></span> 
     </span>
     <span class='ocr_line' id='line_1_8' title="bbox 273 1075 1416 1157; baseline 0.002 -23"><span class='ocrx_word' id='word_1_45' title='bbox 273 1076 371 1135; x_wconf 84' lang='lat' dir='ltr'><strong>solum</strong></span> <span class='ocrx_word' id='word_1_46' title='bbox 390 1078 422 1133; x_wconf 91' lang='lat' dir='ltr'><strong>in</strong></span> <span class='ocrx_word' id='word_1_47' title='bbox 445 1075 529 1133; x_wconf 89' lang='lat' dir='ltr'><strong>initio</strong></span> <span class='ocrx_word' id='word_1_48' title='bbox 551 1077 651 1152; x_wconf 85' lang='lat' dir='ltr'><strong>posuit</strong></span> <span class='ocrx_word' id='word_1_49' title='bbox 673 1077 1121 1153; x_wconf 72' lang='lat' dir='ltr'><strong>fragm-124*,verumetiam</strong></span> <span class='ocrx_word' id='word_1_50' title='bbox 1143 1090 1247 1157; x_wconf 85' lang='lat' dir='ltr'><strong>partes</strong></span> <span class='ocrx_word' id='word_1_51' title='bbox 1261 1078 1366 1137; x_wconf 89' lang='lat' dir='ltr'><strong>mnndi</strong></span> <span class='ocrx_word' id='word_1_52' title='bbox 1386 1089 1416 1137; x_wconf 92' lang='lat' dir='ltr'><strong>et</strong></span> 
     </span>
     <span class='ocr_line' id='line_1_9' title="bbox 274 1177 1415 1261; baseline 0.003 -26"><span class='ocrx_word' id='word_1_53' title='bbox 274 1179 346 1235; x_wconf 89' lang='lat' dir='ltr'><strong>anni</strong></span> <span class='ocrx_word' id='word_1_54' title='bbox 361 1187 499 1257; x_wconf 90' lang='lat' dir='ltr'><strong>tempora</strong></span> <span class='ocrx_word' id='word_1_55' title='bbox 514 1177 623 1235; x_wconf 89' lang='lat' dir='ltr'><strong>endem</strong></span> <span class='ocrx_word' id='word_1_56' title='bbox 639 1178 795 1236; x_wconf 91' lang='lat' dir='ltr'><strong>humorum</strong></span> <span class='ocrx_word' id='word_1_57' title='bbox 812 1178 975 1237; x_wconf 87' lang='lat' dir='ltr'><strong>concordia</strong></span> <span class='ocrx_word' id='word_1_58' title='bbox 993 1180 1139 1239; x_wconf 80' lang='lat' dir='ltr'><strong>contineri</strong></span> <span class='ocrx_word' id='word_1_59' title='bbox 1155 1180 1253 1240; x_wconf 88' lang='lat' dir='ltr'><strong>voluit</strong></span> <span class='ocrx_word' id='word_1_60' title='bbox 1268 1201 1330 1261; x_wconf 87' lang='lat' dir='ltr'><strong>qua</strong></span> <span class='ocrx_word' id='word_1_61' title='bbox 1345 1201 1415 1238; x_wconf 87' lang='lat' dir='ltr'><strong>con·</strong></span> 
     </span>
     <span class='ocr_line' id='line_1_10' title="bbox 274 1275 1416 1362; baseline 0.003 -26"><span class='ocrx_word' id='word_1_62' title='bbox 274 1288 390 1337; x_wconf 90' lang='lat' dir='ltr'><strong>cretum</strong></span> <span class='ocrx_word' id='word_1_63' title='bbox 410 1298 479 1338; x_wconf 87' lang='lat' dir='ltr'><strong>esse</strong></span> <span class='ocrx_word' id='word_1_64' title='bbox 498 1279 650 1338; x_wconf 87' lang='lat' dir='ltr'><strong>hominem</strong></span> <span class='ocrx_word' id='word_1_65' title='bbox 660 1279 805 1357; x_wconf 89' lang='lat' dir='ltr'><strong>putabat;</strong></span> <span class='ocrx_word' id='word_1_66' title='bbox 832 1279 913 1359; x_wconf 90' lang='lat' dir='ltr'><strong>qnod</strong></span> <span class='ocrx_word' id='word_1_67' title='bbox 930 1282 995 1339; x_wconf 90' lang='lat' dir='ltr'><strong>eius</strong></span> <span class='ocrx_word' id='word_1_68' title='bbox 1012 1275 1172 1341; x_wconf 86' lang='lat' dir='ltr'><strong>consilium</strong></span> <span class='ocrx_word' id='word_1_69' title='bbox 1188 1284 1300 1362; x_wconf 87' lang='lat' dir='ltr'><strong>optime</strong></span> <span class='ocrx_word' id='word_1_70' title='bbox 1318 1281 1416 1359; x_wconf 87' lang='lat' dir='ltr'><strong>figura</strong></span> 
     </span>
     <span class='ocr_line' id='line_1_11' title="bbox 273 1379 1414 1459; baseline -0.001 -17"><span class='ocrx_word' id='word_1_71' title='bbox 273 1381 314 1442; x_wconf 77' lang='lat'><strong>2*</strong></span> <span class='ocrx_word' id='word_1_72' title='bbox 335 1379 526 1454; x_wconf 83' lang='lat' dir='ltr'><strong>inlustratur,</strong></span> <span class='ocrx_word' id='word_1_73' title='bbox 555 1401 645 1459; x_wconf 89' lang='lat' dir='ltr'><strong>quam</strong></span> <span class='ocrx_word' id='word_1_74' title='bbox 668 1384 742 1440; x_wconf 89' lang='lat' dir='ltr'><strong>mire</strong></span> <span class='ocrx_word' id='word_1_75' title='bbox 762 1381 898 1441; x_wconf 89' lang='lat' dir='ltr'><strong>Isidorus</strong></span> <span class='ocrx_word' id='word_1_76' title='bbox 917 1382 956 1440; x_wconf 92' lang='lat' dir='ltr'><strong>ad</strong></span> <span class='ocrx_word' id='word_1_77' title='bbox 981 1383 1075 1442; x_wconf 82' lang='lat' dir='ltr'><strong>solam</strong></span> <span class='ocrx_word' id='word_1_78' title='bbox 1095 1385 1335 1442; x_wconf 88' lang='lat' dir='ltr'><strong>communionem</strong></span> <span class='ocrx_word' id='word_1_79' title='bbox 1352 1383 1414 1441; x_wconf 90' lang='lat' dir='ltr'><strong>ele·</strong></span> 
     </span>
     <span class='ocr_line' id='line_1_12' title="bbox 273 1482 1415 1565; baseline 0.002 -24"><span class='ocrx_word' id='word_1_80' title='bbox 273 1492 443 1541; x_wconf 89' lang='lat' dir='ltr'><strong>mentorum</strong></span> <span class='ocrx_word' id='word_1_81' title='bbox 456 1482 670 1560; x_wconf 86' lang='lat' dir='ltr'><strong>explicandam</strong></span> <span class='ocrx_word' id='word_1_82' title='bbox 683 1482 785 1541; x_wconf 85' lang='lat' dir='ltr'><strong>verbis</strong></span> <span class='ocrx_word' id='word_1_83' title='bbox 799 1482 1007 1543; x_wconf 79' lang='lat' dir='ltr'><strong>Ambrosianis</strong></span> <span class='ocrx_word' id='word_1_84' title='bbox 1023 1484 1161 1543; x_wconf 81' lang='lat' dir='ltr'><strong>subiecit</strong></span> <span class='ocrx_word' id='word_1_85' title='bbox 1184 1505 1295 1565; x_wconf 88' lang='lat' dir='ltr'><strong>nempe</strong></span> <span class='ocrx_word' id='word_1_86' title='bbox 1308 1483 1415 1544; x_wconf 91' lang='lat' dir='ltr'><strong>eadem</strong></span> 
     </span>
     <span class='ocr_line' id='line_1_13' title="bbox 274 1573 1415 1666; baseline 0.003 -24"><span class='ocrx_word' id='word_1_87' title='bbox 274 1586 351 1642; x_wconf 90' lang='lat' dir='ltr'><strong>ratio</strong></span> <span class='ocrx_word' id='word_1_88' title='bbox 378 1573 561 1661; x_wconf 84' lang='lat' dir='ltr'><strong>conspicitur</strong></span> <span class='ocrx_word' id='word_1_89' title='bbox 589 1585 619 1642; x_wconf 90' lang='lat' dir='ltr'><strong>in</strong></span> <span class='ocrx_word' id='word_1_90' title='bbox 647 1583 811 1643; x_wconf 86' lang='lat' dir='ltr'><strong>concordia</strong></span> <span class='ocrx_word' id='word_1_91' title='bbox 832 1596 1000 1663; x_wconf 85' lang='lat' dir='ltr'><strong>temporum</strong></span> <span class='ocrx_word' id='word_1_92' title='bbox 1026 1587 1098 1645; x_wconf 88' lang='lat' dir='ltr'><strong>anni</strong></span> <span class='ocrx_word' id='word_1_93' title='bbox 1128 1606 1207 1666; x_wconf 87' lang='lat' dir='ltr'><strong>quae</strong></span> <span class='ocrx_word' id='word_1_94' title='bbox 1229 1607 1249 1646; x_wconf 85' lang='lat' dir='ltr'><strong>a</strong></span> <span class='ocrx_word' id='word_1_95' title='bbox 1271 1587 1415 1648; x_wconf 88' lang='lat' dir='ltr'><strong>Suetonio</strong></span> 
     </span>
     <span class='ocr_line' id='line_1_14' title="bbox 274 1668 1415 1767; baseline 0.003 -24"><span class='ocrx_word' id='word_1_96' title='bbox 274 1686 382 1763; x_wconf 83' lang='lat' dir='ltr'><strong>fragm.</strong></span> <span class='ocrx_word' id='word_1_97' title='bbox 400 1686 472 1747; x_wconf 74' lang='lat' dir='ltr'><strong>rm*</strong></span> <span class='ocrx_word' id='word_1_98' title='bbox 486 1706 514 1764; x_wconf 90' lang='lat' dir='ltr'><strong>p.</strong></span> <span class='ocrx_word' id='word_1_99' title='bbox 534 1693 597 1758; x_wconf 82' lang='grc'><strong>173,</strong></span> <span class='ocrx_word' id='word_1_100' title='bbox 614 1696 702 1766; x_wconf 83' lang='lat' dir='ltr'><strong>3sqq.</strong></span> <span class='ocrx_word' id='word_1_101' title='bbox 720 1686 877 1746; x_wconf 89' lang='lat' dir='ltr'><strong>declarata</strong></span> <span class='ocrx_word' id='word_1_102' title='bbox 891 1697 947 1747; x_wconf 89' lang='lat' dir='ltr'><strong>est.</strong></span> <span class='ocrx_word' id='word_1_103' title='bbox 984 1708 1075 1767; x_wconf 86' lang='lat' dir='ltr'><strong>quarn</strong></span> <span class='ocrx_word' id='word_1_104' title='bbox 1091 1668 1335 1748; x_wconf 81' lang='lat' dir='ltr'><strong>observalionern</strong></span> <span class='ocrx_word' id='word_1_105' title='bbox 1357 1689 1415 1747; x_wconf 85' lang='lat' dir='ltr'><strong>etsi</strong></span> 
     </span>
    </p>
   </div>
   <div class='ocr_carea' id='block_1_3' title="bbox 274 1787 1506 1866">
    <p class='ocr_par' dir='ltr' id='par_1_4' title="bbox 274 1787 1506 1866">
     <span class='ocr_line' id='line_1_15' title="bbox 274 1787 1506 1866; baseline 0.002 -20"><span class='ocrx_word' id='word_1_106' title='bbox 274 1809 333 1847; x_wconf 89' lang='lat' dir='ltr'><strong>non</strong></span> <span class='ocrx_word' id='word_1_107' title='bbox 349 1788 521 1866; x_wconf 83' lang='lat' dir='ltr'><strong>praefracte</strong></span> <span class='ocrx_word' id='word_1_108' title='bbox 538 1792 715 1865; x_wconf 85' lang='lat' dir='ltr'><strong>negaverim</strong></span> <span class='ocrx_word' id='word_1_109' title='bbox 735 1787 773 1847; x_wconf 81' lang='lat' dir='ltr'><strong>ab</strong></span> <span class='ocrx_word' id='word_1_110' title='bbox 794 1789 913 1848; x_wconf 88' lang='lat' dir='ltr'><strong>Isidoro</strong></span> <span class='ocrx_word' id='word_1_111' title='bbox 932 1809 972 1848; x_wconf 86' lang='lat' dir='ltr'><strong>ex</strong></span> <span class='ocrx_word' id='word_1_112' title='bbox 988 1790 1064 1849; x_wconf 91' lang='lat' dir='ltr'><strong>libro</strong></span> <span class='ocrx_word' id='word_1_113' title='bbox 1080 1789 1119 1850; x_wconf 88' lang='lat' dir='ltr'><strong>de</strong></span> <span class='ocrx_word' id='word_1_114' title='bbox 1135 1791 1251 1850; x_wconf 87' lang='lat' dir='ltr'><strong>naturis</strong></span> <span class='ocrx_word' id='word_1_115' title='bbox 1267 1810 1367 1850; x_wconf 87' lang='lat' dir='ltr'><strong>rerum</strong></span> <span class='ocrx_word' id='word_1_116' title='bbox 1383 1792 1416 1849; x_wconf 87' lang='lat' dir='ltr'><strong>in</strong></span> <span class='ocrx_word' id='word_1_117' title='bbox 1496 1846 1506 1863; x_wconf 79' lang='grc'><strong><em>,</em></strong></span> 
     </span>
    </p>
   </div>
   <div class='ocr_carea' id='block_1_4' title="bbox 206 1870 1497 4519">
    <p class='ocr_par' dir='ltr' id='par_1_5' title="bbox 206 1870 1497 2889">
     <span class='ocr_line' id='line_1_16' title="bbox 274 1870 1415 1971; baseline 0.001 -23"><span class='ocrx_word' id='word_1_118' title='bbox 274 1891 355 1949; x_wconf 87' lang='lat' dir='ltr'><strong>hunc</strong></span> <span class='ocrx_word' id='word_1_119' title='bbox 369 1890 469 1950; x_wconf 88' lang='lat' dir='ltr'><strong>locum</strong></span> <span class='ocrx_word' id='word_1_120' title='bbox 484 1890 662 1948; x_wconf 78' lang='lat' dir='ltr'><strong>translatam</strong></span> <span class='ocrx_word' id='word_1_121' title='bbox 678 1910 760 1965; x_wconf 85' lang='lat' dir='ltr'><strong>esse,</strong></span> <span class='ocrx_word' id='word_1_122' title='bbox 784 1899 886 1950; x_wconf 88' lang='lat' dir='ltr'><strong>tamen</strong></span> <span class='ocrx_word' id='word_1_123' title='bbox 902 1892 995 1950; x_wconf 87' lang='lat' dir='ltr'><strong>malui</strong></span> <span class='ocrx_word' id='word_1_124' title='bbox 1010 1870 1180 1969; x_wconf 75' lang='lat' dir='ltr'><strong>argumenti</strong></span> <span class='ocrx_word' id='word_1_125' title='bbox 1194 1893 1247 1951; x_wconf 85' lang='lat' dir='ltr'><strong>lils</strong></span> <span class='ocrx_word' id='word_1_126' title='bbox 1261 1891 1343 1971; x_wconf 90' lang='lat' dir='ltr'><strong>apud</strong></span> <span class='ocrx_word' id='word_1_127' title='bbox 1359 1893 1415 1950; x_wconf 87' lang='lat' dir='ltr'><strong>lsi-</strong></span> 
     </span>
     <span class='ocr_line' id='line_1_17' title="bbox 274 1990 1414 2073; baseline 0.002 -23"><span class='ocrx_word' id='word_1_128' title='bbox 274 1991 378 2051; x_wconf 85' lang='lat' dir='ltr'><strong>dorum</strong></span> <span class='ocrx_word' id='word_1_129' title='bbox 391 2000 513 2052; x_wconf 87' lang='lat' dir='ltr'><strong>secutus</strong></span> <span class='ocrx_word' id='word_1_130' title='bbox 522 1990 599 2050; x_wconf 88' lang='lat' dir='ltr'><strong>libro</strong></span> <span class='ocrx_word' id='word_1_131' title='bbox 609 1992 647 2050; x_wconf 91' lang='lat' dir='ltr'><strong>de</strong></span> <span class='ocrx_word' id='word_1_132' title='bbox 659 1993 953 2052; x_wconf 86' lang='lat' dir='ltr'><strong>annoRomanorum</strong></span> <span class='ocrx_word' id='word_1_133' title='bbox 966 1992 997 2051; x_wconf 92' lang='lat' dir='ltr'><strong>id</strong></span> <span class='ocrx_word' id='word_1_134' title='bbox 1010 2003 1218 2073; x_wconf 89' lang='lat' dir='ltr'><strong>estpratorum</strong></span> <span class='ocrx_word' id='word_1_135' title='bbox 1229 2003 1414 2053; x_wconf 84' lang='lat' dir='ltr'><strong>octavoeam</strong></span> 
     </span>
     <span class='ocr_line' id='line_1_18' title="bbox 273 2094 1414 2173; baseline 0 -20"><span class='ocrx_word' id='word_1_136' title='bbox 273 2094 441 2154; x_wconf 84' lang='lat' dir='ltr'><strong>vindicare.</strong></span> <span class='ocrx_word' id='word_1_137' title='bbox 475 2102 590 2153; x_wconf 88' lang='lat' dir='ltr'><strong>eertum</strong></span> <span class='ocrx_word' id='word_1_138' title='bbox 603 2103 703 2153; x_wconf 87' lang='lat' dir='ltr'><strong>autem</strong></span> <span class='ocrx_word' id='word_1_139' title='bbox 720 2104 793 2172; x_wconf 85' lang='lat' dir='ltr'><strong>puto</strong></span> <span class='ocrx_word' id='word_1_140' title='bbox 809 2094 991 2173; x_wconf 86' lang='lat' dir='ltr'><strong>repetivisse</strong></span> <span class='ocrx_word' id='word_1_141' title='bbox 1008 2115 1075 2154; x_wconf 88' lang='lat' dir='ltr'><strong>eam</strong></span> <span class='ocrx_word' id='word_1_142' title='bbox 1090 2094 1269 2155; x_wconf 86' lang='lat' dir='ltr'><strong>Suetonium</strong></span> <span class='ocrx_word' id='word_1_143' title='bbox 1286 2098 1317 2155; x_wconf 90' lang='lat' dir='ltr'><strong>in</strong></span> <span class='ocrx_word' id='word_1_144' title='bbox 1337 2096 1414 2155; x_wconf 87' lang='lat' dir='ltr'><strong>libro</strong></span> 
     </span>
     <span class='ocr_line' id='line_1_19' title="bbox 274 2195 1414 2276; baseline 0 -21"><span class='ocrx_word' id='word_1_145' title='bbox 274 2196 312 2257; x_wconf 83' lang='lat' dir='ltr'><strong>de</strong></span> <span class='ocrx_word' id='word_1_146' title='bbox 328 2197 444 2257; x_wconf 85' lang='lat' dir='ltr'><strong>naturis</strong></span> <span class='ocrx_word' id='word_1_147' title='bbox 459 2215 573 2269; x_wconf 87' lang='lat' dir='ltr'><strong>rerum,</strong></span> <span class='ocrx_word' id='word_1_148' title='bbox 590 2196 675 2255; x_wconf 87' lang='lat' dir='ltr'><strong>cuius</strong></span> <span class='ocrx_word' id='word_1_149' title='bbox 691 2195 1095 2276; x_wconf 85' lang='lat' dir='ltr'><strong>disputationisparticulam</strong></span> <span class='ocrx_word' id='word_1_150' title='bbox 1111 2217 1149 2256; x_wconf 87' lang='lat' dir='ltr'><strong>ex</strong></span> <span class='ocrx_word' id='word_1_151' title='bbox 1164 2197 1271 2257; x_wconf 85' lang='lat' dir='ltr'><strong>tabula</strong></span> <span class='ocrx_word' id='word_1_152' title='bbox 1281 2197 1336 2256; x_wconf 88' lang='lat' dir='ltr'><strong>illa</strong></span> <span class='ocrx_word' id='word_1_153' title='bbox 1347 2218 1414 2276; x_wconf 90' lang='lat' dir='ltr'><strong>pos·</strong></span> 
     </span>
     <span class='ocr_line' id='line_1_20' title="bbox 273 2296 1414 2378; baseline -0.003 -19"><span class='ocrx_word' id='word_1_154' title='bbox 273 2319 374 2360; x_wconf 86' lang='lat' dir='ltr'><strong>sumus</strong></span> <span class='ocrx_word' id='word_1_155' title='bbox 389 2318 581 2377; x_wconf 86' lang='lat' dir='ltr'><strong>recuperare.</strong></span> <span class='ocrx_word' id='word_1_156' title='bbox 615 2299 680 2357; x_wconf 87' lang='lat' dir='ltr'><strong>eius</strong></span> <span class='ocrx_word' id='word_1_157' title='bbox 701 2296 850 2357; x_wconf 88' lang='lat' dir='ltr'><strong>beneficio</strong></span> <span class='ocrx_word' id='word_1_158' title='bbox 870 2297 945 2357; x_wconf 91' lang='lat' dir='ltr'><strong>illud</strong></span> <span class='ocrx_word' id='word_1_159' title='bbox 960 2318 1081 2378; x_wconf 90' lang='lat' dir='ltr'><strong>quoque</strong></span> <span class='ocrx_word' id='word_1_160' title='bbox 1105 2300 1250 2360; x_wconf 88' lang='lat' dir='ltr'><strong>discimus</strong></span> <span class='ocrx_word' id='word_1_161' title='bbox 1269 2298 1414 2371; x_wconf 76' lang='lat' dir='ltr'><strong>Suetonio</strong></span> 
     </span>
     <span class='ocr_line' id='line_1_21' title="bbox 273 2400 1415 2480; baseline -0.002 -19"><span class='ocrx_word' id='word_1_162' title='bbox 273 2411 394 2480; x_wconf 87' lang='lat' dir='ltr'><strong>praeter</strong></span> <span class='ocrx_word' id='word_1_163' title='bbox 410 2401 494 2459; x_wconf 89' lang='lat' dir='ltr'><strong>illam</strong></span> <span class='ocrx_word' id='word_1_164' title='bbox 515 2400 730 2460; x_wconf 88' lang='lat' dir='ltr'><strong>elementorum</strong></span> <span class='ocrx_word' id='word_1_165' title='bbox 748 2401 1003 2474; x_wconf 88' lang='lat' dir='ltr'><strong>communionem,</strong></span> <span class='ocrx_word' id='word_1_166' title='bbox 1028 2420 1119 2479; x_wconf 88' lang='lat' dir='ltr'><strong>quarn</strong></span> <span class='ocrx_word' id='word_1_167' title='bbox 1138 2402 1246 2479; x_wconf 84' lang='lat' dir='ltr'><strong>fragm.</strong></span> <span class='ocrx_word' id='word_1_168' title='bbox 1265 2401 1343 2464; x_wconf 74' lang='grc'>116*</span> <span class='ocrx_word' id='word_1_169' title='bbox 1359 2400 1415 2460; x_wconf 91' lang='lat' dir='ltr'><strong>de·</strong></span> 
     </span>
     <span class='ocr_line' id='line_1_22' title="bbox 206 2486 1497 2581; baseline -0.005 -18"><span class='ocrx_word' id='word_1_170' title='bbox 206 2486 214 2502; x_wconf 60' lang='lat'>⁸</span> <span class='ocrx_word' id='word_1_171' title='bbox 273 2503 394 2581; x_wconf 85' lang='lat' dir='ltr'><strong>scribit,</strong></span> <span class='ocrx_word' id='word_1_172' title='bbox 412 2503 502 2562; x_wconf 87' lang='lat' dir='ltr'><strong>aliam</strong></span> <span class='ocrx_word' id='word_1_173' title='bbox 515 2522 644 2581; x_wconf 86' lang='lat' dir='ltr'><strong>eamque</strong></span> <span class='ocrx_word' id='word_1_174' title='bbox 656 2502 881 2561; x_wconf 86' lang='lat' dir='ltr'><strong>usitatissimam</strong></span> <span class='ocrx_word' id='word_1_175' title='bbox 897 2520 999 2560; x_wconf 88' lang='lat' dir='ltr'><strong>eornm</strong></span> <span class='ocrx_word' id='word_1_176' title='bbox 1012 2504 1247 2580; x_wconf 79' lang='lat' dir='ltr'><strong>conligationem</strong></span> <span class='ocrx_word' id='word_1_177' title='bbox 1260 2502 1415 2581; x_wconf 86' lang='lat' dir='ltr'><strong>placuisse</strong></span> <span class='ocrx_word' id='word_1_178' title='bbox 1494 2552 1497 2556; x_wconf 88' lang='lat'><em>.</em></span> 
     </span>
     <span class='ocr_line' id='line_1_23' title="bbox 272 2603 1415 2685; baseline -0.001 -21"><span class='ocrx_word' id='word_1_179' title='bbox 272 2625 362 2685; x_wconf 88' lang='lat' dir='ltr'><strong>quarn</strong></span> <span class='ocrx_word' id='word_1_180' title='bbox 379 2625 445 2663; x_wconf 86' lang='lat' dir='ltr'><strong>curn</strong></span> <span class='ocrx_word' id='word_1_181' title='bbox 466 2604 504 2662; x_wconf 89' lang='lat' dir='ltr'><strong>ab</strong></span> <span class='ocrx_word' id='word_1_182' title='bbox 519 2604 680 2664; x_wconf 84' lang='lat' dir='ltr'><strong>Ambrosio</strong></span> <span class='ocrx_word' id='word_1_183' title='bbox 694 2623 816 2683; x_wconf 89' lang='lat' dir='ltr'><strong>quoque</strong></span> <span class='ocrx_word' id='word_1_184' title='bbox 831 2605 946 2681; x_wconf 80' lang='lat' dir='ltr'><strong>exponi</strong></span> <span class='ocrx_word' id='word_1_185' title='bbox 957 2603 1162 2664; x_wconf 80' lang='lat' dir='ltr'><strong>intellexisset</strong></span> <span class='ocrx_word' id='word_1_186' title='bbox 1176 2603 1311 2665; x_wconf 87' lang='lat' dir='ltr'><strong>Isidorus</strong></span> <span class='ocrx_word' id='word_1_187' title='bbox 1325 2606 1415 2663; x_wconf 88' lang='lat' dir='ltr'><strong>huius</strong></span> 
     </span>
     <span class='ocr_line' id='line_1_24' title="bbox 274 2704 1414 2786; baseline -0.001 -22"><span class='ocrx_word' id='word_1_188' title='bbox 274 2707 375 2766; x_wconf 85' lang='lat' dir='ltr'><strong>verbis</strong></span> <span class='ocrx_word' id='word_1_189' title='bbox 391 2707 507 2766; x_wconf 85' lang='lat' dir='ltr'><strong>referre</strong></span> <span class='ocrx_word' id='word_1_190' title='bbox 522 2705 638 2764; x_wconf 90' lang='lat' dir='ltr'><strong>maluit.</strong></span> <span class='ocrx_word' id='word_1_191' title='bbox 669 2705 717 2765; x_wconf 87' lang='lat' dir='ltr'><strong>his</strong></span> <span class='ocrx_word' id='word_1_192' title='bbox 736 2704 867 2764; x_wconf 77' lang='lat' dir='ltr'><strong>conferri</strong></span> <span class='ocrx_word' id='word_1_193' title='bbox 889 2714 993 2784; x_wconf 89' lang='lat' dir='ltr'><strong>potest</strong></span> <span class='ocrx_word' id='word_1_194' title='bbox 1015 2706 1122 2782; x_wconf 86' lang='lat' dir='ltr'><strong>fragm.</strong></span> <span class='ocrx_word' id='word_1_195' title='bbox 1143 2706 1230 2779; x_wconf 65' lang='lat'><strong>145³,</strong></span> <span class='ocrx_word' id='word_1_196' title='bbox 1247 2727 1307 2786; x_wconf 90' lang='lat' dir='ltr'><strong>quo</strong></span> <span class='ocrx_word' id='word_1_197' title='bbox 1327 2714 1414 2786; x_wconf 58' lang='lat' dir='ltr'><strong>qrat-</strong></span> 
     </span>
     <span class='ocr_line' id='line_1_25' title="bbox 273 2806 1184 2889; baseline -0.001 -23"><span class='ocrx_word' id='word_1_198' title='bbox 273 2818 342 2867; x_wconf 89' lang='lat' dir='ltr'><strong>tuor</strong></span> <span class='ocrx_word' id='word_1_199' title='bbox 358 2829 446 2868; x_wconf 85' lang='lat' dir='ltr'><strong>arcus</strong></span> <span class='ocrx_word' id='word_1_200' title='bbox 467 2809 583 2867; x_wconf 85' lang='lat' dir='ltr'><strong>colores</strong></span> <span class='ocrx_word' id='word_1_201' title='bbox 601 2817 745 2889; x_wconf 86' lang='lat' dir='ltr'><strong>quattuor</strong></span> <span class='ocrx_word' id='word_1_202' title='bbox 760 2806 919 2866; x_wconf 87' lang='lat' dir='ltr'><strong>elementis</strong></span> <span class='ocrx_word' id='word_1_203' title='bbox 937 2806 1018 2866; x_wconf 85' lang='lat' dir='ltr'><strong>effici</strong></span> <span class='ocrx_word' id='word_1_204' title='bbox 1037 2806 1184 2866; x_wconf 88' lang='lat' dir='ltr'><strong>dicuntur.</strong></span> 
     </span>
    </p>

    <p class='ocr_par' dir='ltr' id='par_1_6' title="bbox 271 2890 1492 4093">
     <span class='ocr_line' id='line_1_26' title="bbox 358 2890 1450 2995; baseline -0.001 -26"><span class='ocrx_word' id='word_1_205' title='bbox 358 2912 394 2969; x_wconf 91' lang='lat' dir='ltr'><strong>In</strong></span> <span class='ocrx_word' id='word_1_206' title='bbox 417 2910 527 2991; x_wconf 87' lang='lat' dir='ltr'><strong>quibus</strong></span> <span class='ocrx_word' id='word_1_207' title='bbox 548 2909 686 2969; x_wconf 89' lang='lat' dir='ltr'><strong>omnibus</strong></span> <span class='ocrx_word' id='word_1_208' title='bbox 708 2908 839 2969; x_wconf 87' lang='lat' dir='ltr'><strong>eandem</strong></span> <span class='ocrx_word' id='word_1_209' title='bbox 860 2909 1097 2995; x_wconf 87' lang='lat' dir='ltr'><strong>philosophandi</strong></span> <span class='ocrx_word' id='word_1_210' title='bbox 1119 2911 1200 2969; x_wconf 86' lang='lat' dir='ltr'><strong>viarn</strong></span> <span class='ocrx_word' id='word_1_211' title='bbox 1216 2918 1247 2969; x_wconf 88' lang='lat' dir='ltr'><strong>et</strong></span> <span class='ocrx_word' id='word_1_212' title='bbox 1268 2910 1416 2969; x_wconf 83' lang='lat' dir='ltr'><strong>rationem</strong></span> <span class='ocrx_word' id='word_1_213' title='bbox 1448 2890 1450 2893; x_wconf 24' lang='lat'><strong><em>¹</em></strong></span> 
     </span>
     <span class='ocr_line' id='line_1_27' title="bbox 273 3009 1416 3090; baseline -0.003 -19"><span class='ocrx_word' id='word_1_214' title='bbox 273 3015 464 3090; x_wconf 78' lang='lat' dir='ltr'><strong>agnoscimus</strong></span> <span class='ocrx_word' id='word_1_215' title='bbox 476 3012 561 3072; x_wconf 84' lang='lat' dir='ltr'><strong>euius</strong></span> <span class='ocrx_word' id='word_1_216' title='bbox 573 3013 734 3089; x_wconf 82' lang='lat' dir='ltr'><strong>imaginem</strong></span> <span class='ocrx_word' id='word_1_217' title='bbox 746 3030 838 3090; x_wconf 90' lang='lat' dir='ltr'><strong>supra</strong></span> <span class='ocrx_word' id='word_1_218' title='bbox 853 3032 882 3090; x_wconf 90' lang='lat' dir='ltr'><strong>p.</strong></span> <span class='ocrx_word' id='word_1_219' title='bbox 898 3018 947 3073; x_wconf 75' lang='lat'><strong>407</strong></span> <span class='ocrx_word' id='word_1_220' title='bbox 956 3032 1002 3090; x_wconf 82' lang='lat' dir='ltr'><strong>sq.</strong></span> <span class='ocrx_word' id='word_1_221' title='bbox 1016 3009 1273 3085; x_wconf 82' lang='lat' dir='ltr'><strong>adumbravimus,</strong></span> <span class='ocrx_word' id='word_1_222' title='bbox 1284 3020 1319 3070; x_wconf 88' lang='lat' dir='ltr'><strong>ut</strong></span> <span class='ocrx_word' id='word_1_223' title='bbox 1330 3010 1416 3070; x_wconf 91' lang='lat' dir='ltr'><strong>nobis</strong></span> 
     </span>
     <span class='ocr_line' id='line_1_28' title="bbox 273 3112 1492 3193; baseline -0.001 -21"><span class='ocrx_word' id='word_1_224' title='bbox 273 3113 501 3173; x_wconf 89' lang='lat' dir='ltr'><strong>concedendum</strong></span> <span class='ocrx_word' id='word_1_225' title='bbox 514 3115 553 3172; x_wconf 90' lang='lat' dir='ltr'><strong>sit</strong></span> <span class='ocrx_word' id='word_1_226' title='bbox 565 3114 655 3173; x_wconf 87' lang='lat' dir='ltr'><strong>etiarn</strong></span> <span class='ocrx_word' id='word_1_227' title='bbox 665 3113 878 3193; x_wconf 83' lang='lat' dir='ltr'><strong>Tranquillum</strong></span> <span class='ocrx_word' id='word_1_228' title='bbox 886 3114 916 3172; x_wconf 89' lang='lat' dir='ltr'><strong>in</strong></span> <span class='ocrx_word' id='word_1_229' title='bbox 928 3132 1194 3172; x_wconf 82' lang='lat' dir='ltr'><strong>eorumnumerum</strong></span> <span class='ocrx_word' id='word_1_230' title='bbox 1206 3112 1416 3192; x_wconf 88' lang='lat' dir='ltr'><strong>recipiendum</strong></span> <span class='ocrx_word' id='word_1_231' title='bbox 1468 3174 1492 3187; x_wconf 87' lang='lat'><strong>..</strong></span> 
     </span>
     <span class='ocr_line' id='line_1_29' title="bbox 273 3213 1416 3296; baseline -0.003 -20"><span class='ocrx_word' id='word_1_232' title='bbox 273 3237 340 3276; x_wconf 89' lang='lat' dir='ltr'><strong>esse</strong></span> <span class='ocrx_word' id='word_1_233' title='bbox 353 3236 428 3296; x_wconf 92' lang='lat' dir='ltr'><strong>qnos</strong></span> <span class='ocrx_word' id='word_1_234' title='bbox 443 3214 557 3275; x_wconf 89' lang='lat' dir='ltr'><strong>ibidem</strong></span> <span class='ocrx_word' id='word_1_235' title='bbox 571 3224 740 3276; x_wconf 86' lang='lat' dir='ltr'><strong>sectatores</strong></span> <span class='ocrx_word' id='word_1_236' title='bbox 756 3213 932 3275; x_wconf 84' lang='lat' dir='ltr'><strong>Sextiornm</strong></span> <span class='ocrx_word' id='word_1_237' title='bbox 948 3216 1196 3295; x_wconf 85' lang='lat' dir='ltr'><strong>nuncupavimus.</strong></span> <span class='ocrx_word' id='word_1_238' title='bbox 1234 3234 1360 3295; x_wconf 86' lang='lat' dir='ltr'><strong>quornm</strong></span> <span class='ocrx_word' id='word_1_239' title='bbox 1378 3214 1416 3273; x_wconf 90' lang='lat' dir='ltr'><strong>dc</strong></span> 
     </span>
     <span class='ocr_line' id='line_1_30' title="bbox 274 3315 1416 3397; baseline -0.005 -18"><span class='ocrx_word' id='word_1_240' title='bbox 274 3319 382 3379; x_wconf 88' lang='lat' dir='ltr'><strong>studiis</strong></span> <span class='ocrx_word' id='word_1_241' title='bbox 400 3318 568 3397; x_wconf 85' lang='lat' dir='ltr'><strong>disputavit</strong></span> <span class='ocrx_word' id='word_1_242' title='bbox 582 3315 620 3377; x_wconf 89' lang='lat' dir='ltr'><strong>O.</strong></span> <span class='ocrx_word' id='word_1_243' title='bbox 634 3318 760 3377; x_wconf 87' lang='lat' dir='ltr'><strong>Iahnius</strong></span> <span class='ocrx_word' id='word_1_244' title='bbox 774 3318 918 3377; x_wconf 87' lang='lat' dir='ltr'><strong>Berichte</strong></span> <span class='ocrx_word' id='word_1_245' title='bbox 937 3315 966 3374; x_wconf 90' lang='lat' dir='ltr'><strong>d.</strong></span> <span class='ocrx_word' id='word_1_246' title='bbox 983 3318 1081 3376; x_wconf 77' lang='lat' dir='ltr'><strong>sitchs.</strong></span> <span class='ocrx_word' id='word_1_247' title='bbox 1097 3317 1169 3377; x_wconf 86' lang='lat' dir='ltr'><strong>Ges.</strong></span> <span class='ocrx_word' id='word_1_248' title='bbox 1192 3317 1220 3376; x_wconf 87' lang='lat' dir='ltr'><strong>d.</strong></span> <span class='ocrx_word' id='word_1_249' title='bbox 1238 3319 1287 3377; x_wconf 86' lang='lat' dir='ltr'><strong>W.</strong></span> <span class='ocrx_word' id='word_1_250' title='bbox 1308 3328 1374 3380; x_wconf 76' lang='lat' dir='ltr'><strong>reeb</strong></span> <span class='ocrx_word' id='word_1_251' title='bbox 1387 3337 1416 3395; x_wconf 88' lang='lat' dir='ltr'><strong>p.</strong></span> 
     </span>
     <span class='ocr_line' id='line_1_31' title="bbox 271 3418 1417 3500; baseline -0.005 -17"><span class='ocrx_word' id='word_1_252' title='bbox 271 3430 373 3500; x_wconf 65' lang='lat' dir='ltr'><strong>bwsq.</strong></span> <span class='ocrx_word' id='word_1_253' title='bbox 385 3430 548 3499; x_wconf 84' lang='lat' dir='ltr'><strong>praeterea</strong></span> <span class='ocrx_word' id='word_1_254' title='bbox 564 3420 710 3482; x_wconf 89' lang='lat' dir='ltr'><strong>Varronis</strong></span> <span class='ocrx_word' id='word_1_255' title='bbox 724 3429 755 3479; x_wconf 92' lang='lat' dir='ltr'><strong>et</strong></span> <span class='ocrx_word' id='word_1_256' title='bbox 776 3420 883 3497; x_wconf 85' lang='lat' dir='ltr'><strong>Nigidi</strong></span> <span class='ocrx_word' id='word_1_257' title='bbox 904 3418 1073 3479; x_wconf 84' lang='lat' dir='ltr'><strong>doctrinam</strong></span> <span class='ocrx_word' id='word_1_258' title='bbox 1094 3421 1182 3500; x_wconf 82' lang='lat' dir='ltr'><strong>sequi</strong></span> <span class='ocrx_word' id='word_1_259' title='bbox 1200 3419 1417 3500; x_wconf 84' lang='lat' dir='ltr'><strong>Tranquillum</strong></span> 
     </span>
     <span class='ocr_line' id='line_1_32' title="bbox 272 3519 1417 3603; baseline -0.004 -20"><span class='ocrx_word' id='word_1_260' title='bbox 272 3544 364 3603; x_wconf 89' lang='lat' dir='ltr'><strong>supra</strong></span> <span class='ocrx_word' id='word_1_261' title='bbox 377 3525 576 3601; x_wconf 84' lang='lat' dir='ltr'><strong>cognovimns</strong></span> <span class='ocrx_word' id='word_1_262' title='bbox 592 3521 647 3582; x_wconf 85' lang='lat' dir='ltr'><strong>sed</strong></span> <span class='ocrx_word' id='word_1_263' title='bbox 661 3523 704 3580; x_wconf 86' lang='lat' dir='ltr'><strong>ita</strong></span> <span class='ocrx_word' id='word_1_264' title='bbox 718 3532 820 3581; x_wconf 88' lang='lat' dir='ltr'><strong>tamen</strong></span> <span class='ocrx_word' id='word_1_265' title='bbox 832 3531 865 3580; x_wconf 88' lang='lat' dir='ltr'><strong>nt</strong></span> <span class='ocrx_word' id='word_1_266' title='bbox 879 3521 962 3580; x_wconf 86' lang='lat' dir='ltr'><strong>illius</strong></span> <span class='ocrx_word' id='word_1_267' title='bbox 977 3522 1189 3581; x_wconf 82' lang='lat' dir='ltr'><strong>anctoritatem</strong></span> <span class='ocrx_word' id='word_1_268' title='bbox 1203 3519 1417 3600; x_wconf 85' lang='lat' dir='ltr'><strong>quodquidam</strong></span> 
     </span>
     <span class='ocr_line' id='line_1_33' title="bbox 275 3612 1414 3705; baseline -0.004 -20"><span class='ocrx_word' id='word_1_269' title='bbox 275 3645 335 3687; x_wconf 91' lang='lat' dir='ltr'><strong>uno</strong></span> <span class='ocrx_word' id='word_1_270' title='bbox 348 3626 455 3705; x_wconf 87' lang='lat' dir='ltr'><strong>locop.</strong></span> <span class='ocrx_word' id='word_1_271' title='bbox 470 3627 542 3688; x_wconf 77' lang='lat' dir='ltr'><strong>rel*</strong></span> <span class='ocrx_word' id='word_1_272' title='bbox 562 3625 674 3683; x_wconf 87' lang='lat' dir='ltr'><strong>factum</strong></span> <span class='ocrx_word' id='word_1_273' title='bbox 687 3644 755 3686; x_wconf 86' lang='lat' dir='ltr'><strong>esse</strong></span> <span class='ocrx_word' id='word_1_274' title='bbox 772 3623 902 3683; x_wconf 84' lang='lat' dir='ltr'><strong>vidimus</strong></span> <span class='ocrx_word' id='word_1_275' title='bbox 914 3623 1095 3701; x_wconf 82' lang='lat' dir='ltr'><strong>praeferret.</strong></span> <span class='ocrx_word' id='word_1_276' title='bbox 1118 3621 1157 3682; x_wconf 87' lang='lat' dir='ltr'><strong>ab</strong></span> <span class='ocrx_word' id='word_1_277' title='bbox 1169 3612 1328 3682; x_wconf 79' lang='lat' dir='ltr'><strong>bisantem</strong></span> <span class='ocrx_word' id='word_1_278' title='bbox 1340 3642 1414 3701; x_wconf 84' lang='lat' dir='ltr'><strong>quo-</strong></span> 
     </span>
     <span class='ocr_line' id='line_1_34' title="bbox 273 3723 1417 3805; baseline -0.003 -18"><span class='ocrx_word' id='word_1_279' title='bbox 273 3729 341 3789; x_wconf 89' lang='lat' dir='ltr'><strong>dam</strong></span> <span class='ocrx_word' id='word_1_280' title='bbox 354 3728 621 3789; x_wconf 81' lang='lat' dir='ltr'><strong>modoSoxtiorum</strong></span> <span class='ocrx_word' id='word_1_281' title='bbox 634 3726 800 3805; x_wconf 87' lang='lat' dir='ltr'><strong>disciplina</strong></span> <span class='ocrx_word' id='word_1_282' title='bbox 811 3726 977 3804; x_wconf 85' lang='lat' dir='ltr'><strong>anticipata</strong></span> <span class='ocrx_word' id='word_1_283' title='bbox 990 3734 1071 3799; x_wconf 86' lang='lat' dir='ltr'><strong>erat,</strong></span> <span class='ocrx_word' id='word_1_284' title='bbox 1082 3726 1135 3805; x_wconf 90' lang='lat' dir='ltr'><strong>qui</strong></span> <span class='ocrx_word' id='word_1_285' title='bbox 1148 3734 1250 3785; x_wconf 87' lang='lat' dir='ltr'><strong>tamen</strong></span> <span class='ocrx_word' id='word_1_286' title='bbox 1262 3745 1299 3784; x_wconf 91' lang='lat' dir='ltr'><strong>eo</strong></span> <span class='ocrx_word' id='word_1_287' title='bbox 1308 3723 1417 3784; x_wconf 88' lang='lat' dir='ltr'><strong>abillis</strong></span> 
     </span>
     <span class='ocr_line' id='line_1_35' title="bbox 273 3826 1416 3909; baseline -0.005 -20"><span class='ocrx_word' id='word_1_288' title='bbox 273 3829 423 3889; x_wconf 85' lang='lat' dir='ltr'><strong>dissident</strong></span> <span class='ocrx_word' id='word_1_289' title='bbox 435 3828 516 3909; x_wconf 84' lang='lat' dir='ltr'><strong>quod</strong></span> <span class='ocrx_word' id='word_1_290' title='bbox 531 3828 667 3908; x_wconf 83' lang='lat' dir='ltr'><strong>physicis</strong></span> <span class='ocrx_word' id='word_1_291' title='bbox 679 3828 850 3907; x_wconf 87' lang='lat' dir='ltr'><strong>disciplinis</strong></span> <span class='ocrx_word' id='word_1_292' title='bbox 861 3826 997 3886; x_wconf 87' lang='lat' dir='ltr'><strong>colendis</strong></span> <span class='ocrx_word' id='word_1_293' title='bbox 1012 3827 1044 3885; x_wconf 90' lang='lat' dir='ltr'><strong>id</strong></span> <span class='ocrx_word' id='word_1_294' title='bbox 1056 3836 1184 3903; x_wconf 85' lang='lat' dir='ltr'><strong>agerent</strong></span> <span class='ocrx_word' id='word_1_295' title='bbox 1195 3836 1229 3885; x_wconf 94' lang='lat' dir='ltr'><strong>ut</strong></span> <span class='ocrx_word' id='word_1_296' title='bbox 1245 3829 1338 3886; x_wconf 87' lang='lat' dir='ltr'><strong>vitam</strong></span> <span class='ocrx_word' id='word_1_297' title='bbox 1355 3826 1416 3884; x_wconf 89' lang='lat' dir='ltr'><strong>Ro·</strong></span> 
     </span>
     <span class='ocr_line' id='line_1_36' title="bbox 273 3927 1417 4008; baseline -0.004 -17"><span class='ocrx_word' id='word_1_298' title='bbox 273 3953 428 3991; x_wconf 85' lang='lat' dir='ltr'><strong>manorum</strong></span> <span class='ocrx_word' id='word_1_299' title='bbox 450 3930 488 3989; x_wconf 89' lang='lat' dir='ltr'><strong>ad</strong></span> <span class='ocrx_word' id='word_1_300' title='bbox 512 3931 656 4008; x_wconf 87' lang='lat' dir='ltr'><strong>pristinas</strong></span> <span class='ocrx_word' id='word_1_301' title='bbox 681 3950 761 4008; x_wconf 87' lang='lat' dir='ltr'><strong>quae</strong></span> <span class='ocrx_word' id='word_1_302' title='bbox 782 3938 910 3989; x_wconf 87' lang='lat' dir='ltr'><strong>naturae</strong></span> <span class='ocrx_word' id='word_1_303' title='bbox 937 3927 1183 3988; x_wconf 86' lang='lat' dir='ltr'><strong>accommodatae</strong></span> <span class='ocrx_word' id='word_1_304' title='bbox 1205 3937 1310 3989; x_wconf 88' lang='lat' dir='ltr'><strong>essent</strong></span> <span class='ocrx_word' id='word_1_305' title='bbox 1330 3928 1417 4005; x_wconf 87' lang='lat' dir='ltr'><strong>leges</strong></span> 
     </span>
     <span class='ocr_line' id='line_1_37' title="bbox 272 4040 463 4093; baseline -0.026 0"><span class='ocrx_word' id='word_1_306' title='bbox 272 4040 463 4093; x_wconf 87' lang='lat' dir='ltr'><strong>revocarent.</strong></span> 
     </span>
    </p>

    <p class='ocr_par' dir='ltr' id='par_1_7' title="bbox 271 4132 1417 4519">
     <span class='ocr_line' id='line_1_38' title="bbox 359 4132 1417 4214; baseline -0.003 -21"><span class='ocrx_word' id='word_1_307' title='bbox 359 4135 526 4214; x_wconf 83' lang='lat' dir='ltr'><strong>Postquam</strong></span> <span class='ocrx_word' id='word_1_308' title='bbox 540 4134 630 4211; x_wconf 82' lang='lat' dir='ltr'><strong>igitur</strong></span> <span class='ocrx_word' id='word_1_309' title='bbox 646 4134 749 4194; x_wconf 89' lang='lat' dir='ltr'><strong>mundi</strong></span> <span class='ocrx_word' id='word_1_310' title='bbox 761 4134 889 4193; x_wconf 84' lang='lat' dir='ltr'><strong>formam</strong></span> <span class='ocrx_word' id='word_1_311' title='bbox 901 4143 931 4193; x_wconf 89' lang='lat' dir='ltr'><strong>et</strong></span> <span class='ocrx_word' id='word_1_312' title='bbox 944 4132 1088 4205; x_wconf 90' lang='lat' dir='ltr'><strong>circulos,</strong></span> <span class='ocrx_word' id='word_1_313' title='bbox 1101 4132 1178 4193; x_wconf 86' lang='lat' dir='ltr'><strong>caeli</strong></span> <span class='ocrx_word' id='word_1_314' title='bbox 1194 4143 1307 4213; x_wconf 78' lang='lat' dir='ltr'><strong>partes,</strong></span> <span class='ocrx_word' id='word_1_315' title='bbox 1321 4140 1417 4191; x_wconf 89' lang='lat' dir='ltr'><strong>astro·</strong></span> 
     </span>
     <span class='ocr_line' id='line_1_39' title="bbox 273 4233 1417 4318; baseline -0.003 -22"><span class='ocrx_word' id='word_1_316' title='bbox 273 4256 338 4296; x_wconf 78' lang='lat' dir='ltr'><strong>rum</strong></span> <span class='ocrx_word' id='word_1_317' title='bbox 351 4256 456 4297; x_wconf 86' lang='lat' dir='ltr'><strong>cursus</strong></span> <span class='ocrx_word' id='word_1_318' title='bbox 470 4247 500 4295; x_wconf 88' lang='lat' dir='ltr'><strong>et</strong></span> <span class='ocrx_word' id='word_1_319' title='bbox 512 4238 592 4295; x_wconf 87' lang='lat' dir='ltr'><strong>vires</strong></span> <span class='ocrx_word' id='word_1_320' title='bbox 608 4246 837 4316; x_wconf 75' lang='lat' dir='ltr'><strong>ceterarumque</strong></span> <span class='ocrx_word' id='word_1_321' title='bbox 853 4236 1031 4295; x_wconf 86' lang='lat' dir='ltr'><strong>caelestium</strong></span> <span class='ocrx_word' id='word_1_322' title='bbox 1041 4255 1141 4294; x_wconf 87' lang='lat' dir='ltr'><strong>rerum</strong></span> <span class='ocrx_word' id='word_1_323' title='bbox 1153 4244 1287 4307; x_wconf 77' lang='lat' dir='ltr'><strong>natm-as,</strong></span> <span class='ocrx_word' id='word_1_324' title='bbox 1303 4233 1417 4318; x_wconf 83' lang='lat' dir='ltr'><strong>deinde</strong></span> 
     </span>
     <span class='ocr_line' id='line_1_40' title="bbox 273 4335 1416 4418; baseline -0.003 -20"><span class='ocrx_word' id='word_1_325' title='bbox 273 4359 356 4398; x_wconf 82' lang='lat' dir='ltr'><strong>inore</strong></span> <span class='ocrx_word' id='word_1_326' title='bbox 369 4349 543 4418; x_wconf 89' lang='lat' dir='ltr'><strong>terramque</strong></span> <span class='ocrx_word' id='word_1_327' title='bbox 560 4359 638 4397; x_wconf 91' lang='lat' dir='ltr'><strong>nono</strong></span> <span class='ocrx_word' id='word_1_328' title='bbox 648 4346 801 4416; x_wconf 87' lang='lat' dir='ltr'><strong>pratorum</strong></span> <span class='ocrx_word' id='word_1_329' title='bbox 817 4338 893 4396; x_wconf 84' lang='lat' dir='ltr'><strong>libro</strong></span> <span class='ocrx_word' id='word_1_330' title='bbox 906 4336 1073 4415; x_wconf 82' lang='lat' dir='ltr'><strong>conplexus</strong></span> <span class='ocrx_word' id='word_1_331' title='bbox 1084 4346 1145 4409; x_wconf 91' lang='lat' dir='ltr'><strong>est,</strong></span> <span class='ocrx_word' id='word_1_332' title='bbox 1166 4336 1282 4395; x_wconf 89' lang='lat' dir='ltr'><strong>decimo</strong></span> <span class='ocrx_word' id='word_1_333' title='bbox 1300 4335 1338 4393; x_wconf 89' lang='lat' dir='ltr'><strong>de</strong></span> <span class='ocrx_word' id='word_1_334' title='bbox 1351 4337 1416 4394; x_wconf 87' lang='lat' dir='ltr'><strong>ani·</strong></span> 
     </span>
     <span class='ocr_line' id='line_1_41' title="bbox 271 4439 1416 4519; baseline -0.001 -22"><span class='ocrx_word' id='word_1_335' title='bbox 271 4444 417 4500; x_wconf 80' lang='lat' dir='ltr'><strong>manlium</strong></span> <span class='ocrx_word' id='word_1_336' title='bbox 435 4442 551 4501; x_wconf 87' lang='lat' dir='ltr'><strong>naturis</strong></span> <span class='ocrx_word' id='word_1_337' title='bbox 576 4439 751 4519; x_wconf 87' lang='lat' dir='ltr'><strong>disputavit.</strong></span> <span class='ocrx_word' id='word_1_338' title='bbox 784 4441 813 4498; x_wconf 91' lang='lat' dir='ltr'><strong>in</strong></span> <span class='ocrx_word' id='word_1_339' title='bbox 839 4439 949 4519; x_wconf 90' lang='lat' dir='ltr'><strong>quibus</strong></span> <span class='ocrx_word' id='word_1_340' title='bbox 970 4439 1101 4497; x_wconf 86' lang='lat' dir='ltr'><strong>ethicam</strong></span> <span class='ocrx_word' id='word_1_341' title='bbox 1120 4440 1185 4497; x_wconf 87' lang='lat' dir='ltr'><strong>cius</strong></span> <span class='ocrx_word' id='word_1_342' title='bbox 1209 4440 1359 4496; x_wconf 88' lang='lat' dir='ltr'><strong>rationem</strong></span> <span class='ocrx_word' id='word_1_343' title='bbox 1380 4457 1416 4496; x_wconf 90' lang='lat' dir='ltr'><strong>eo</strong></span> 
     </span>
    </p>
   </div>
   <div class='ocr_carea' id='block_1_5' title="bbox 0 0 1606 4998">
    <p class='ocr_par' dir='ltr' id='par_1_8' title="bbox 0 0 1606 4998">
     <span class='ocr_line' id='line_1_42' title="bbox 0 0 1606 4998; baseline 0 0"><span class='ocrx_word' id='word_1_344' title='bbox 0 0 1606 4998; x_wconf 95' lang='lat' dir='ltr'><strong> </strong></span> 
     </span>
    </p>
   </div>
  </div>
 </body>
</html>
