3202 4998
265 369 327 431 382
556 422 558 429 ,
600 387 824 436 ovsesrrones
846 387 1071 428 svesonrsuss

264 539 459 600 XXXVIIII
478 548 513 600 Ὦ
533 539 611 597 haec
635 538 793 614 leguntur:
825 547 986 611 apparatos
1006 542 1106 597 deiude
1127 542 1209 596 tardos
1225 540 1263 594 M.
1283 541 1408 595 Fuluius

265 659 336 714 quos
353 650 476 698 uouerat
497 644 621 700 Aetolica
635 643 706 698 betto
719 640 801 712 feeit.
835 644 918 697 matti
932 643 1111 713 artificescx
1127 643 1249 697 Graecia
1266 649 1409 697 euenerunt
1474 632 1479 641 ⁴

265 746 382 801 honoris
397 746 458 799 mus
477 760 576 801 eausa.
609 745 783 800 athletarum
800 759 911 814 quoque
926 751 1071 798 certamen
1086 748 1143 796 tum
1158 745 1254 814 prima
1269 741 1408 797 Roaraais

264 847 429 917 spectacula
438 845 497 916 fuit
510 864 535 903 e.
549 864 579 922 q.
592 864 614 901 s.
642 844 771 922 primurn
784 843 894 902 deinde
910 842 1044 901 manavit
1056 824 1094 899 ex
1107 842 1183 900 libro
1196 842 1269 913 XX,
1286 841 1407 899 tertium

266 965 304 1003 ex
318 944 395 1003 libro
412 944 516 1017 LXII,
534 954 683 1023 quartum,
705 966 771 1003 cum
787 946 931 1004 terminos
944 943 1065 1003 Liviani
1081 945 1180 1021 operis
1198 944 1337 1017 excedat,
1355 943 1406 1001 de-

265 1046 353 1105 betur
377 1046 480 1104 Aufidi
497 1046 586 1105 Bassi
601 1046 686 1104 libris
704 1067 722 1103 a
736 1051 795 1121 fiae
815 1049 871 1105 Titi
886 1050 955 1105 Liui.

351 1149 492 1224 Rogerus
514 1166 587 1206 vero
605 1147 817 1207 Wendoverus
841 1181 881 1192 -
900 1148 980 1206 hunc
1005 1148 1130 1206 enimin
1147 1147 1304 1205 historiam
1323 1164 1406 1203 suam

265 1252 410 1309 maiorem
432 1249 660 1327 transcripsisse
679 1247 800 1306 videtur
820 1249 994 1319 Matthaeus
1019 1249 1170 1321 Parisius,
1193 1268 1283 1329 quem
1304 1267 1407 1305 rursus

263 1362 421 1412 auctorem
441 1360 563 1411 secutus
586 1358 647 1422 est,
672 1349 722 1428 qui
738 1351 820 1410 solus
837 1350 875 1409 de
897 1350 991 1408 tribus
1007 1350 1053 1408 bis
1072 1347 1310 1427 chronographis
1325 1349 1407 1428 typis

267 1454 437 1532 descriptus
460 1461 521 1527 est,
543 1451 717 1510 Matthaeus
734 1450 1071 1511 WestmonasterIensis
1093 1448 1125 1507 in
1144 1448 1220 1508 libro
1237 1450 1407 1526 cognomini

265 1556 459 1632 Rogerianae
478 1554 623 1612 historiae
642 1562 820 1630 -praeter
836 1559 981 1630 excerpta
998 1550 1187 1629 Hieronymo
1209 1551 1312 1611 debita
1331 1551 1407 1609 diras

266 1656 440 1715 notationes
455 1654 565 1726 habet,
585 1654 696 1733 quibus
714 1663 851 1732 tempora
862 1651 957 1727 Trogi
969 1653 1098 1731 Pompei
1117 1662 1147 1711 et
1161 1653 1266 1712 Valeri
1282 1653 1407 1710 Maximi

267 1755 467 1815 definiuntur:
493 1766 516 1817 Ι.
535 1776 610 1815 amaa
627 1761 743 1815 diuinae
758 1758 967 1814 iucarnationis
983 1760 1012 1828 a,
1031 1757 1156 1813 Caesare
1175 1762 1302 1831 Aapueta
1319 1760 1406 1829 impe·

266 1863 371 1916 riisur'
395 1864 432 1916 51
452 1868 553 1932 aptate
574 1879 681 1917 anuum
708 1861 818 1932 Trapus
835 1859 987 1928 Pompeius
1004 1859 1141 1914 chronica
1160 1876 1215 1917 sua
1234 1861 1407 1927 terminarit,

265 1965 296 2019 ia
313 1965 415 2035 quibus
429 1965 515 2034 quasi
528 1967 627 2021 muudi
636 1964 791 2036 praeteriti
803 1977 919 2017 cursum
936 1963 975 2016 ad
989 1963 1153 2017 memoriam
1164 1971 1346 2035 posterorum
1361 1978 1407 2017 re-

265 2067 359 2122 duxit.
389 2066 429 2120 ita
450 2081 573 2137 namque
591 2065 787 2122 Romanorum
806 2079 867 2119 rem
883 2063 1028 2134 patticam
1043 2070 1170 2121 atarma
1186 2081 1260 2138 qaae
1275 2065 1407 2136 pensilia

234 2152 239 2164 ⁸
266 2169 323 2223 late
342 2183 398 2238 per
413 2169 509 2223 arbem
527 2175 673 2224 terrarum
694 2167 866 2224 circumtulit
882 2166 917 2220 ab
932 2166 1010 2221 initio
1025 2182 1115 2237 usque
1132 2168 1172 2222 ad
1183 2181 1325 2238 praesens
1339 2172 1406 2221 tem·

264 2285 321 2340 pus
342 2270 543 2340 prosequitur,
565 2276 596 2323 ut
614 2272 665 2341 qai
686 2285 734 2325 res
753 2270 814 2322 eius
837 2268 943 2338 teperet
957 2269 997 2323 aa
1010 2272 1230 2325 construendam
1246 2267 1406 2324 Romanum

265 2372 417 2442 imperium
433 2372 568 2426 uirtutem
594 2379 621 2426 ct
640 2372 792 2444 fortunam
815 2370 906 2424 disum
928 2371 1115 2425 contendisse.
1146 2376 1172 2428 2.
1193 2387 1269 2425 aaao
1292 2371 1407 2425 diuinae

244 2534 246 2539 ,
266 2475 474 2530 iaearaatr'am's
494 2476 528 2527 tu
549 2470 944 2542 Valeriashistoriapraphus
966 2470 1163 2528 Romanorum
1184 2473 1262 2527 dicta
1278 2471 1407 2543 descrip-

264 2579 301 2633 sit
318 2582 346 2630 et
362 2574 454 2647 facta.

352 2673 581 2734 Gutsehmidius
604 2675 695 2751 igitur
717 2673 749 2730 iu
771 2670 847 2729 libro
868 2669 908 2728 de
925 2671 1104 2748 fragmentis
1122 2673 1216 2750 Trogi
1232 2674 1359 2753 Pompei
1377 2694 1406 2752 p.

266 2784 319 2838 260
331 2796 398 2855 sqq.
415 2775 471 2833 hos
487 2785 654 2853 computos,
672 2773 751 2855 quod
765 2773 803 2832 ad
816 2774 977 2831 veritatem
990 2773 1069 2831 curia
1085 2772 1242 2835 doctorum
1253 2776 1407 2835 hominum
1473 2755 1476 2759 7

266 2877 482 2953 investigatam
496 2874 632 2955 proxime
649 2875 846 2946 accederent,
863 2873 902 2933 ub
916 2873 1088 2933 hominibus
1104 2873 1171 2934 istis
1186 2876 1292 2935 herum
1308 2897 1408 2935 rerum

266 2978 488 3056 imperitissimis
510 2978 641 3036 inveniri
661 2998 722 3037 non
739 2979 876 3056 potuisse
899 2995 953 3034 suo
974 2975 1040 3035 iure
1063 2977 1227 3038 contendit.
1271 2978 1332 3037 iam
1355 2979 1407 3037 tri·

266 3080 338 3159 plex
357 3080 385 3137 ei
409 3081 460 3138 via
481 3087 588 3157 patere
608 3080 675 3138 vise
697 3090 758 3153 est,
784 3070 846 3160 qua
868 3077 1023 3157 potuerint
1043 3075 1083 3135 ad
1097 3077 1215 3155 Anglos
1237 3078 1307 3138 illos
1333 3079 1409 3138 talia

266 3182 443 3261 pervenire:
474 3190 526 3240 aut
543 3200 613 3240 usos
633 3201 686 3240 eos
709 3201 777 3240 esse
794 3180 879 3240 libris
895 3177 991 3254 'I'rogi
1013 3177 1043 3236 id
1063 3188 1109 3237 est
1127 3178 1242 3238 Juatini
1257 3189 1288 3240 et
1303 3181 1408 3239 Valeri

265 3283 393 3343 Maximi
416 3281 574 3362 inquibus
593 3282 671 3341 haec
692 3284 818 3342 notitiae
838 3282 1028 3358 legerentur,
1048 3287 1100 3337 aut
1115 3291 1238 3358 praesto
1253 3284 1297 3341 eis
1313 3284 1407 3342 fuisse

266 3385 420 3465 pleniores
438 3384 621 3465 Hieronymi
639 3384 778 3455 codices,
798 3392 849 3442 aut
874 3382 1005 3460 denique
1022 3378 1132 3438 librum
1152 3382 1303 3460 quendam
1326 3385 1406 3443 viro-

265 3507 331 3545 rum
355 3486 526 3545 inlustrium
548 3506 600 3544 eos
624 3485 810 3548 adhibuisse.
854 3484 892 3544 ad
918 3482 1097 3543 Suetonium
1117 3482 1239 3560 quidem
1262 3494 1295 3543 nt
1322 3484 1408 3544 nulla

267 3586 416 3647 dubitatio
447 3589 486 3646 sit
516 3588 581 3647 sola
609 3588 706 3646 altera
733 3590 785 3646 via
817 3587 967 3646 ducimur:
1006 3585 1062 3643 sed
1089 3587 1169 3645 omni
1191 3586 1406 3666 probabilitate

268 3698 365 3759 caret,
393 3688 512 3767 plenius
528 3690 710 3768 Hieronymi
738 3689 902 3748 chronicon
923 3687 963 3745 ab
980 3686 1090 3763 Anglis
1114 3686 1296 3761 adhibitum,
1322 3689 1407 3748 cuius

267 3790 467 3869 antiquissimi
481 3788 550 3849 libri
567 3789 668 3849 adhue
684 3810 775 3870 super
793 3791 868 3863 sint,
891 3791 949 3848 nisi
974 3788 1053 3847 forte
1074 3789 1213 3867 pleniora
1227 3790 1408 3870 Hieronymi

267 3890 409 3969 exempla
437 3889 578 3949 dicuntur
603 3892 746 3951 chronica
770 3891 862 3950 medii
885 3892 971 3963 aevi,
994 3911 1120 3969 quorum
1146 3890 1257 3949 fundus
1284 3891 1408 3972 quidem

266 3991 526 4068 Hieronymianus
552 4001 613 4063 est,
642 3992 697 4051 sed
724 3990 833 4071 quibus
856 3991 1004 4072 pleraque
1027 3992 1088 4051 alia
1114 4012 1193 4072 quae
1216 3992 1293 4051 scitu
1315 3991 1408 4067 digna

266 4093 335 4151 visa
357 4100 461 4150 essent
483 4093 729 4153 inmiseebantur.
760 4114 819 4151 nec
839 4093 1067 4153 Gutsehmidins
1085 4094 1164 4152 hanc
1184 4093 1266 4152 viam
1287 4092 1407 4169 ingredi

266 4193 373 4255 voluit.
405 4195 477 4251 item
492 4193 652 4273 inprobata
667 4206 715 4255 est
734 4197 762 4255 ei
785 4195 959 4267 tertiaria,
985 4214 1052 4254 cum
1075 4196 1216 4276 antiquus
1236 4193 1408 4252 inlustrium

265 4296 399 4356 virorum
424 4295 502 4355 liber
523 4296 622 4357 nullus
649 4308 793 4377 quantum
817 4294 949 4355 sciamus
976 4296 1067 4355 merit
1087 4297 1140 4375 qui
1164 4305 1286 4374 praesta
1312 4296 1406 4353 fuisse

268 4397 386 4457 dicatur
400 4397 570 4457 hominibus
590 4399 673 4458 illius
688 4399 810 4458 aetatis.
828 4406 926 4457 restat
945 4398 1043 4478 prime
1056 4398 1134 4457 ratio
1157 4417 1254 4478 eaque
1276 4398 1407 4457 maxime
