3194 5004
512 433 540 472 r.
557 430 737 473 arrscnenn
754 427 995 471 ocannnrsarvs
1083 422 1087 427 ’
1254 404 1316 467 tus

184 584 296 643 lacuna
311 591 358 643 est
374 604 390 642 e
406 602 511 642 rasura
525 583 607 642 inter
620 587 703 640 istam
721 590 752 641 et
766 577 921 657 tempore):
944 580 1039 639 semel
1054 587 1156 637 autem
1169 598 1237 637 cum
1253 578 1319 636 eius
1424 652 1431 665 .

186 685 321 745 notionis
337 685 575 757 consociatione,
593 704 720 764 quacum
734 685 833 763 ipsam
848 685 966 755 temperi
980 682 1106 740 formam
1122 688 1215 760 poeta
1229 698 1317 758 prae·

185 796 272 847 terea
294 787 421 846 sexiens
446 786 547 846 iunxit
573 785 633 865 (bis
658 787 691 845 in
712 784 935 857 Menaechmis,
962 782 1090 861 singulis
1113 783 1146 840 in
1169 780 1317 859 Captivis,

186 889 390 963 Mostellaria,
413 888 531 962 Sticho,
553 889 730 948 Trinummo
753 885 857 964 locis),
887 905 966 965 quae
988 893 1041 970 cst*
1056 887 1204 954 uenieudi,
1231 886 1319 940 adue-

187 994 297 1061 aiendi,
327 994 482 1049 uduorsum
501 995 648 1060 secundi,
677 992 878 1054 anteueniemii
896 989 996 1046 notio:
1024 985 1107 1045 unde
1128 1002 1320 1065 consequens

187 1093 245 1153 fuit
269 1093 499 1166 1111111020
521 1083 651 1166 Edepol,
680 1109 743 1162 ere,
773 1109 809 1149 ne
833 1091 882 1149 tibi
905 1092 1053 1163 suppetias
1071 1088 1191 1162 te'mperi
1215 1085 1324 1145 odueni

187 1199 267 1253 modo
282 1194 491 1253 scriberemus.
522 1192 642 1271 Quodsi
659 1194 726 1273 quis
747 1190 779 1252 iu
799 1213 860 1251 nno
877 1192 928 1271 qui
945 1211 1026 1250 nunc
1046 1191 1169 1250 relictus
1180 1197 1237 1248 est
1251 1187 1320 1247 esi-

188 1297 296 1355 nariae
315 1316 406 1355 versu
421 1302 474 1358 733
492 1314 618 1354 servare
632 1305 663 1353 ut
682 1297 808 1368 te‘mpore
826 1296 1041 1367 opportuneque
1062 1292 1196 1350 attutr'stis
1216 1291 1320 1349 volue-

188 1398 241 1471 rit,
266 1417 305 1456 ne
327 1398 380 1456 ille
395 1396 510 1456 viderit
526 1417 584 1477 quo
606 1397 675 1467 iure
687 1397 828 1456 Plautum
848 1396 948 1474 poetis
971 1395 1167 1474 aequiperet,
1191 1393 1242 1472 qui
1262 1391 1321 1450 soli

189 1499 359 1578 simplicem
369 1508 498 1572 tempore
512 1497 692 1571 ablativum,
710 1498 766 1557 sed
784 1499 862 1567 raris
879 1498 1027 1575 exemplis
1042 1516 1101 1555 nec
1116 1496 1175 1554 nisi
1191 1502 1320 1571 cogente
1402 1510 1406 1515 ·

189 1609 285 1660 metro
302 1600 471 1680 dactylico,
494 1601 538 1660 sic
560 1599 748 1661 admiserunt
767 1608 801 1659 ut
822 1598 905 1659 idem
920 1600 1038 1658 valeret
1053 1607 1145 1677 atque
1163 1600 1230 1656 ‘suo
1246 1606 1321 1654 tem*

190 1722 265 1780 pore
275 1700 298 1760 ἰ
314 1702 400 1762 velut
415 1722 481 1760 cum
497 1700 628 1762 Ovidius
643 1703 718 1762 Her.
734 1714 784 1776 tv,
802 1710 853 1765 109
868 1712 994 1775 tempore
1008 1704 1086 1758 abest
1106 1703 1252 1773 aberitque
1273 1702 1322 1756 diu

189 1806 350 1877 Neptunius
378 1806 464 1862 beros
490 1803 578 1863 dixit.
618 1806 696 1863 Nam
719 1804 758 1863 de
781 1803 931 1863 Cicerone
954 1802 1086 1861 dubitari
1111 1802 1175 1861 noli
1197 1801 1271 1881 quin
1296 1801 1322 1859 is

190 1907 280 1985 epist.
303 1904 344 1963 ad
364 1885 458 1965 famil.
482 1915 641 1980 vl1,18,l
664 1914 715 1964 aut
729 1923 779 1979 epo
798 1911 872 1963 enim
887 1908 1031 1963 renouato
1048 1907 1322 1969 eomureuriutionem,

190 2011 242 2066 sed
255 2012 289 2064 in
304 2014 430 2080 tempore
445 2007 604 2086 scripserit
617 2015 683 2081 aut,
707 2006 789 2087 qnod
810 2008 842 2065 iu
859 2007 917 2065 hoc
932 2006 1056 2086 quidem
1071 2024 1186 2083 genere
1202 2003 1322 2076 licebat,

189 2112 241 2166 aed
255 2111 389 2181 temperi,
411 2108 496 2167 nullo
512 2107 603 2167 modo
618 2112 670 2166 red
686 2118 821 2182 tempore.
838 2141 878 2149 -
895 2107 1011 2167 Contra
1031 2107 1119 2165 nihili
1141 2116 1242 2164 autem
1263 2106 1323 2164 for·

191 2229 270 2267 mam
285 2212 406 2282 tempori
418 2209 557 2269 similiter
571 2219 663 2288 atque
680 2230 696 2268 e
712 2209 922 2268 Plautinorum
937 2209 1080 2268 librorum
1094 2209 1238 2267 memoria
1253 2207 1325 2265 licet

194 2312 317 2371 etiams
334 2309 461 2369 Catonis
477 2309 517 2369 de
532 2312 693 2371 terratica
709 2312 925 2370 commentario
942 2311 1158 2389 argumentari.
1185 2309 1245 2369 Vbi
1258 2329 1325 2367 cum

192 2412 325 2473 inlibris
339 2411 516 2490 vulgaribus
532 2432 599 2493 cap.
615 2421 647 2488 2,
665 2423 678 2474 1
695 2415 840 2494 scriptum
856 2421 956 2472 exstet
975 2416 1081 2471 scinne
1101 2416 1222 2485 tempori
1235 2429 1325 2484 opera

193 2519 266 2574 sieut
281 2516 427 2588 confecto,
450 2514 524 2573 item
538 2524 569 2587 3,
585 2526 601 2576 5
621 2519 647 2572 si
660 2520 783 2589 tempori
795 2517 904 2589 socies,
930 2515 988 2574 hoe
1004 2525 1106 2574 antem
1126 2514 1194 2572 loco
1217 2512 1256 2572 de
1278 2533 1324 2571 sr-

193 2617 320 2696 chetypi
340 2615 490 2693 scriptura
511 2621 632 2689 temperi
642 2627 724 2678 certo
740 2617 886 2677 Politiani
901 2618 1075 2676 testimonio
1092 2610 1225 2683 constet,
1242 2635 1326 2673 nnm-

193 2720 247 2798 qui
262 2719 364 2798 priore
378 2714 447 2776 loco
463 2717 632 2777 variandae
646 2717 766 2779 'scilicet
781 2720 927 2779 orationis
944 2739 1051 2778 caussa
1071 2719 1252 2798 praetulisse
1269 2716 1327 2776 Ca-

193 2829 298 2880 tonem
313 2823 435 2892 tempori
459 2819 514 2878 tibi
533 2820 733 2899 persuadebis
756 2842 796 2880 an
820 2819 936 2901 aliquid
957 2821 1023 2879 sive
1047 2840 1065 2878 a
1085 2820 1240 2879 Politiano
1260 2819 1328 2877 sive
1435 2827 1439 2845 '

195 2920 233 2980 ab
249 2922 317 3000 ipso
333 2920 456 2980 librario
473 2922 667 3000 neglectum?
700 2924 784 3002 Ergo
799 2923 896 2984 Nonii
910 2944 941 3003 p.
956 2931 1023 2996 869,
1034 2931 1078 2984 -211
1093 2921 1238 2994 librariis,
1263 2940 1328 2980 non

195 3023 312 3082 Titinio
339 3022 455 3083 tribues
479 3024 562 3104 quod
583 3025 616 3084 in
638 3025 696 3084 boc
717 3026 840 3085 senario
863 3030 901 3084 clu
922 3043 1041 3099 pensam
1061 3020 1175 3083 Inuum:
1200 3027 1250 3096 qui
1271 3042 1328 3080 nou

195 3128 295 3184 reddet
314 3130 436 3199 temperi
461 3158 493 3168 -
518 3147 600 3186 nunc
622 3128 764 3205 vulgatur
778 3132 913 3201 tempori,
936 3137 1043 3187 eontra
1062 3138 1160 3206 atque
1180 3127 1212 3184 in
1239 3125 1329 3184 simili

196 3228 352 3286 sententia
366 3231 514 3301 lepideque
530 3231 732 3295 concinnatam
747 3231 875 3304 referam
892 3233 1013 3302 temperi
1026 3231 1139 3288 factum
1155 3228 1248 3286 estin
1263 3228 1329 3285 Mc·

196 3329 411 3389 nseclrmornm
435 3349 527 3389 versu
552 3338 612 3394 161.
658 3331 724 3390 Nec
749 3333 846 3409 magis
868 3350 935 3389 cum
955 3330 1097 3391 Vahleno
1117 3331 1199 3388 Eun.
1227 3349 1257 3407 p.
1280 3336 1331 3389 160

196 3429 429 3510 Ribbeckioqne
443 3432 545 3490 Musei
558 3432 658 3491 Rhea.
676 3445 698 3489 11
720 3452 750 3513 p.
766 3441 814 3495 291
832 3442 865 3490 ut
878 3436 973 3491 adsint
991 3450 1059 3490 cros
1081 3434 1204 3503 tempori
1221 3434 1260 3488 ari
1273 3446 1330 3487 mc·

197 3536 311 3590 tendum
329 3532 410 3590 feres
425 3532 457 3589 in
473 3533 593 3612 Aesopi
608 3533 740 3612 apologo
756 3534 916 3600 Enniano,
934 3553 1114 3613 quamquam
1135 3531 1330 3592 consenticu-

197 3633 277 3694 tibus
292 3641 326 3691 ut
339 3632 464 3693 videtur
480 3634 574 3694 Gellii
589 3645 629 3708 11,
645 3643 688 3708 29,
706 3643 739 3695 12
754 3634 838 3694 libris
855 3635 1003 3695 omnibns.

281 3735 364 3813 Peg.
373 3733 424 3807 31,
438 3735 459 3793 4
473 3737 507 3794 ni
521 3756 540 3794 a
554 3737 688 3795 Parisini
705 3741 728 3794 Α
742 3738 893 3816 scriptura
908 3754 943 3794 ue
956 3740 1153 3810 interpellaret
1176 3735 1331 3814 profectus

197 3853 228 3895 se
244 3838 344 3914 potius
361 3835 537 3917 absorptum
553 3858 620 3897 ease
637 3839 783 3918 proximis
798 3857 834 3897 rre
855 3838 965 3898 litteris
982 3858 1139 3898 censerem
1156 3858 1245 3919 qnam
1266 3858 1334 3896 cum

199 3938 328 3997 noviciis
344 3937 428 3997 libris
449 3956 485 3998 ae
506 3945 741 4013 interpellaretur
763 3961 935 4015 servarem,
957 3942 1026 4020 ipsa
1045 3943 1202 4000 sententia
1224 3940 1333 3999 suade·

198 4037 261 4097 bat.
291 4039 358 4098 Nee
373 4041 468 4115 enim,
485 4050 518 4101 ut
533 4041 571 4100 ab
587 4043 654 4102 aliis
671 4063 711 4103 ne
727 4014 991 4124 interpellaretur,
1008 4043 1222 4102 intercedente
1238 4062 1333 4101 uxore

200 4160 276 4218 opus
292 4139 441 4215 habebat,
469 4143 551 4223 quod
575 4152 605 4203 et
627 4144 733 4205 iubere
752 4145 821 4224 ipse
842 4155 949 4225 posset
971 4155 1002 4204 et
1021 4146 1161 4224 profecto
1184 4164 1247 4225 non
1269 4152 1336 4202 erat

199 4243 348 4321 petiturus
369 4251 497 4305 tantum.
539 4244 589 4305 Ab
609 4256 705 4307 uxore
727 4255 828 4307 antem
849 4247 980 4327 petendi
1001 4248 1210 4327 potiusquam
1230 4254 1334 4325 postu·

199 4343 287 4402 laudi
311 4364 347 4403 eo
373 4345 443 4424 plus
465 4366 592 4408 caussas
607 4349 714 4409 Laelio
737 4350 794 4408 fuit
808 4349 997 4409 -simodo
1023 4350 1113 4409 ‘certi
1129 4348 1275 4409 auctoris'
1291 4347 1335 4405 fa·

199 4443 271 4503 bule
285 4464 360 4503 vera
374 4476 415 4487 -
431 4448 513 4526 quod
529 4451 782 4511 Matronaliorum
798 4451 849 4511 die
874 4451 924 4531 (eo
942 4454 1023 4510 enim
1039 4460 1181 4531 spectare
1196 4453 1337 4507 liniendus
1391 4494 1394 4497 .
