3218 5000
1339 266 1364 294 Ο·

616 456 657 498 nn
680 455 768 498 sano
790 453 994 498 nonanoeane
1198 492 1204 501 ,
1314 434 1373 497 177

231 604 310 669 solis
333 606 440 669 statio.
483 603 723 690 aequinoctium
752 621 848 683 uero,
876 602 962 687 quod
990 611 1067 665 tunc
1094 601 1165 664 dies
1192 608 1225 665 et
1249 622 1317 665 nox
1339 603 1373 665 in

231 706 429 790 aequitatem
451 705 603 769 horarum
626 704 849 769 duodenarum
873 711 1078 767 reuertentur
1095 703 1282 789 coaequatis
1300 725 1372 789 sps·

229 807 285 869 tiis
309 808 388 869 suis.
434 804 608 869 solstitium
637 815 745 869 autem
769 805 931 867 aestiuum
953 803 1026 869 ideo
1054 820 1222 867 Lampsos
1253 804 1374 866 dieitur

230 928 268 971 eo
291 906 378 992 quod
400 929 444 970 ex
464 927 503 970 eo
524 905 577 970 dic
599 904 726 991 lampas
749 905 826 970 solis
850 904 1031 970 claritatem
1054 906 1209 970 maiorem
1233 905 1373 991 accipiat

208 1007 438 1095 senioremque
459 1008 595 1070 nimium
619 1007 824 1070 ailuenientis
846 1007 982 1071 aestatis
1005 1006 1167 1070 infundet.

229 1178 300 1228 quae
323 1162 424 1213 Graeci
448 1157 598 1227 ἰσημερίας
621 1168 731 1211 uocant
771 1167 835 1211 sunt
858 1167 950 1213 autem
973 1163 1039 1213 VIII
1058 1161 1199 1212 Kalendas
1217 1162 1318 1227 Aprilis
1343 1169 1373 1213 et

229 1231 297 1281 VIII
315 1231 433 1281 Kalend.
453 1230 550 1279 Octob.
570 1227 633 1278 die.'
660 1230 747 1279 Varro
764 1232 798 1280 L.
817 1231 849 1278 11·
867 1229 898 1279 8:
922 1231 1022 1281 ‘Dicta
1040 1231 1135 1279 bruma
1153 1231 1223 1295 quod
1242 1232 1371 1282 breuissi-

229 1314 289 1348 mus
310 1303 376 1347 tunc
398 1299 458 1348 dies
481 1304 539 1359 θεῖς
568 1296 715 1347 solstitium
739 1298 809 1362 quod
832 1297 873 1347 sol
897 1314 929 1347 eo
953 1298 998 1347 die
1016 1299 1115 1349 sistere
1134 1298 1293 1361 uidebatnr3
1324 1306 1373 1349 aut

229 1366 301 1432 qnod
323 1365 360 1416 ad
383 1381 433 1415 nos
454 1381 562 1415 uersum
586 1366 736 1430 proximum
758 1370 801 1415 est
822 1364 979 1415 solstitium.
1015 1381 1095 1431 quom
1112 1369 1190 1415 uenIt
1207 1367 1236 1416 in
1254 1366 1371 1417 medinm

229 1434 349 1498 spatium
371 1434 444 1482 inter
467 1433 590 1482 brumam
613 1438 641 1481 et
658 1432 820 1493 solstitium,
845 1433 917 1497 quod
939 1432 999 1483 dies
1023 1448 1127 1498 aequus
1150 1430 1182 1483 fit
1200 1450 1234 1484 ne
1253 1450 1306 1485 nox
1324 1450 1370 1485 se-

229 1500 398 1566 quinectium
417 1497 536 1550 dieitur)
560 1527 595 1535 —
618 1500 789 1550 Glossarium
806 1500 972 1550 Vaticanum
990 1501 1080 1563 (Aust.
1099 1500 1181 1552 class.
1200 1502 1243 1552 ed.
1261 1503 1329 1553 Mai.
1348 1505 1372 1551 V

228 1585 255 1635 p.
268 1567 343 1633 566);
358 1568 524 1634 ‘Lampadas
538 1566 618 1629 (irnmo
632 1567 787 1633 lampada),
800 1568 949 1617 solstitium
963 1568 1112 1631 aestiuum,
1133 1568 1204 1634 qnod
1221 1576 1264 1620 est
1285 1572 1371 1621 ·vl11·

228 1637 291 1685 Kal.
311 1636 407 1698 iulias3
437 1637 500 1686 ideo
522 1636 666 1702 lampadas
690 1640 770 1699 (imam
795 1635 934 1700 lampada)
953 1636 1056 1686 dleitnr
1077 1652 1111 1686 eo
1136 1636 1207 1701 qnod
1225 1654 1259 1689 ex
1277 1654 1309 1689 eo
1327 1640 1371 1688 die

227 1702 335 1768 lampas
353 1702 420 1754 solis
437 1703 594 1754 claritatem
611 1704 742 1754 maiorem
760 1703 884 1769 accipiat
901 1702 1074 1771 caloremque
1091 1704 1205 1755 nimium
1224 1707 1371 1757 aduenien-

228 1772 265 1820 tis
283 1771 398 1822 aestatis
416 1771 562 1822 infundat‘
643 1838 653 1855 ο

314 1920 325 1970 l
344 1910 516 1989 equinoctia
532 1904 572 1966 Β1
593 1903 608 1992 ΙΙ
628 1911 832 1990 nequitated
852 1906 857 1988 Ι
887 1931 1008 1971 orarum
1025 1904 1106 1967 A¹B¹
1122 1904 1136 1991 ΙΙ
1151 1910 1371 1971 duodenarium

228 1990 288 2074 ΑΗ
308 1993 489 2074 quoequstis
506 1995 535 2052 B
555 1993 782 2075 quoequastib3
811 1997 835 2052 A
866 1989 909 2075 13
930 1995 1117 2055 solestieium
1139 1990 1176 2053 A¹
1198 1995 1372 2055 solistitium

132 2094 138 2104 ·
229 2074 294 2136 BA²
310 2074 324 2160 ss
339 2078 483 2157 lampada
492 2082 614 2152 scripsi:
626 2077 784 2158 lampadas
796 2082 850 2136 AB
876 2080 992 2159 lampas
1005 2075 1046 2135 13²
1060 2072 1075 2159 ii
1088 2086 1106 2138 t
1118 2079 1280 2159 lampadas
1291 2066 1371 2139 B¹>1²

229 2159 242 2245 ii
259 2176 276 2226 5
295 2159 481 2244 caloremqi*
497 2166 525 2220 B
539 2159 553 2243 Η
568 2161 768 2223 aduenientes
790 2161 829 2221 B¹
846 2163 980 2224 aduentu
1000 2167 1082 2238 salpe
1097 2159 1112 2245 ΙΙ
1125 2165 1213 2223 statis
1233 2169 1372 2224 Aaesta-

227 2258 275 2307 tes
291 2241 331 2307 ΒΙ
348 2242 363 2332 ΙΙ
377 2247 576 2308 infundantd

385 2447 652 2502 SVPPLEMENTA
669 2449 772 2501 LIBRI
790 2448 840 2499 DE
858 2450 956 2502 ANNO
975 2448 1210 2502 ROMANORVM

312 2568 480 2619 Censorinus
501 2567 535 2617 de
558 2567 603 2619 die
627 2566 716 2618 natali
732 2568 798 2619 XVI
816 2567 840 2617 7.
876 2569 974 2635 Itaque
997 2574 1028 2618 nt
1048 2569 1162 2620 saecula
1185 2570 1287 2634 possim
1310 2584 1370 2636 per-

227 2649 338 2686 currere
355 2641 383 2686 et
399 2635 451 2686 hoc
469 2641 590 2686 nostrum
608 2650 739 2700 praesens
757 2635 919 2701 designare,
940 2637 1049 2687 omissis
1068 2639 1159 2687 astreis
1178 2637 1370 2703 argenteisque

228 2709 257 2752 et
272 2702 325 2755 hoe
344 2718 430 2768 genus
448 2704 566 2769 poeticis
589 2718 607 2752 a
628 2704 740 2754 conditu
762 2704 837 2755 urbis
859 2705 963 2754 Romae
987 2706 1096 2768 patriae
1120 2711 1229 2756 riostrae
1254 2719 1371 2755 eommu-

227 2771 269 2820 nis
287 2770 426 2834 exordiar,
449 2771 538 2821 xvll.
563 2775 591 2823 et
609 2772 739 2835 qnoniam
756 2772 871 2822 saecula
894 2778 942 2822 ant
959 2771 1099 2822 naturalia
1116 2779 1180 2823 sunt
1197 2778 1247 2822 aut
1264 2773 1369 2834 ciuilia

226 2838 301 2903 prius
325 2839 358 2888 de
382 2836 555 2888 naturalibus
578 2838 676 2905 dicam.
712 2840 737 2888 2.
762 2838 908 2890 Saeculum
932 2845 974 2890 est
996 2840 1116 2906 spatium
1138 2842 1215 2891 uitae
1233 2840 1370 2890 humanae

227 2906 414 2971 longissimum
431 2910 513 2971 partu
531 2912 559 2956 st
577 2912 662 2956 morte
681 2906 831 2957 definitum.
886 2920 952 2957 uere
972 2909 1018 2972 qui
1037 2923 1122 2958 annos
1139 2909 1255 2973 triginta
1275 2924 1370 2959 saecu·

226 2973 282 3023 inm
299 2980 432 3039 putarunt
449 2972 562 3022 multum
580 2973 707 3024 uidentur
725 2988 841 3024 errasse.
896 2992 929 3025 oc
942 2977 1015 3024 enim
1030 2981 1136 3041 tempus
1154 2969 1259 3041 peresis
1276 2975 1371 3025 uocari

226 3041 385 3091 Heraclitus
405 3046 569 3104 auctorest,
588 3041 653 3105 quia
671 3042 746 3091 orbis
764 3044 866 3092 aetatis
886 3043 914 3092 in
931 3058 965 3093 eo
983 3043 1019 3091 sit
1035 3045 1136 3109 spatio.
1168 3044 1261 3094 orbem
1280 3048 1371 3094 autem

226 3115 309 3159 uocat
327 3110 444 3171 aetatis,
463 3108 526 3159 dum
542 3116 644 3158 natura
660 3108 782 3159 humana
804 3125 821 3160 a
845 3112 962 3161 sementi
986 3110 1021 3160 ad
1044 3117 1193 3161 sementem
1215 3112 1370 3161 reuertitur.

227 3176 278 3226 hoc
296 3175 406 3241 quidem
423 3174 526 3241 γενεᾶς
536 3181 643 3242 tempus
657 3176 706 3227 alii
726 3177 808 3227 alitor
824 3177 997 3227 definierunt.
1027 3178 1181 3229 Herodicns
1193 3194 1280 3228 annos
1293 3179 1371 3243 quin-

227 3259 279 3308 que
292 3250 321 3293 et
330 3243 432 3308 uiginti
443 3243 542 3295 scribit
553 3244 610 3294 dici
621 3236 733 3308 γενεάν,
747 3244 841 3297 Zenon
853 3246 978 3311 triginta.
1002 3244 1026 3295 3.
1040 3245 1188 3295 Saeculum
1203 3251 1294 3296 autem
1307 3244 1372 3310 quid

227 3312 365 3377 situsque
390 3311 479 3361 adhuc
502 3311 620 3361 arbitror
638 3312 674 3362 ad
692 3312 792 3362 subtile
811 3314 997 3362 examinatum
1015 3328 1069 3362 non
1087 3328 1157 3363 esse.
1192 3318 1293 3378 poetae
1312 3313 1370 3376 qui·

225 3379 287 3428 dem
305 3379 392 3429 multa
409 3377 586 3428 Incredibilia
602 3381 772 3445 scripserunt
789 3395 841 3429 nec
860 3382 949 3430 minus
967 3380 1092 3431 historici
1111 3380 1226 3443 Graeci,
1264 3381 1372 3429 uamuis

227 3462 274 3498 eos
297 3462 314 3496 a
338 3460 404 3495 uero
425 3461 478 3511 par
494 3461 549 3497 nou
567 3444 785 3511 luitdeeedere3
810 3454 840 3498 ut
862 3449 1031 3511 Herodotus,
1056 3448 1129 3512 apud
1150 3463 1231 3512 quem
1246 3396 1370 3514 iegimus

226 3513 444 3579 Arganthoninm
466 3514 668 3563 Tartessiorum
695 3530 789 3580 regem
816 3521 925 3565 eentum
950 3521 978 3566 et
1005 3516 1208 3581 quinquaginta
1238 3529 1371 3564 annornm

227 3583 325 3644 fuisse,
351 3587 400 3631 aut
417 3579 542 3647 Ephorus
560 3582 607 3645 qui
630 3579 717 3633 tradit
734 3584 859 3633 Arcadas
881 3583 973 3633 dicere
997 3583 1068 3647 apud
1092 3599 1122 3632 se
1145 3597 1225 3647 reges
1244 3582 1371 3645 antiquos

226 3651 332 3714 aliquot
343 3649 379 3700 ad
391 3653 530 3700 trecentos
548 3648 650 3699 uixisse
669 3664 764 3701 annos.
794 3652 819 3699 4.
838 3666 933 3701 uerum
945 3651 1016 3700 haec
1028 3656 1059 3699 nt
1072 3650 1200 3699 fabulosa
1213 3654 1370 3714 praetereo:
1391 3682 1395 3690 ³

226 3718 275 3767 sed
296 3719 370 3767 inter
392 3718 468 3782 ipsos
486 3715 638 3781 astrologos
662 3719 709 3782 qui
726 3720 755 3768 in
772 3718 916 3769 stellarum
933 3718 1125 3783 signorumque
1149 3717 1257 3767 ratione
1275 3731 1371 3783 uerum

226 3789 383 3835 scrutantur
405 3798 579 3849 nequaquam
602 3785 687 3834 etism
709 3787 850 3837 conuenit.
886 3787 1025 3850 Epigenes
1048 3786 1078 3835 in
1101 3789 1211 3836 eentum
1228 3783 1371 3834 duodecim

226 3854 308 3903 annis
329 3852 520 3917 longissimum
543 3853 631 3903 uitam
653 3855 810 3913 constituit,
832 3855 951 3904 Berosos
975 3858 1067 3903 autem
1096 3858 1205 3902 eentum
1234 3851 1371 3901 sedecim:

227 3920 277 3970 alii
295 3920 331 3971 ad
348 3923 458 3970 centum
476 3920 578 3984 uiginti
596 3935 682 3971 mos
700 3922 814 3987 produci
831 3937 926 3987 posse,
950 3921 1060 3986 qnidam
1083 3920 1167 3970 etiam
1188 3919 1264 3970 ultra
1284 3918 1371 3969 credi-

226 3989 333 4037 derunt.
369 3987 480 4037 inerunt
497 3989 544 4053 qui
562 4003 616 4038 non
633 3987 706 4039 idem
723 3994 852 4055 putarent
869 3988 969 4054 ubique
988 3988 1202 4050 obseruandum,
1227 3986 1275 4037 sed
1293 3987 1372 4036 uarie

226 4071 275 4121 per
291 4056 417 4105 diuersas
434 4056 572 4120 regiones,
590 4071 639 4121 pro
656 4062 687 4105 ut
705 4058 733 4108 in
750 4058 868 4122 singulis
886 4058 926 4107 sit
941 4056 1013 4107 caeli
1033 4057 1067 4106 ad
1086 4054 1218 4107 circulum
1237 4054 1372 4104 finitorem

226 4123 385 4184 inclinatio,
400 4122 471 4187 quod
482 4128 598 4173 uocatur
614 4123 704 4173 clima.
739 4126 764 4175 5.
784 4125 839 4175 Sed
851 4124 918 4175 licet
929 4126 1033 4174 ueritas
1046 4124 1074 4172 in
1086 4123 1201 4173 obscuro
1214 4123 1316 4182 lateat,
1330 4127 1371 4169 ta·

225 4207 289 4242 men
306 4193 336 4241 in
347 4204 513 4255 unaquaque
525 4191 642 4242 ciuitate
661 4206 732 4255 quae
750 4192 805 4241 sint
817 4192 958 4241 naturalia
975 4192 1089 4241 saecula
1108 4190 1224 4241 rituales
1242 4190 1371 4238 Etrusco-

226 4274 284 4310 rum
301 4259 367 4309 libri
385 4256 513 4309 uidentur
529 4258 644 4321 docere,
668 4260 697 4308 in
720 4260 780 4324 qnia
802 4260 934 4323 seriptum
957 4274 1018 4309 esse
1042 4259 1128 4308 fertur
1147 4258 1227 4307 initia
1245 4257 1286 4305 sic
1304 4256 1370 4319 poni

226 4327 406 4377 saeculorum.
442 4341 495 4391 quo
512 4322 558 4377 die
575 4326 658 4376 urbes
680 4330 765 4390 atque
784 4326 914 4375 ciuitates
933 4325 1177 4385 constituerentur,
1201 4324 1235 4372 de
1258 4321 1302 4371 his
1325 4321 1371 4385 qni

183 4406 196 4425 ·
226 4406 260 4444 eo
277 4394 322 4444 die
345 4394 406 4445 nati
428 4399 522 4443 essent
544 4408 606 4443 eum
629 4394 676 4457 qui
698 4392 852 4443 dintissIme
874 4392 990 4442 uixisset
1012 4391 1058 4443 die
1081 4392 1176 4441 mortis
1198 4404 1265 4440 suae
1288 4389 1371 4452 primi

226 4461 332 4512 saeculi
350 4460 486 4511 modulum
504 4460 591 4523 linire,
612 4475 698 4526 enque
716 4459 761 4511 die
781 4460 828 4525 qni
846 4466 941 4509 essent
957 4459 1056 4522 reliqui
1078 4459 1107 4509 in
1125 4459 1257 4518 ciuitate,
1276 4455 1310 4504 ds
1328 4454 1371 4504 his

261 4561 381 4598 ararent
401 4560 463 4595 nnn.
1139 4542 1177 4602 12
