3200 4992
234 354 293 417 tto
467 316 508 397 ⁸
606 375 648 416 oe
671 373 758 417 visis
783 374 997 417 rnursruravs

231 521 335 607 ipsius
361 529 478 606 poetae
505 520 593 606 apud
619 541 692 585 eum
717 521 1144 600 inuenirentur‘adnotans‚
1184 545 1270 587 nune
1298 546 1370 609 pro·

231 622 321 709 prias
341 624 443 708 ipsius
466 622 599 707 figuras,
622 623 785 686 interdum
801 643 840 687 ea
859 624 1027 710 inquibus
1047 626 1197 711 copiosus
1219 633 1279 707 est,
1303 647 1371 688 rur-

232 745 287 788 sus
309 746 393 809 qnae
421 723 521 787 semel
548 723 635 810 apud
664 745 739 788 eum
765 735 974 811 ponerentur.
1016 727 1167 792 similiter
1188 728 1223 791 in
1250 727 1370 792 nostris

230 824 421 890 auctoribus
441 824 580 890 Probus.
982 888 984 891 ,
1198 838 1203 849 ’
1293 842 1301 853 ’

318 933 353 1005 >j
370 925 458 1013 diple
469 927 720 1012 periestigmene
729 926 962 1013 apponebatur,
976 950 1058 1014 quoe
1070 929 1256 994 Zenodotus
1264 928 1369 1015 Epire-

232 1026 300 1091 sius
317 1050 382 1093 non
398 1038 486 1092 reete
501 1012 671 1092 adiecerat
683 1038 740 1091 aut
759 1028 945 1093 detraxerat
959 1038 1015 1093 aut
1029 1038 1280 1115 permutauerat.
1298 1030 1392 1107 †ins

229 1129 287 1193 his·
301 1140 334 1194 et
355 1131 458 1194 nostri
482 1150 521 1192 ea
538 1129 590 1192 usi
613 1138 699 1193 sunt.

317 1230 528 1315 3antisigma
549 1228 732 1317 ponebatur
757 1231 799 1294 ad
826 1244 888 1295 eos
903 1252 1019 1296 uersus
1036 1254 1172 1317 quorum
1196 1232 1275 1297 ordo
1297 1254 1371 1318 per·

230 1331 406 1397 mutandus
428 1339 507 1396 erat
551 1333 598 1395 sie
620 1340 654 1395 et
674 1332 709 1395 in
731 1332 852 1395 nostris
873 1332 1062 1396 auctoribus
1084 1332 1260 1397 inuenitur.

316 1444 335 1518 ᾗ
360 1432 534 1517 antisigma
556 1454 629 1496 cum
649 1441 770 1518 puncto
785 1431 977 1519 ponebatur,
999 1455 1073 1496 eum
1090 1433 1237 1498 eiusdem
1255 1455 1369 1498 sensus
1379 1451 1403 1491 ro

230 1555 345 1599 uersus
361 1533 509 1620 duplices
529 1541 639 1597 essent
660 1542 692 1598 et
706 1533 920 1616 dubitaretur,
943 1536 1000 1620 qui
1017 1534 1126 1621 potius
1144 1525 1285 1618 legendi.
1322 1536 1370 1598 sie

231 1642 265 1698 et
285 1632 373 1721 apud
395 1641 534 1717 nostroe,
902 1690 908 1698 .

212 1769 217 1780 =
312 1721 337 1800 i
358 1736 487 1798 coronis
507 1741 633 1827 tantum
656 1735 691 1798 in
712 1735 777 1799 fine
797 1735 875 1800 libri
897 1727 1004 1823 posita
1026 1735 1202 1800 inuenitur.

326 1853 354 1918 qr·
368 1835 556 1923 ceraunium
575 1835 721 1921 ponitur,
739 1821 890 1923 quotiens
904 1835 999 1900 multi
1017 1858 1132 1900 uersus
1145 1837 1368 1923 inprobantur,

230 1960 271 2002 ne
291 1962 351 2026 per
374 1934 521 2019 singulos
543 1935 724 2001 abolentur.
1379 1950 1403 1991 1⁵

320 2049 358 2113 ε
376 2056 493 2101 auersa
521 2036 721 2101 obelismene
750 2041 784 2103 in
811 2061 867 2103 ore
887 2039 1036 2124 ponitur,
1065 2060 1149 2125 quae
1173 2038 1215 2102 ad
1244 2037 1369 2125 aliquid

229 2140 410 2227 respiciunt
430 2146 467 2201 ut
486 2144 601 2202 ‘nosne
618 2138 680 2203 tibi
701 2138 809 2204 fluxas
828 2138 1017 2225 Phrygiae'.

314 2271 348 2298 .·.
368 2237 481 2304 obelus
511 2260 585 2303 cum
613 2249 734 2325 puncto
761 2240 804 2305 ad
830 2261 869 2303 ea
897 2238 939 2303 de
968 2238 1087 2326 quibua
1109 2238 1276 2303 dubitatur
1298 2238 1369 2302 tolli

230 2340 371 2407 debeant
383 2346 503 2404 necne.

316 2453 397 2517 >-
415 2439 505 2526 diple
522 2439 721 2505 obelismene
735 2440 776 2504 ad
796 2439 995 2527 separandas
1012 2443 1048 2505 in
1062 2439 1238 2506 comoediis
1254 2447 1289 2504 et
1304 2448 1367 2505 tra·
1378 2456 1404 2497 ro
1437 2410 1442 2419 .

165 2590 170 2600 .
228 2543 353 2628 goediis
374 2539 536 2629 periodos.

308 2653 395 2716 ·—<
421 2662 539 2705 auersa
558 2640 774 2724 obelismene,
797 2642 946 2728 quotiens
969 2642 1100 2728 strophe
1121 2642 1193 2729 (et)
1216 2644 1369 2706 antistro-

230 2744 311 2832 pbos
332 2742 482 2807 infertur.

313 2847 356 2924 Ξ
379 2843 467 2929 diple
497 2865 636 2928 superne
667 2842 796 2921 obelata
819 2846 951 2929 ponitur
972 2843 1014 2907 ad
1037 2844 1260 2909 condicionem
1282 2843 1368 2908 loeo·

228 2968 300 3012 rum
319 2943 372 3009 uel
396 2965 608 3030 personarum
629 2943 682 3009 uel
701 2953 882 3030 temporum
900 2954 1068 3009 mutatam.
1277 3006 1283 3017 .
1377 2960 1403 3001 2⁵
1471 2934 1477 2945 ”

318 3068 352 3130 >
379 3061 414 3123 <
431 3054 522 3110 reeta
542 3056 575 3110 et
596 3067 714 3110 auersa
732 3067 873 3134 superne
897 3046 1045 3111 obelatae
1065 3055 1231 3132 ponuntur
1250 3047 1271 3125 †
1294 3069 1368 3110 oum

230 3147 344 3213 eadem
366 3144 555 3232 significant
577 3147 781 3234 similemque
804 3157 992 3235 sequentem
1014 3169 1096 3212 ease.
1144 3184 1166 3228 χ

227 3287 383 3352 terponitur
401 3286 435 3335 ad
454 3286 624 3351 separandas
643 3286 671 3335 in
690 3287 839 3337 comoediis
858 3285 903 3336 uel
921 3286 1073 3349 tragoediis
1091 3285 1227 3351 periodos.
1263 3286 1369 3336 Auersa

229 3354 398 3405 obelismene
418 3355 545 3417 quotiens
564 3353 674 3419 strophe
694 3359 722 3404 et
735 3355 922 3419 antistrophus
935 3354 1061 3403 infertur.
1092 3355 1197 3403 Auersa
1215 3369 1276 3403 eum
1289 3353 1368 3403 obelo

229 3423 264 3473 ad
283 3439 317 3472 ea
334 3423 445 3487 ponitur
463 3437 532 3486 quse
552 3421 586 3470 ad
605 3421 711 3486 aliquid
729 3422 882 3487 respiciunt
899 3427 929 3470 ut
947 3421 1048 3470 ‘Nosne
1062 3421 1114 3470 tibi
1133 3422 1218 3471 fluxas
1230 3421 1368 3485 Phrygiae

228 3506 273 3540 res
291 3496 400 3539 uertere
418 3489 503 3538 fundo
516 3490 670 3539 Conamur'?
688 3493 755 3537 nos?
774 3505 809 3539 an
822 3491 936 3538 miseros
955 3490 1000 3554 qui
1013 3489 1100 3541 Troas
1113 3488 1226 3538 Achiuis
1239 3488 1368 3537 Obieoit?

229 3557 310 3623 Diple
333 3573 450 3621 superne
475 3556 587 3606 obelata
610 3557 721 3621 ponitur
744 3556 780 3606 ad
803 3557 976 3606 conditiones
1003 3555 1125 3605 locorum
1150 3571 1183 3605 ae
1206 3560 1367 3620 temporum.
1471 3596 1478 3613 ,

228 3626 318 3674 Recta
337 3630 366 3675 ot
384 3639 482 3674 auersa
500 3639 617 3689 superne
636 3624 748 3674 obelata
766 3625 877 3689 ponitur
894 3624 973 3673 finita
991 3623 1053 3673 loeo
1072 3639 1121 3673 suo
1138 3623 1265 3683 monade,
1283 3623 1368 3687 signi·

229 3693 348 3756 licetque
367 3692 486 3741 similem
504 3696 663 3756 sequentQ
718 3707 787 3755 oque
810 3706 882 3741 esse.
918 3691 1083 3741 Ceraunium
1107 3691 1217 3755 ponitur
1241 3690 1369 3753 quotiens

228 3759 308 3808 multi
325 3775 422 3809 uersus
440 3759 622 3823 inprobantur
644 3776 661 3807 n
719 3774 768 3823 per
786 3758 910 3823 singulos
928 3758 1082 3809 obelantur.
1118 3757 1277 3806 ceraunium
1295 3758 1368 3807 enim

229 3826 334 3876 fulmen
357 3826 468 3876 dieitur.
505 3825 658 3889 (caretro).
686 3826 856 3875 Chresimon.
887 3826 958 3875 haec
982 3826 1042 3875 sola
1065 3842 1098 3875 ex
1120 3822 1264 3873 uoluntate
1288 3825 1368 3872 unius

229 3895 361 3958 cuiusque
381 3895 415 3942 ad
435 3893 546 3958 aliquod
564 3893 714 3943 notandum
732 3894 851 3957 ponitur.
888 3894 940 3943 l’hi
954 3897 982 3943 et
994 3910 1023 3942 ro
1037 3893 1064 3941 id
1078 3898 1121 3943 eat
1132 3891 1265 3958 phrontis.
1297 3891 1368 3941 haee

314 4024 471 4077 litantum
483 4016 602 4086 scripsi:
620 4016 755 4071 autemP
767 4007 782 4095 ΙΙ
799 4021 830 4076 16
842 4009 949 4092 nosne]
971 4015 1052 4087 Verp.
1067 4017 1135 4071 Aen.
1147 4017 1180 4072 X
1190 4018 1230 4071 88
1244 4005 1258 4092 ll
1273 4031 1368 4071 nosne

228 4100 283 4160 tibi
297 4101 393 4159 fluxas
406 4098 561 4177 Phrygiae
578 4101 684 4170 scripsi
697 4115 712 4154 e
732 4100 815 4173 Verp.
831 4102 848 4156 l.
866 4117 909 4156 a:
925 4117 992 4156 nos.
1005 4105 1045 4157 te.
1061 4096 1124 4157 tibi.
1136 4099 1233 4157 fluxas
1248 4097 1369 4176 frygiae

228 4189 257 4243 P
268 4179 282 4265 ΙΙ
300 4190 332 4245 19
351 4184 446 4242 strofa
460 4187 487 4241 P
500 4177 514 4263 ΙΙ
544 4189 575 4238 et
595 4185 693 4239 addidi
705 4176 719 4264 l}
735 4184 910 4242 antistrofos
925 4185 952 4240 P
964 4176 978 4263 ll
993 4191 1027 4244 25
1043 4202 1109 4240 oum
1128 4180 1368 4259 eademsignifi-

229 4278 301 4328 eant
317 4267 507 4348 similemque
524 4274 703 4347 sequentem
718 4277 858 4341 corrupta
874 4276 950 4325 sunt.
967 4268 1006 4341 cs.
1024 4269 1155 4327 Isidorus
1172 4271 1243 4325 ta:
1272 4264 1369 4322 ‘finita

227 4355 296 4413 loeo
314 4371 368 4411 suo
384 4352 514 4415 monade
529 4352 741 4431 significatque
753 4351 882 4426 similem
891 4358 1070 4432 sequentem
1087 4369 1207 4431 quoque
1224 4350 1312 4408 esse!
