3186 4996
709 432 751 474 nu
774 430 891 473 coeris
1324 410 1364 473 53

228 579 382 668 quentiae
403 579 590 661 doctoribus
612 587 758 662 uacaret,
788 579 822 643 in
844 577 922 643 belli
944 576 1051 642 ciuilis
1074 586 1220 662 tempora
1239 576 1365 659 incidit,

228 664 315 769 qdod
341 683 510 766 Augustus
536 681 692 763 aduersus
717 681 896 746 Antonium
921 681 1041 765 gessit,
1071 681 1274 766 primumque
1293 687 1366 765 post

228 785 415 863 Mutinense
430 783 551 847 bellum
572 784 736 847 ueteranis
754 782 925 867 (agricius
943 780 1109 845 distributi
1127 783 1230 867 sunt),
1252 792 1366 866 postea

229 888 397 950 restitutus
422 885 579 950 beneficio
605 883 746 970 Alpheni
776 884 870 965 Vari,
899 884 1008 947 Asinii
1037 882 1194 948 Pollionis
1223 893 1256 947 et
1287 882 1365 947 Cor-

201 987 307 1051 onelii
324 986 428 1073 Galli,
449 987 595 1073 quibus
586 1010 620 1050 ιιι
639 985 802 1050 Bucolicis
820 985 986 1061 adulatur
1010 973 1128 1048 deinde
1148 976 1207 1072 per
1226 995 1300 1070 grat
1301 986 1364 1048 iam

228 1089 459 1153 Maecenatis
451 1111 485 1151 ιιι
507 1085 681 1151 amicitiam
706 1088 858 1151 Caesaris
879 1087 956 1151 duct
944 1098 995 1150 tus
1019 1095 1078 1151 est.
1108 1088 1194 1151 uixit
1216 1086 1365 1175 pluribus

228 1190 323 1254 annis
346 1174 504 1254 liberali
496 1212 530 1253 ιιι
547 1190 635 1270 ocio,
666 1199 797 1253 secutus
819 1188 952 1275 Epicuri
976 1196 1112 1270 sectam,
1140 1190 1262 1275 insigni
1291 1211 1365 1253 con-

228 1291 340 1357 cordia
362 1299 394 1355 et
415 1289 585 1355 familiarit
572 1300 639 1354 tate
658 1312 737 1355 usus
753 1289 854 1370 Quint
842 1289 890 1354 tili
907 1289 1036 1377 Tuscae
1058 1302 1090 1354 et
1112 1290 1203 1367 Vari.
1236 1291 1366 1377 scripsit

227 1393 376 1457 bucolica
414 1412 517 1456 annos
556 1402 651 1455 natus
687 1391 834 1455 VlIIt
802 1401 834 1455 et
866 1391 935 1455 XX
953 1373 1183 1456 Theocritum
1222 1402 1363 1475 secutus,

194 1496 382 1579 irgeorgica
409 1492 587 1557 Hesiodum
617 1503 649 1557 et
677 1492 874 1574 Varronem,
906 1494 1090 1558 Aeneida
1080 1516 1249 1579 ingressus
1276 1492 1364 1558 bello

228 1594 424 1660 Cantabrico
441 1622 481 1657 n
496 1593 556 1658 boo
571 1616 699 1681 quoque
710 1616 828 1681 magna
844 1595 1012 1660 industria.
1036 1596 1078 1660 ab
1094 1597 1245 1683 Augusto
1261 1615 1364 1682 usqua

227 1697 268 1761 ad
297 1697 481 1761 sestertium
505 1698 627 1760 centies
656 1697 846 1762 honestatus
874 1708 932 1761 est.
980 1698 1121 1762 decessit
1148 1698 1182 1761 in
1210 1695 1364 1763 Calabria

226 1820 347 1863 annum
367 1819 468 1884 agens
485 1798 788 1885 quinquagesimum
805 1809 837 1862 et
857 1800 995 1886 primum
1017 1799 1192 1864 heredibus
1214 1800 1364 1884 Augusto

155 1910 159 1918 '
227 1911 260 1964 et
281 1900 469 1964 Maecenate
492 1921 564 1963 eum
586 1899 724 1965 Proculo
747 1904 870 1965 minore
897 1901 1009 1966 fratre.
1051 1903 1084 1964 in
1112 1902 1182 1966 eius
1205 1899 1363 1988 sepulcro,

193 2002 311 2090 equod
335 2012 383 2067 est
404 2002 436 2065 in
454 2002 509 2064 uia
532 2000 710 2066 Puteolana
731 2004 791 2068 hoc
812 2002 932 2088 legitur
952 2004 1169 2090 epigramma:

311 2104 446 2169 blantua
464 2105 667 2189 megenuit,
692 2104 821 2169 Calabri
844 2127 997 2193 rapuere,
1016 2113 1105 2168 tenet
1128 2127 1215 2169 nunc

395 2205 617 2291 Parthenope:
641 2207 743 2270 cecini
765 2228 884 2293 pascua
906 2230 982 2272 rura
1006 2207 1116 2270 duces.

228 2308 346 2372 Aeneis
370 2321 499 2371 seruata
522 2308 563 2372 ab
585 2309 751 2392 Augusto,
774 2311 923 2395 quamuis
940 2312 1008 2397 ipsc
1024 2318 1217 2373 testamento
1231 2311 1363 2371 damna·

226 2582 271 2615 ses
290 2565 408 2615 contulit
426 2565 456 2614 C.
476 2566 519 2614 W.
539 2565 684 2625 Mittimus,
704 2567 898 2616 Monacensem
918 2566 947 2614 C.
967 2565 1106 2625 Halmius,
1126 2566 1310 2629 Baginenscm
1329 2564 1361 2613 G.

226 2634 330 2693 Thilot:
363 2632 443 2682 ‘Vita
460 2632 552 2682 Publii
571 2634 680 2699 Virgilii
704 2635 825 2684 Maronis
843 2633 981 2699 Discipuli
999 2634 1091 2699 Epidii
1110 2635 1236 2683 oratoris,
1266 2633 1362 2693 tonaB

225 2704 268 2752 De
286 2701 433 2752 nobilitate
453 2716 486 2750 ac
504 2701 548 2750 die
567 2708 649 2765 atque
668 2707 790 2768 tompore
803 2703 962 2752 natiuitatis
980 2718 1012 2751 ac
1026 2702 1197 2765 longitudino
1216 2704 1291 2751 uitae
1310 2702 1362 2750 Pu-

225 2770 275 2819 blii
298 2769 409 2834 Virgilii
432 2769 554 2817 Maronis
577 2769 706 2833 discipuli
730 2770 823 2835 Epidii
847 2771 964 2820 oratoris
987 2771 1086 2834 incipit
1109 2770 1141 2831 n>
1164 2769 1278 2819 Publius
1302 2769 1362 2819 Vir-

226 2837 308 2901 gilius
327 2838 404 2887 Maro
423 2852 524 2901 genere
537 2837 703 2885 Mantuanus
722 2838 858 2899 dignitate
878 2853 962 2902 eques
981 2846 1060 2902 toque
1080 2839 1143 2905 'illl
1157 2839 1296 2888 Romanus
1314 2853 1362 2886 na·

224 2914 269 2955 tns
292 2905 383 2954 idibus
401 2903 567 2954 Octobribus
590 2904 722 2966 (octobris
740 2906 775 2965 Bt
799 2906 847 2954 Cn.
877 2908 938 2961 itin.
959 2905 983 2954 B
1001 2922 1072 2969 gneo
1090 2907 1154 2959 litt)
1173 2906 1303 2970 Pompeio
1325 2906 1361 2954 M.

225 2976 328 3029 (marco
341 2972 406 3025 HM)
419 2974 519 3022 Crasso
538 2988 607 3020 coss.
626 2972 796 3033 (consulibus
808 2974 884 3033 ΙιΜις
904 2979 934 3022 ut
951 2974 1065 3038 primum
1078 2990 1107 3023 se
1120 2974 1237 3023 contulit
1250 2974 1362 3022 ltonrsm

224 3042 322 3103 (Roma
344 3041 367 3090 It
390 3041 493 3089 Rornae
517 3040 597 3103 ΒΜ),
626 3040 730 3096 studuit
754 3041 825 3106 apud
847 3042 974 3106 Epidium
998 3049 1134 3092 oratorem
1158 3058 1218 3091 cum
1242 3043 1362 3091 Caesare

138 3102 144 3111 ’
224 3111 356 3172 Augusto.
385 3107 470 3169 unde,
495 3124 555 3157 cnm
579 3108 703 3157 omnibus
726 3109 884 3158 Mantuanis
903 3112 964 3174 agri
983 3107 1059 3173 (agre
1078 3109 1114 3173 B)
1133 3110 1308 3159 auferrentur
1325 3109 1363 3171 (in

224 3176 250 3226 B
266 3181 318 3226 nitu
334 3179 359 3225 ia
378 3176 443 3225 aule
461 3176 577 3237 desiuit),
597 3176 667 3240 quod
685 3178 850 3226 Antonianis
868 3177 992 3242 partibus
1011 3178 1147 3226 irruissent
1164 3178 1293 3235 (inissent
1311 3178 1360 3239 M),

225 3244 288 3294 huic
307 3244 358 3293 soli
377 3242 445 3303 (stilo
460 3245 523 3307 titt>
542 3244 681 3293 concessit
698 3246 828 3294 memoria
848 3244 1092 3309 condiscipulatus,
1112 3250 1143 3294 nt
1162 3250 1189 3293 et
1207 3246 1266 3309 ipso
1280 3251 1362 3308 poeta

224 3318 343 3362 testatur
362 3313 389 3360 in
408 3312 543 3362 bucolicis
561 3311 705 3375 (bucolicis
723 3313 756 3373 It)
774 3312 904 3362 diceudo:
928 3312 1004 3360 Deus
1023 3313 1102 3361 uobis
1120 3312 1190 3362 haec
1209 3314 1266 3361 otia
1285 3312 1361 3360 iecit.

223 3381 364 3445 inquibus
382 3380 522 3445 ingenium
541 3394 619 3429 suum
639 3384 765 3443 expertus
785 3386 838 3442 (est
855 3382 916 3429 add.
935 3380 1002 3429 B'M
1008 3396 1013 3433 ι
1034 3383 1156 3430 fauorem
1174 3394 1280 3444 quoque
1293 3379 1362 3428 Cne-

224 3448 294 3499 saris
319 3449 435 3497 emeruit
458 3464 492 3497 ac
515 3447 614 3497 deinde
638 3448 770 3511 georgica
789 3449 954 3514 conscripsit
973 3456 1000 3497 et
1023 3450 1050 3497 in
1068 3449 1111 3497 his
1128 3447 1303 3497 corroborato
1321 3446 1362 3495 in-

223 3517 307 3581 genio
326 3517 385 3565 eius
408 3516 533 3565 Aeneida
550 3516 723 3580 conscripsit
752 3517 796 3565 cui
810 3516 889 3567 finem
908 3532 962 3566 non
975 3517 1064 3582 potuit
1081 3518 1219 3581 imponere
1237 3520 1332 3580 raptus
1346 3529 1363 3562 a

223 3585 299 3633 satis.
314 3590 341 3634 et
354 3583 416 3632 ideo
429 3584 607 3633 inueniuntur
620 3583 691 3647 apud
704 3600 765 3633 eum
778 3587 873 3633 uersus
885 3600 939 3634 non
952 3585 1072 3649 peracti,
1093 3583 1190 3648 quibus
1203 3598 1256 3631 non
1269 3597 1362 3647 super-

224 3652 294 3701 uixit
307 3651 341 3701 ad
360 3650 528 3716 replendum.
558 3652 628 3700 uixit
647 3667 734 3701 annos
747 3652 813 3715 LII,
834 3652 959 3701 amicitia
977 3668 1041 3701 risus
1061 3652 1233 3717 imperatoris
1245 3650 1363 3714 Augusti

224 3726 253 3769 et
271 3719 387 3770 aliorum
405 3719 583 3784 complurium
603 3714 673 3781 tciun
692 3719 808 3785 plurium
827 3721 860 3783 lt)
879 3720 1131 3785 probatissimorum
1150 3716 1293 3769 uirorum)

307 3949 324 4001 ι
344 3960 533 4020 primumque
555 3952 625 4020 post
644 3942 818 4002 Mutinense
841 3942 955 4002 bellum
977 3944 1131 4002 ueteranis
1153 3941 1295 4020 agricius
1318 3941 1361 4001 di·

223 4024 343 4084 stributi
359 4036 427 4083 sunt
436 4033 571 4107 ,postea
585 4034 657 4087 coni.
673 4031 800 4086 Keitius:
814 4030 1004 4110 primumque
1021 4035 1090 4107 post
1103 4028 1276 4087 Mutinense
1297 4025 1361 4085 bel·

223 4111 287 4169 lum
304 4112 476 4183 ueteranis,
497 4120 606 4190 postea
626 4116 655 4171 Ε
673 4132 862 4192 primumque
885 4113 1065 4172 bellumt
1013 4122 1065 4172 net
1066 4115 1165 4173 eranis
1187 4122 1256 4191 post
1271 4112 1361 4171 Muti·
1445 4148 1448 4155 ι

222 4216 317 4255 nense
333 4205 441 4275 postea
453 4193 540 4277 PVll
560 4208 577 4259 4
597 4198 708 4257 Albeni
737 4195 784 4255 l'¹
813 4208 973 4259 <iectast
1004 4193 1195 4277 trigintal'll
1214 4209 1239 4260 11
1263 4197 1365 4255 hacP

221 4286 355 4340 lacunam
379 4282 517 4341 antehoc
533 4287 645 4341 Keitius
661 4288 760 4341 statuit
779 4209 830 4365 ,9
812 4295 878 4357 post
895 4283 1043 4343 industria
1058 4286 1229 4357 interpunxi
1248 4277 1260 4363 ΙΙ
1285 4290 1316 4341 lt
1330 4281 1361 4337 in

223 4367 288 4424 eius
303 4368 429 4425 Keilius:
446 4369 530 4426 cuius
553 4369 604 4426 Vr
618 4369 725 4448 quoius
745 4372 773 4426 E
786 4366 798 4450 ll
818 4376 847 4430 17
865 4389 978 4446 pascua
993 4388 1084 4448 poma
1104 4368 1236 4447 phruges
1263 4360 1311 4445 Vll
1330 4373 1362 4427 18

223 4449 413 4511 damnauerit
401 4457 498 4511 teoni
517 4456 644 4512 Keitius:
662 4451 785 4512 damnat
804 4456 881 4511 VPE
