3200 4992
479 423 521 467 oa
546 422 768 467 aasuasrrers
791 422 832 466 ar
856 422 1060 466 aaaronrsvs
1277 400 1336 463 125

202 574 339 638 uxorem
359 570 520 654 Fuluiam,
543 574 595 636 eui
618 573 721 636 ultera
739 571 841 635 bucca
860 570 1001 635 inflatior
1015 579 1094 652 erat,
1117 591 1252 633 acumen
1271 570 1338 633 stili

202 682 360 760 temptare
382 673 480 754 dixit,
510 695 630 739 necao
653 674 777 756 minus,
806 675 905 738 immo
927 671 980 737 uel
1003 674 1107 756 magis
1131 671 1171 735 ob
1191 670 1250 734 hoc
1270 673 1336 735 An-

200 777 289 840 tonio
311 785 433 860 matus.
479 795 499 837 a
527 795 590 860 quo
615 795 692 841 mox
719 775 850 838 consule
877 776 993 861 ingens
1016 775 1113 838 etiam
1136 774 1336 857 congiarium

202 879 336 964 accepit,
351 887 389 941 ut
404 877 434 941 ei
454 876 486 939 in
503 874 695 963 Philippicis
713 875 828 941 Cicero
844 875 973 941 obiicit:
998 874 1146 940 ‘adhibes
1160 876 1221 939 ioci
1238 896 1338 941 censa

175 981 409 1064 tmagistrum,
435 977 590 1062 suffragio
614 987 669 1042 tuo
703 989 736 1042 et
764 986 983 1063 compotorum
1009 987 1138 1043 tuorum
1164 977 1336 1057 rhetorem,
1429 986 1435 995 '

201 1080 282 1165 (cui)
299 1058 490 1143 concessisti
501 1088 537 1141 ut
554 1079 587 1142 in
604 1079 665 1167 (te)
683 1100 766 1167 quae
787 1078 888 1143 uellet
902 1079 1039 1157 diceret,
1063 1077 1184 1143 salsum
1206 1079 1337 1142 omnino

202 1182 377 1261 bominem,
391 1179 449 1243 sed
463 1182 599 1244 materia
612 1179 718 1245 facilis
732 1182 780 1266 (iu
792 1181 837 1266 tc)
853 1189 885 1244 et
897 1182 930 1245 in
942 1189 1015 1246 tuos
1028 1181 1147 1267 (dicta)
1162 1179 1282 1244 dicare.
1305 1190 1338 1243 at

202 1292 327 1370 quanta
341 1302 464 1346 merces
479 1280 602 1349 rhetori
614 1291 664 1347 est
681 1282 773 1347 data!
796 1282 916 1363 audite,
929 1283 1048 1357 audite,
1063 1282 1098 1347 P.
1111 1281 1147 1345 O.
1160 1291 1192 1346 et
1203 1304 1337 1367 eognos-

201 1388 264 1448 cite
291 1384 338 1449 rei
357 1382 507 1470 publicas
521 1383 672 1469 [uolnera.
708 1383 876 1448 duomilia
893 1386 1041 1469 iugerum
1059 1386 1164 1470 campi
1183 1383 1336 1451 Leontini

170 1502 194 1542 ιο
203 1485 279 1551 Sex.
304 1484 419 1549 Clodio
438 1484 561 1549 rhetori
581 1486 756 1571 assignasti
786 1486 968 1572 etquidem
989 1487 1162 1568 immunia,
1192 1495 1226 1550 ut
1244 1496 1337 1550 tanta

201 1586 349 1652 mercede
372 1574 454 1650 nihil
476 1607 590 1673 sapere
612 1587 779 1651 disceres.’

286 1704 316 1753 c,
341 1702 511 1751 ausvcrvs
534 1704 631 1751 stass
654 1687 865 1754 Nouariensis
887 1711 960 1754 cum
985 1689 1153 1755 aedilitate
1176 1690 1208 1754 in
1228 1692 1387 1777 patria30

202 1790 392 1873 iungeretur
415 1810 552 1876 cumque
576 1789 659 1853 forte
682 1790 731 1853 ius
752 1790 884 1872 diceret,
907 1793 1008 1856 abiis
1031 1803 1144 1857 contra
1163 1815 1243 1879 quos
1265 1808 1387 1885 pro-(0)

200 1888 372 1955 nuntiabat
399 1888 538 1977 pedibus
566 1914 584 1954 c
614 1889 769 1955 tribunali
793 1892 957 1957 detractus
976 1903 1036 1959 est.
1087 1895 1173 1981 quod
1202 1894 1335 1977 indigne

168 1993 308 2057 aserens
332 1993 439 2055 statim
456 1991 625 2056 contendit
647 1990 689 2055 ad
706 2001 830 2078 portam
853 2004 886 2058 et
902 1995 977 2058 inde
996 1995 1147 2078 Romam,
1173 2007 1335 2082 receptus·

201 2097 320 2179 quein
348 2094 462 2157 Planci
487 2097 623 2159 oratoris
650 2094 913 2179 rsontubernium,
940 2096 993 2159 cui
1023 2096 1241 2160 declamatore
1268 2118 1337 2160 mos

201 2204 269 2259 erat
301 2196 391 2283 prius
418 2194 559 2282 aliquem
587 2196 743 2282 quiante
771 2196 893 2261 diceret
920 2198 1081 2279 excitare,
1112 2199 1256 2283 suscepit
1282 2218 1337 2261 eas

200 2309 309 2385 partes
337 2308 434 2384 atque
456 2297 502 2359 ita
525 2298 674 2383 impleuit
688 2308 726 2360 ut
747 2297 867 2363 Planco
884 2298 1046 2362 silentium
1069 2301 1247 2386 imponeret
1274 2320 1337 2362 non

200 2399 332 2463 audenti
361 2400 394 2461 in
422 2400 695 2483 comparationem
724 2422 759 2463 se
785 2399 964 2464 demittere.
1013 2401 1070 2464 scd
1095 2423 1138 2465 ex
1164 2423 1202 2466 co
1231 2400 1338 2464 claros
1428 2390 1448 2417 ³

271 2536 299 2585 1⁸2
322 2552 380 2602 sqq.
408 2537 591 2601 Hieronymus
615 2536 658 2588 01.
680 2536 741 2599 193,
760 2537 776 2589 3
794 2537 833 2597 (a.
854 2538 933 2601 718);
959 2538 1105 2590 ‘Albucius
1124 2539 1175 2601 (sic
1193 2540 1245 2589 BP
1254 2539 1336 2604 Saul.)

201 2605 257 2655 Silo
268 2606 448 2657 Nouariensis
461 2603 552 2655 clarus
564 2607 656 2655 rhetor
669 2604 846 2671 agnoscitur)
871 2606 956 2656 ‘Silo'
968 2607 1162 2673 neglegentiae
1175 2608 1335 2671 Hieronymi

199 2672 371 2723 tribuendum
395 2678 446 2722 est.
487 2674 595 2723 Seneca
618 2682 740 2724 controv.
764 2675 790 2723 X
805 2676 899 2740 rpraei.
924 2692 949 2740 p.
973 2676 1037 2737 ⁶295,
1060 2676 1094 2725 ab
1116 2691 1169 2740 sq.:
1207 2678 1336 2740 ‘primum

199 2740 352 2791 tetradeum
381 2741 452 2804 quod
480 2742 581 2791 isaiam
611 2744 763 2808 quaeritis?
791 2744 921 2793 Latronis
947 2744 1032 2793 Fusci
1055 2744 1154 2793 Albuci
1182 2741 1335 2793 Latronis.'

200 2808 387 2871 Quintilianus
404 2808 432 2858 II
453 2808 491 2872 15,
511 2808 556 2859 sb:
581 2810 721 2863 ‘Albucius
740 2827 793 2861 uon
812 2812 944 2861 obscurus
962 2813 1100 2877 professor
1118 2817 1200 2877 atque
1219 2809 1334 2862 auctor'.

149 3007 156 3022 ,
282 2957 296 3012 1
310 2965 329 3003 a
344 2955 447 3003 tumen
460 2948 479 3003 I
490 2940 504 3027 Η
520 2945 593 3023 stillj
606 2950 625 3005 I
637 2943 641 3028 Ι
665 2955 840 3027 atemptare
853 2953 1055 3028 Gtamperare
1073 2951 1225 3008 Otentare
1246 2940 1340 3007 Vtar

200 3029 212 3111 Η
229 3029 398 3112 1111010111
415 3030 452 3089 ab
468 3033 487 3088 I
499 3027 512 3111 Η
526 3030 583 3090 hec
600 3036 643 3113 01
666 3042 683 3094 3
701 3032 864 3109 cogiarium
883 3037 935 3092 NG
950 3033 963 3115 Η
978 3046 995 3095 4
1011 3036 1151 3113 occoepit
1167 3037 1197 3091 N
1213 3029 1226 3116 Η
1247 3034 1334 3114 phili-

197 3116 309 3195 picis!
327 3112 341 3198 Η
360 3115 391 3197 in
406 3115 586 3194 Philippicis
606 3114 727 3195 Cicero]
747 3120 784 3176 ΙΙ
797 3125 831 3177 17
845 3114 859 3201 Η
875 3118 967 3178 obicit
985 3122 1007 3178 0
1023 3118 1036 3199 Η
1052 3119 1189 3178 Adhibes
1202 3138 1241 3176 cx
1259 3122 1336 3178 Cice·

198 3219 268 3259 rone
289 3204 466 3261 Beroaldus:
501 3201 573 3261 'l'ibi
596 3210 628 3261 et
646 3206 712 3261 libri
726 3214 848 3276 praeter
875 3208 912 3275 sl,
936 3209 987 3279 qui
1005 3209 1111 3263 lacuna
1129 3209 1228 3262 relicta
1249 3225 1303 3263 om.
1321 3199 1334 3283 Η

199 3306 307 3345 caussa
320 3288 342 3343 L
358 3285 372 3368 Η
385 3282 459 3364 ioci]
475 3286 539 3345 soci
552 3289 569 3345 I
581 3287 650 3364 sotij
668 3290 697 3345 Ν
709 3282 722 3368 Η
737 3300 753 3350 5
768 3289 941 3365 magistram
955 3293 977 3347 0
993 3285 1006 3371 Η
1022 3298 1226 3368 compotorum
1240 3308 1280 3348 ex
1293 3292 1336 3347 Ci-

197 3389 301 3430 ceraue
324 3372 503 3447 Stephanus:
536 3371 764 3451 competitorum
785 3377 851 3431 libri
875 3379 932 3431 uisi
954 3379 1030 3449 quod
1050 3377 1069 3431 I
1096 3374 1335 3452 compeditorum

197 3461 280 3515 babet
299 3451 314 3539 Η
336 3465 352 3520 6
368 3459 414 3516 cui
430 3460 539 3515 addidit
553 3476 592 3516 ea
605 3458 660 3515 Cic.
681 3461 843 3537 Beroaldus
863 3454 877 3540 Η
899 3459 930 3518 in
946 3470 975 3518 tc
988 3479 1068 3540 quae
1081 3478 1120 3517 aar
1137 3461 1193 3517 Cic.
1219 3463 1335 3516 11110111-

198 3547 265 3601 dus:
293 3544 323 3601 in
336 3562 431 3624 quem
452 3544 520 3600 libri
533 3538 545 3624 Η
561 3542 658 3602 uelles
677 3547 700 3600 G
714 3538 727 3624 Η
742 3543 890 3602 salsumL
907 3546 1094 3619 (Pantanus),
1120 3547 1279 3602 Beroaldus
1296 3563 1335 3600 ar

199 3630 270 3686 Cia:
286 3628 396 3687 falsum
412 3632 478 3686 libri
495 3631 507 3706 i,
528 3637 542 3691 l
561 3630 633 3686 inte
650 3630 693 3686 01
709 3631 870 3720 Beroaldus
884 3649 923 3688 ea
940 3633 1012 3688 Cia:
1027 3649 1081 3687 om.
1099 3631 1197 3686 l'LNG
1220 3624 1244 3749 Η
1255 3630 1336 3687 clieta

199 3765 227 3821 N
244 3752 407 3838 Siepbairus
429 3781 468 3822 ex
489 3765 562 3825 ea„-
590 3784 642 3822 ora.
667 3766 784 3823 VLOGI
801 3762 813 3845 Η
834 3722 944 3843 dhaere
961 3766 980 3823 I
990 3759 1004 3848 Η
1018 3775 1074 3844 Sp.
1092 3786 1117 3823 c.
1136 3768 1158 3823 G
1174 3786 1205 3844 p.
1222 3714 1248 3827 1.
1272 3768 1334 3844 Vp.

199 3869 265 3908 con.
283 3851 424 3911 LPatres
442 3848 605 3927 conscripti
624 3852 697 3909 NOI
706 3908 718 3928 Η
734 3858 751 3912 9
765 3853 818 3910 rei.
845 3873 871 3930 p.
890 3855 912 3910 L
932 3853 998 3929 reip
1016 3850 1065 3934 Gn
1082 3850 1208 3910 uolnera
1231 3851 1334 3910 Vuul·

197 3954 271 3993 nera
287 3937 407 3994 NLGOI
418 3931 432 4018 Η
444 3934 541 3994 millia
555 3937 579 3994 L
592 3929 606 4016 Η
623 3936 716 3996 Sexto
738 3938 789 3995 NG
804 3930 817 4016 Η
837 3950 867 3999 111
885 3936 1053 4014 adsignasti
1071 3941 1093 3997 0
1112 3935 1126 4016 Η
1148 3938 1291 3997 immunia
1312 3940 1334 3993 0

200 4022 360 4079 Beroaldus
374 4039 414 4079 ea
431 4024 505 4080 Cia:
520 4021 643 4080 immuni
658 4027 724 4081 libri
739 4022 854 4097 (imuni
876 4023 916 4098 V)
931 4016 944 4102 Η
965 4034 990 4083 11
1010 4022 1103 4082 nichil
1126 4018 1175 4102 Vll
1195 4032 1224 4084 lt
1241 4023 1333 4082 Caius

199 4107 220 4163 L
235 4104 249 4186 Η
263 4105 407 4166 Albutius
422 4109 488 4164 libri
501 4098 516 4186 Η
529 4107 736 4166 nouaricensis
749 4110 771 4163 ll
787 4104 801 4185 Η
817 4118 849 4169 13
865 4126 993 4185 cumque
1010 4111 1245 4180 Oirdeudorpius:
1267 4127 1334 4165 cum

197 4194 289 4255 LOGI
300 4210 390 4274 quorn
411 4195 440 4250 Ν
454 4211 522 4249 eum
544 4192 568 4247 V
579 4188 592 4265 Η
613 4201 640 4256 ll
658 4189 803 4271 excitare]
823 4211 948 4254 exorare
966 4194 988 4249 0
1003 4188 1017 4273 Η
1032 4194 1134 4252 eiusO
1154 4186 1167 4273 Η
1194 4202 1223 4253 18
1239 4192 1334 4271 partis

198 4275 248 4358 ΝΗ
264 4274 369 4358 atque]
386 4297 485 4337 mores
503 4274 552 4355 ΘΗ
571 4281 602 4337 19
619 4277 753 4336 audienti
772 4280 801 4335 N
814 4277 927 4336 student
949 4273 991 4358 ΙΗ
1008 4275 1190 4354 οοιηραῑίτῆῆς
1219 4279 1244 4333 l'
1255 4294 1334 4334 eom-

196 4367 350 4439 pationcm
361 4364 644 4441 Lcomperationem
657 4364 675 4419 l
684 4360 695 4442 ζ
710 4362 869 4421 demittere
882 4364 939 4420 lae.
954 4366 1126 4421 Gronovius:
1138 4362 1288 4421 dimittere
1301 4365 1333 4419 li·

196 4451 241 4506 bri
254 4444 269 4533 Η
283 4449 427 4508 clarius!
