3200 4992
624 389 666 432 ns.
690 390 777 432 isso
801 388 1003 432 aouasonvu
1328 373 1383 434 151

242 544 309 603 tem
323 536 476 603 horarum
496 534 578 603 XII.
599 544 709 624 partes
726 535 864 602 abusiue
884 535 949 601 diei
968 524 1034 601 tres
1059 544 1150 601 sunt:
1171 554 1269 601 nsua
1287 554 1388 602 unui-

242 654 323 747 Dilts
339 647 372 705 et
388 655 559 704 sveni-titt.
581 640 677 705 initia
692 638 758 703 diei
777 637 835 702 alii
850 659 870 703 a
885 636 962 705 solis
979 647 1052 703 ortu
1069 648 1186 723 putant
1198 639 1254 702 alii
1277 638 1318 703 ab
1335 662 1386 704 oc-

242 828 289 879 uel
308 828 442 878 artificem
460 828 601 894 significat
618 844 670 878 nec
688 827 761 877 unde
779 828 943 878 translatum
962 829 998 879 ait
1016 835 1064 878 aut
1077 827 1148 893 apud
1162 843 1242 893 quem
1254 829 1386 894 scriptum

241 897 270 946 id
288 897 434 947 inuenerit.
470 898 508 946 M.
526 898 614 946 Varro
632 898 747 961 primum
771 901 903 947 statutum
927 898 955 945 in
977 896 1089 961 publico
1112 897 1262 946 secundum
1284 897 1386 947 Rostra
1444 940 1451 954 ,

243 966 271 1013 in
291 965 418 1014 columna
441 964 527 1013 tradit
549 963 623 1014 bello
645 964 751 1013 Punico
776 964 862 1028 primo
887 980 904 1014 a
926 965 972 1015 Μ’.
992 964 1103 1015 Valerio
1127 964 1249 1014 Messala
1272 965 1384 1015 consule

242 1031 344 1080 Catina
357 1035 440 1096 capta
456 1033 486 1080 in
496 1030 606 1092 Sicilia,
626 1031 800 1096 deportatum
819 1031 881 1080 ind'e
901 1036 963 1095 post
980 1032 1057 1080 XXX
1075 1047 1162 1081 annos
1181 1046 1262 1096 quam
1280 1031 1313 1081 dc
1331 1034 1384 1083 Pa-

241 1100 349 1164 piriano
367 1099 510 1164 horologio
528 1099 654 1159 traditur,
674 1115 746 1149 anno
763 1099 839 1148 urbis
852 1098 1096 1148 CCCCLXXXXI.
1126 1115 1177 1149 ncc
1195 1100 1385 1164 congruebaut

242 1167 277 1216 ad
295 1166 377 1216 boras
396 1168 455 1216 eius
474 1167 576 1228 lineae,
595 1173 745 1231 paruerunt
762 1172 856 1216 tamen
874 1168 914 1217 eis
933 1167 1012 1216 annis
1032 1166 1222 1233 undecentum,
1243 1167 1330 1217 donec
1350 1168 1382 1229 Q,

241 1234 362 1284 Marcius
380 1233 525 1299 Philippus
543 1235 590 1299 qui
609 1250 669 1283 cum
687 1235 720 1283 L.
739 1233 826 1284 Paulo
846 1234 908 1291 fuit.
921 1250 1019 1285 censor
1041 1234 1203 1303 diligentius
1228 1234 1384 1285 ordinatum

241 1302 319 1353 iuxta
336 1302 435 1365 posuit,
454 1302 535 1367 idque
553 1318 649 1352 munus
667 1303 741 1351 inter
759 1303 886 1352 censoria
903 1318 988 1367 opera
1000 1302 1156 1367 gratissime
1171 1308 1314 1367 acceptum
1333 1309 1382 1351 cst.

241 1368 390 1418 etiamnum
403 1377 495 1419 tamen
507 1369 601 1419 nubilo
616 1370 739 1419 incertae
753 1370 829 1419 fuere
842 1369 926 1419 horae
939 1384 1024 1435 usqua
1038 1369 1072 1418 ad
1087 1386 1247 1435 proxumum
1259 1370 1382 1420 lustrum.

240 1440 307 1485 tunc
330 1436 422 1501 Scipio
444 1436 548 1487 Nasica
571 1436 680 1501 collega
702 1438 823 1487 Laenati
850 1438 953 1501 primus
976 1454 1049 1502 aqua
1073 1438 1169 1488 diuisit
1190 1437 1273 1489 horas
1296 1453 1382 1502 aeque

240 1504 363 1553 noctium
392 1519 425 1573 ac
455 1504 574 1567 dierum,
606 1504 688 1569 idquc
715 1504 884 1568 horologium
908 1505 957 1554 sub
981 1511 1055 1554 tecto
1079 1505 1185 1555 dicauit
1212 1521 1283 1554 auno
1307 1505 1384 1555 urbis

239 1570 348 1620 DXCV.
360 1571 465 1621 tamdiu
474 1572 575 1637 populo
585 1572 867 1623 Romanuindiscreta
875 1573 926 1622 lux
938 1572 1009 1623 fuit)
1017 1573 1142 1622 —Varro
1155 1574 1187 1622 L.
1195 1574 1227 1622 L.
1238 1573 1275 1622 vl
1287 1574 1382 1638 lsqq.:

241 1638 383 1689 ‘Meridies
406 1640 441 1689 ab
466 1639 593 1704 eoquod
616 1640 721 1689 medius
739 1640 812 1699 ἀίεις
841 1641 866 1689 D
886 1641 993 1704 antiqui
1012 1657 1066 1690 uon
1084 1641 1107 1690 R
1125 1641 1153 1689 in
1171 1640 1224 1690 hoc
1241 1640 1381 1700 dicebant,

240 1712 269 1754 ιιι
292 1706 443 1756 Praeneste
466 1708 584 1756 incisum
606 1709 634 1756 in
658 1707 759 1758 solario
782 1708 840 1757 uidi
925 1708 983 1757 diei
1002 1708 1168 1773 principium
1191 1724 1285 1770 manc,
1311 1708 1383 1773 quod

239 1782 296 1822 tum
320 1780 414 1824 manat
437 1775 496 1824 dies
521 1776 556 1824 ab
579 1776 700 1837 oriente,
730 1775 784 1825 nisi
807 1776 898 1840 potius
918 1775 989 1840 quod
1007 1776 1107 1825 bonum
1126 1777 1233 1840 antiqui
1252 1775 1395 1839 dicebant,

239 1856 363 1902 manum,
388 1841 422 1891 ad
446 1843 617 1907 quoiusmodi
640 1843 803 1905 religionem
826 1842 928 1907 Graeci
951 1858 1057 1908 qnoque
1077 1859 1156 1908 quom
1180 1844 1271 1893 lumen
1291 1843 1382 1892 adfer-

239 1914 284 1958 tur
310 1908 401 1959 solent
423 1909 516 1961 dicere
540 1908 600 1974 φώς
628 1901 753 1975 α’γαθόν.
794 1926 923 1975 suprema
945 1926 1077 1960 summum
1100 1911 1169 1972 diei,
1198 1911 1226 1960 id
1249 1926 1266 1959 a
1289 1927 1381 1976 super·

239 1977 316 2026 rimo.
351 1976 403 2027 hoc
422 1983 528 2042 tompus
546 1978 600 2027 XII
618 1978 730 2028 tabulae
753 1978 849 2027 dicunt
871 1994 1000 2028 occasum
1024 1994 1084 2029 essa
1108 1978 1187 2039 solis;
1211 1978 1260 2028 sed
1283 1984 1381 2042 postea

239 2043 287 2101 lex,
302 2043 444 2095 Plaetoria
462 2045 491 2094 id
510 2061 615 2110 quoquc
634 2051 740 2111 tempus
760 2046 836 2095 iubet
854 2062 914 2096 esse
927 2062 1081 2110 supremum
1100 2061 1152 2110 quo
1169 2062 1269 2111 praeco
1288 2048 1317 2095 iu
1336 2063 1380 2095 co·

239 2111 316 2161 mitio
333 2128 489 2177 supremam
503 2114 696 2185 pronuntiauit
712 2112 821 2178 populo.
852 2113 1001 2163 secundum
1013 2113 1065 2162 hoc
1078 2112 1178 2162 dicitur
1191 2112 1381 2177 crepusculum

240 2194 257 2228 a
275 2195 396 2244 crepero.
433 2180 461 2229 id
479 2180 643 2231 uocabulum
661 2185 835 2246 sumpserunt
854 2197 871 2230 a
889 2180 1010 2243 Sabinis,
1030 2180 1101 2229 unde
1114 2181 1229 2236 ueniunt
1247 2180 1381 2245 Crepusci

238 2247 373 2297 nominati
390 2246 539 2307 Amiterno,
559 2249 605 2312 qui
625 2265 657 2298 co
676 2254 797 2313 tempore
817 2254 896 2298 erant
913 2250 982 2311 nati,
1001 2253 1031 2297 ιιι
1043 2247 1125 2297 Lucii
1142 2248 1230 2312 prima
1248 2247 1319 2297 luce.
1352 2248 1380 2297 in
1403 2276 1408 2284 ·

238 2314 358 2364 Reatino
377 2315 567 2380 crepusculum
586 2315 727 2380 significat
745 2315 869 2377 dubium,
885 2316 923 2365 'ab
942 2332 974 2364 eo
993 2331 1037 2365 res
1056 2314 1155 2364 dubiae
1174 2315 1266 2364 dictae
1285 2332 1380 2380 crepe·
1466 2331 1469 2338 ’

238 2397 295 2442 rae,
315 2382 385 2446 quod
404 2382 593 2448 crepusculum
612 2383 672 2433 dies
691 2384 773 2435 ctiam
792 2398 864 2432 nunc
883 2382 919 2433 sit
937 2399 972 2432 an
992 2384 1047 2431 iam
1066 2398 1127 2443 nox,
1147 2382 1241 2431 multis
1259 2382 1379 2432 dubium.

237 2450 297 2499 Nox
314 2449 394 2514 quod,
414 2454 445 2499 ut
464 2450 578 2500 Catulus
596 2453 649 2513 ait,
671 2451 763 2501 omnia
776 2451 829 2500 nisi
842 2451 1012 2500 intermuniat
1029 2449 1070 2500 sol
1087 2451 1187 2515 pruina
1199 2450 1379 2514 obriguerint,

188 2528 197 2537 ’
239 2517 310 2581 quod
328 2522 412 2568 nocet
430 2534 497 2581 nox,
521 2518 575 2567 uisi
594 2519 664 2601 quod
683 2520 791 2569 Graece
811 2510 863 2580 νύξ
881 2534 943 2568 ιιοιι.
980 2534 1058 2582 quom
1077 2517 1159 2567 stella
1178 2518 1266 2582 prima
1280 2522 1380 2585 ,exorta

237 2600 344 2634 -cum
362 2584 464 2635 Graeci
482 2592 584 2635 uocant
603 2600 736 2649 εσπερον,
756 2587 843 2635 nostri
861 2587 1070 2651 uesperuginem
1089 2591 1119 2634 ut
1137 2585 1264 2634 Plautus:
1283 2585 1379 2649 Neque

236 2666 391 2717 nespemgo
406 2668 494 2717 neque
510 2655 648 2717 uergiliae
663 2654 832 2703 occidunt—
845 2654 873 2703 id
883 2660 990 2719 tempus
1000 2653 1102 2702 dictum
1113 2653 1253 2702 aGraecis
1265 2643 1378 2715 ἕσπέρα,

237 2719 338 2769 Latine
356 2736 469 2785 uesper:
489 2724 601 2771 utente
620 2722 705 2771 solem
725 2724 836 2781 ortum,'
851 2722 921 2786 quod
941 2720 1037 2771 cadem
1056 2721 1138 2771 stella
1156 2726 1272 2770 uocatur
1290 2721 1379 2781 iubar,

237 2786 308 2850 qnod
331 2787 435 2839 iubata,
465 2789 642 2838 Pacuuianus
660 2788 729 2838 dicit
752 2795 859 2853 pastor:
888 2790 991 2839 Exorto
1015 2789 1125 2851 iubare,
1150 2790 1239 2839 noctis
1263 2789 1379 2838 decurso

237 2854 351 2915 itinere;
381 2856 524 2905 Ennianus
546 2857 630 2906 Aiax:
661 2857 740 2919 Quod
764 2856 867 2919 lumen,
893 2857 1009 2907 iubarne
1034 2857 1061 2905 iu
1085 2855 1163 2905 caelo
1182 2860 1283 2905 cerno?
1307 2856 1379 2905 inter

237 2924 448 2988 uesperuginem
472 2928 500 2972 et
517 2924 598 2973 iubar
615 2923 691 2973 dicta
710 2940 763 2975 nox
781 2926 962 2989 intempesta,
987 2929 1017 2973 ut
1040 2926 1068 2973 iu
1086 2925 1171 2973 Bruto
1190 2923 1281 2973 Cassii
1307 2922 1379 2987 quod

236 2988 349 3040 dicebat
370 2991 516 3041 Lucretia:
547 2992 635 3041 Nocte
656 2992 825 3055 intempesta
853 2997 974 3042 nostram
997 2992 1112 3041 deuenit
1129 2990 1245 3040 domum.
1282 2991 1378 3039 intem·

236 3063 344 3122 pestem
362 3056 456 3107 Aelius
474 3058 588 3109 dicebat
606 3075 685 3123 quom
703 3064 811 3125 tempus
829 3060 931 3124 agendi
949 3066 991 3109 est
1009 3056 1128 3119 nullum,
1152 3059 1223 3122 quod
1246 3059 1296 3107 alii
1315 3074 1377 3107 con-

237 3125 346 3174 cubium
365 3125 550 3191 appellarunt‚
569 3126 640 3191 quod
659 3142 753 3177 omncs
775 3128 832 3177 iere
856 3131 922 3178 tunc
946 3127 1093 3186 coherent,
1118 3126 1167 3175 alii
1191 3126 1226 3175 ab
1251 3142 1283 3175 eo
1307 3124 1378 3189 quod

235 3191 376 3254 sileretur,
407 3193 547 3243 silentium
575 3195 678 3255 noctis,
712 3194 783 3259 quod
810 3194 883 3243 idem
909 3194 1024 3245 Plautus
1051 3201 1158 3257 tempus
1185 3192 1379 3253 conticinium3

235 3260 332 3311 scribit
351 3261 436 3310 enim:
472 3261 646 3311 Videbimus:
674 3261 779 3311 factum
797 3256 874 3311 uolo:
898 3261 987 3312 redito
1006 3256 1175 3311 conticinio.’
1211 3260 1379 3309 Censorinus

234 3326 280 3376 tt:
318 3327 402 3378 ‘Sunt
429 3328 513 3378 ctiam
540 3329 620 3393 plura
646 3330 734 3379 noctis
755 3336 790 3380 et
817 3330 874 3379 diei
901 3335 1025 3394 tempora
1053 3328 1117 3377 aliis
1144 3329 1294 3377 subnotata
1318 3345 1378 3391 pro·

235 3396 357 3460 priisquo
377 3396 498 3447 discreta
516 3397 686 3457 nominibus,
711 3413 781 3461 quae
805 3397 876 3462 apud
899 3403 1009 3446 ueteres
1032 3402 1128 3460 poetas
1151 3397 1254 3459 passim
1273 3397 1378 3459 scripta

236 3462 421 3513 inueniuntur.
458 3479 492 3513 ea
511 3465 603 3513 omnia
621 3464 717 3513 ordine
736 3480 785 3514 suo
804 3480 946 3529 exponam.
983 3464 1116 3527 incipiam
1140 3478 1157 3512 a
1175 3469 1257 3511 nocte
1277 3462 1376 3521 media,

194 3574 199 3583 .
235 3531 306 3592 quod
329 3536 436 3595 tempus
458 3532 623 3596 principium
648 3537 675 3580 et
692 3537 858 3597 postremum
883 3536 925 3581 est
945 3531 1002 3581 diei
1020 3532 1145 3580 Romani.
1182 3534 1288 3594 tempus
1307 3530 1379 3594 quod

235 3596 298 3647 huic
316 3599 528 3663 proximum‘est
546 3604 663 3648 uocatur
686 3600 720 3648 de
739 3599 832 3662 media
850 3602 944 3649 nocte':
970 3600 1092 3661 sequitur
1110 3597 1296 3661 gallicinium,
1317 3612 1378 3647 cum

234 3665 303 3729 galli
322 3682 421 3715 canere
440 3666 591 3730 incipiunt:
610 3666 674 3716 dein
694 3666 887 3727 conticinium,
913 3682 974 3716 cum
993 3666 1197 3725 conticuerunt,
1223 3671 1288 3714 tunc
1312 3670 1377 3715 ante

234 3732 339 3793 lucem,
364 3740 392 3783 et
410 3734 449 3784 sic
468 3733 631 3796 diluculum,
655 3750 716 3783 cum
740 3734 797 3784 sole
816 3734 936 3783 noudum
957 3740 1016 3783 orto
1035 3734 1091 3781 iarn
1108 3733 1192 3781 lucet.
1228 3731 1377 3783 secundum

235 3796 384 3849 diluculum
402 3806 519 3851 uocatur
537 3817 626 3864 mane,
647 3817 708 3851 cum
726 3801 772 3851 lux
790 3802 901 3851 uidetur
918 3802 998 3861 solis;
1017 3799 1147 3866 posthoc
1167 3799 1203 3848 ad
1219 3799 1378 3862 meridiem3,

233 3872 300 3916 tunc
313 3868 449 3927 meridios,
465 3867 536 3932 quod
549 3875 592 3918 est
603 3870 687 3919 medii
699 3870 755 3920 diei
767 3885 880 3930 nomen:
895 3868 959 3917 inde
972 3869 1005 3918 de
1018 3867 1148 3927 meridie;
1163 3867 1227 3917 hinc
1240 3883 1377 3932 strprema.

235 3937 360 3998 quamuis
378 3936 486 4000 plurimi
505 3951 662 4001 supremam
680 3943 743 4002 post
756 3952 884 3987 occasum
903 3935 971 4003 solis
990 3951 1050 3986 esse
1064 3935 1231 3997 existimant,
1251 3937 1317 4000 quia
1336 3941 1378 3986 est

234 4002 264 4051 in
281 4002 335 4053 XII
354 4003 457 4057 tatutis
475 4005 608 4068 scriptum
626 4005 682 4055 sic:
701 4005 774 4055 Solis
792 4019 908 4055 occasus
926 4019 1054 4068 suprema
1069 4007 1221 4067 tempestas
1234 4009 1302 4053 esto.
1327 4003 1377 4053 sed

234 4075 332 4133 postca
349 4071 387 4120 M.
405 4069 564 4122 Plaetorius
581 4073 708 4123 tribunus
727 4072 817 4137 plebia
835 4072 935 4122 scitum
953 4070 1031 4134 tulit,
1050 4071 1078 4121 in
1097 4086 1150 4135 qno
1168 4072 1376 4139 scriptumest:

227 4198 245 4277 '-
321 4228 510 4284 torarnmA
531 4218 545 4305 ΙΙ
567 4223 713 4283 abusiuae
738 4225 817 4282 ABG
843 4221 963 4281 ebusini
982 4202 1123 4281 Arevolus
1143 4216 1156 4302 ΙΙ
1178 4219 1253 4299 diei]
1275 4208 1382 4298 spatia

235 4305 295 4366 diei
313 4310 342 4365 B
355 4301 370 4388 H
381 4305 511 4368 'meridie
530 4304 597 4367 B¹G
612 4303 626 4389 11
641 4317 657 4368 ‘2
673 4309 873 4387 suppremaA
891 4300 1019 4387 suppma
1038 4310 1072 4366 M
1086 4325 1226 4384 supreme
1246 4299 1285 4362 B¹
1304 4322 1374 4382 sup-

233 4390 339 4469 premi:
354 4388 396 4451 B²
411 4388 425 4474 ΙΙ
439 4393 531 4453 inicia
547 4395 573 4451 Α
590 4394 628 4466 (et
643 4396 684 4452 sic
697 4392 822 4466 semper)
839 4389 956 4451 initium
971 4394 998 4452 B
1012 4385 1027 4473 ΙΙ
1041 4412 1060 4451 a
1072 4410 1126 4449 om.
1148 4393 1171 4448 G
