3202 4998
697 414 801 459 sarrs
824 416 863 457 111
1284 398 1343 460 l'll

212 565 403 627 bituve'satis
416 574 543 627 constet.
559 565 808 647 certum'quidem
817 565 1264 628 videturnonutusaniaorm
1271 589 1345 648 pug-

212 688 282 727 narn
303 667 482 729 Suetonium
504 688 697 748 progressum
721 687 803 741 esse,
835 669 976 748 quoniam
999 677 1145 749 excerpta
1165 670 1348 749 Hieronymi

212 770 243 829 in
264 770 321 830 boc
340 778 457 848 tempus
478 768 636 847 darianum
666 769 721 830 sed
748 790 803 848 pro
825 771 940 830 incerto
964 770 1137 832 habendum
1156 780 1220 843 est,
1247 793 1265 831 a
1287 793 1346 852 qno
1397 814 1404 829 ,

211 879 346 951 tempore
372 871 528 931 historiam
548 892 632 931 orsus
654 873 701 933 sit.
739 893 809 933 nam
829 872 998 951 fragmento
1016 873 1070 932 illo
1091 874 1181 935 Servi
1202 871 1346 933 discimus

212 973 305 1034 etism
327 973 489 1052 piraticum
510 972 625 1033 bellum
649 993 669 1033 a
688 975 833 1035 Suetonio
854 984 1008 1035 narratum
1035 994 1118 1048 esse,
1145 985 1179 1035 ut
1199 974 1349 1054 adpareat

213 1093 281 1137 eum
301 1095 362 1135 non
374 1079 396 1133 'a
414 1084 510 1135 morte
520 1076 649 1155 Pompei
669 1096 719 1136 res
734 1077 887 1137 Romanas
908 1077 1136 1157 perscripsisse,
1160 1077 1218 1137 etsi
1236 1077 1345 1136 Hiero·

211 1196 320 1258 aymus
336 1176 523 1257 excerpendi
544 1178 663 1237 initium
681 1176 720 1237 ab
735 1178 794 1237 hoc
806 1188 941 1258 ternpore
955 1179 1119 1259 sumpsisse
1136 1176 1268 1239 videtur.
1300 1180 1346 1238 ri·

212 1278 278 1337 deri
293 1277 430 1351 consulto
447 1278 527 1356 diri,
561 1298 631 1359 nam
644 1278 723 1339 idem
736 1280 830 1362 refert
845 1300 905 1360 quo
922 1300 1000 1339 anno
1014 1262 1177 1361 Pompeius
1190 1289 1279 1341 natus
1295 1280 1346 1340 sit.

211 1379 269 1439 boc
283 1380 400 1439 scilicet
412 1379 648 1441 additamentum
664 1381 704 1441 ad
720 1382 836 1443 Eusebi
851 1382 1013 1443 chronicon
1025 1391 1150 1462 propter
1165 1381 1240 1441 illud
1258 1380 1348 1441 Servi

211 1482 413 1541 testimonium
430 1481 478 1541 bis
495 1482 628 1542 historiis
646 1482 769 1561 (fragm.
783 1482 875 1562 208*)
890 1482 1048 1545 vindicare
1069 1483 1161 1544 malui
1177 1503 1268 1564 quarn
1280 1502 1348 1543 cnm

211 1585 397 1645 Mommseno
407 1582 511 1644 sedem
523 1585 553 1645 ei
566 1586 597 1645 in
604 1587 667 1644 vita
676 1584 834 1647 Ciceronis
844 1585 953 1646 eodem
961 1607 1021 1668 qno
1029 1586 1349 1666 Pompeiusamronati

184 1666 189 1683 ¹
212 1685 383 1772 adsignare..
403 1687 516 1766 quaesi
531 1689 787 1768 reputaverimus,
801 1710 862 1749 non
873 1688 1103 1768 inprobabiliter
1113 1696 1279 1748 statuemus
1289 1688 1348 1748 hoc

211 1788 305 1849 fuisse
320 1789 445 1850 Suetoui
458 1790 614 1850 consilinm
623 1799 656 1849 ut
667 1791 698 1849 in
712 1792 815 1870 primis
827 1791 910 1851 bella
922 1790 1025 1850 civilis
1034 1810 1114 1870 quae
1125 1811 1192 1850 cum
1200 1790 1347 1869 Pompeio

212 1893 327 1953 Caesar
343 1900 374 1950 et
391 1890 580 1951 Octavianus
598 1912 666 1951 cum
678 1892 811 1955 Antonio
822 1894 989 1970 gessissent
1002 1900 1172 1967 enarraret,
1187 1890 1277 1951 simul
1293 1911 1346 1951 au-

185 1980 187 1985 ¹
211 1993 379 2053 temomnia
391 1993 643 2072 conplecteretur,
652 1992 777 2073 qusead
791 1996 882 2053 vitem
891 1996 1020 2073 ipsorum
1033 1991 1346 2071 ducumpertiuerent.

296 2082 385 2170 Quae
402 2114 467 2164 cum
483 2094 527 2153 ita
538 2095 599 2153 sint
615 2093 748 2155 adducor
765 2104 798 2154 ut
813 2094 934 2155 credam
959 2093 1117 2157 Sidonium
1135 2094 1347 2173 Apollinarem

210 2216 271 2255 non
287 2214 405 2256 errasse
421 2195 474 2269 (cf.
490 2195 695 2275 Nipperdeius
712 2206 828 2276 quaest.
842 2197 964 2257 Caesar.
976 2215 1007 2274 p·
1023 2193 1086 2273 36),
1102 2215 1171 2255 cum
1183 2196 1345 2256 haec-scri-

212 2298 301 2357 beret
315 2298 379 2376 (ep.
394 2296 489 2357 VIIII
508 2308 541 2360 14
554 2296 594 2357 ad
608 2295 882 2375 Burgundionem)r
916 2303 1014 2357 embret
1026 2301 1073 2356 tibi
1089 2299 1213 2357 amam
1226 2299 1346 2355 celeber-

210 2404 276 2477 rimi
291 2402 380 2458 uelim
397 2401 553 2472 redhibitio,
576 2403 639 2458 laus
658 2402 782 2458 uidelicet
795 2403 959 2475 perorando
979 2420 1062 2475 qnam
1076 2402 1204 2458 edideras
1220 2401 1350 2479 Caesprir

210 2504 283 2562 Iulii.
312 2518 385 2577 puae
403 2504 519 2558 materia
538 2508 595 2577 tam
612 2504 730 2577 prandia
748 2509 838 2561 estut
850 2505 1002 2560 studentum
1021 2506 1047 2559 si
1064 2505 1125 2576 qur's
1137 2500 1226 2576 suerit
1245 2504 1288 2558 ille
1302 2518 1347 2558 ea·

205 2607 376 2678 politissimus
391 2605 459 2661 nibil
470 2605 588 2676 amplius
601 2607 630 2661 in
641 2606 702 2677 ipsa
715 2606 810 2661 debeat
823 2620 925 2661 canem
938 2622 1021 2678 quam
1033 2605 1144 2677 nequid
1156 2606 1247 2661 rninns
1264 2605 1346 2661 dieat.

209 2724 275 2763 nam
288 2708 314 2762 si
325 2708 498 2777 omittantur,
513 2722 584 2779 quae
599 2709 633 2763 ds
643 2708 725 2763 titulis
738 2707 879 2763 dictatoris
892 2708 987 2765 inuicti
1005 2708 1111 2779 scripta
1127 2705 1272 2763 Patauinis
1284 2712 1350 2763 sunt

210 2807 404 2877 uoluminibus,
415 2810 476 2882 puis
487 2823 572 2879 opera
584 2808 707 2865 Suetonii
714 2810 778 2881 quis
789 2808 900 2866 quenti
908 2806 1047 2864 Martialis
1056 2807 1197 2865 historiam
1204 2808 1300 2882 quisue
1310 2808 1350 2863 ad

210 2909 364 2966 erasmum
383 2910 463 2966 Balbi
475 2911 674 2983 ephemeridem
685 2910 776 2983 fando
790 2911 998 2983 adaequauerit.
1020 2915 1182 2986 praeterea
1194 2905 1348 2967 commode

211 3010 402 3090 explicantur
417 3030 455 3070 es
466 3031 544 3090 quae
557 3012 589 3071 in
605 3011 716 3089 optimo
730 3019 761 3071 et
774 3009 983 3089 antiquissimo
995 3007 1137 3069 Caesaris
1150 3007 1256 3069 codice
1266 3008 1348 3068 Bon·

210 3112 353 3190 garsiaao
365 3112 460 3192 primo
482 3112 536 3192 (cf.
549 3111 753 3193 Nipperdeius
770 3110 790 3169 l.
807 3109 848 3190 c.)
864 3119 932 3191 post
951 3109 1046 3170 verba
1064 3111 1150 3173 initio
1165 3112 1266 3190 posita
1281 3115 1347 3169 inci-

207 3220 249 3290 pit
261 3217 329 3273 liber
342 3217 404 3273 Gaii
420 3217 549 3273 Caesaris
562 3217 624 3273 belli
639 3217 736 3275 Gallici
751 3215 855 3289 Iuliani
871 3217 904 3271 de
918 3216 1081 3271 narratione
1092 3223 1242 3287 temporum
1258 3212 1348 3272 rubro

209 3316 364 3396 adscripta
373 3325 442 3377 sunt
453 3321 547 3391 incipit
554 3319 621 3375 liber
627 3318 757 3375 Suetonii.
772 3334 881 3394 nempe
894 3317 1069 3374 coniectura
1081 3314 1140 3372 tuit
1149 3313 1213 3371 eius
1225 3314 1277 3393 qui
1289 3314 1346 3373 sci·

210 3428 257 3479 ret
269 3418 446 3479 Suetonium
457 3438 518 3477 non
532 3418 628 3476 solum
640 3417 672 3475 in
684 3414 849 3476 Caesarum
860 3413 945 3475 libris
958 3415 1115 3494 scripsisse
1128 3412 1166 3473 de
1177 3415 1259 3474 Divo
1268 3414 1355 3489 Iulio,

210 3520 370 3581 sedetiam
391 3520 423 3578 in
437 3519 571 3579 historiis
592 3518 654 3577 illis
669 3517 783 3576 bellum
801 3516 866 3576 sitis
883 3516 1035 3576 Gallicum
1055 3523 1251 3594 persecutum
1266 3535 1345 3576 esse.

211 3624 269 3682 ism
292 3641 366 3682 vero
391 3623 470 3682 haec
498 3620 670 3679 coniectura
693 3618 744 3679 vel
764 3619 864 3698 potius
887 3618 937 3677 hic
960 3638 1042 3678 error
1061 3638 1116 3697 pro
1137 3617 1347 3697 antiquissimo

209 3723 368 3787 habendus
391 3733 452 3796 est,
476 3742 543 3782 cum
561 3721 667 3802 quinto
690 3720 815 3781 saeculo
832 3718 955 3782 Orosius
977 3728 1006 3792 o,
1025 3727 1041 3782 7
1058 3718 1246 3779 Caesariana
1266 3717 1349 3779 bella

211 3825 419 3905 descripturus
434 3826 511 3884 haec
526 3823 682 3901 praelatus
697 3824 752 3883 sit:
786 3825 860 3880 lianc
881 3824 1021 3881 lammam
1037 3824 1184 3883 Suetonius
1201 3823 1347 3897 Tranquil-

210 3933 253 3987 lus
262 3932 421 4003 plenissime
436 3931 583 4002 explicuit,
600 3931 677 3986 cuius
692 3906 742 3984 rios
756 3934 934 4000 compenntes
947 3927 1139 3997 portiunculas
1153 3926 1348 3998 decerpsimus.

211 4030 348 4111 sequitur
376 4022 476 4089 aut'em
498 4029 630 4108 epitoma
648 4026 686 4087 de
707 4024 920 4106 superstitibus
941 4026 1015 4083 Divi
1041 4024 1101 4083 Iuli
1126 4024 1349 4085 commentariis

212 4140 379 4192 contracta.
406 4130 513 4191 eadem
530 4140 629 4189 autem
647 4128 741 4189 verba
757 4127 948 4206 eandemque
964 4128 1126 4206 epitomem
1146 4127 1173 4187 is
1188 4128 1241 4206 qui
1255 4126 1347 4195 histo·

211 4235 286 4295 riam
300 4233 470 4293 miscellam
487 4234 646 4311 conposuit
659 4230 775 4309 recepit
786 4231 828 4289 ita
839 4238 872 4288 ut
884 4249 951 4288 cum
962 4230 1108 4309 Eutropio
1122 4228 1278 4288 conflaret.
1302 4227 1348 4288 sic

212 4336 325 4395 lactum
345 4346 405 4409 est,
424 4345 460 4394 ut
479 4354 506 4392 a.
527 4343 594 4396 test
608 4334 762 4395 Robertus
780 4331 952 4411 Stephanus
968 4331 1049 4391 banc
1068 4330 1212 4391 historiae
1228 4328 1346 4389 miscel·

211 4438 262 4499 lae
282 4444 399 4518 partem
419 4438 572 4517 inscripto·
580 4436 669 4498 titulo
686 4438 816 4525 Eutropii
833 4439 947 4513 epitome
969 4435 1031 4493 belli
1053 4436 1150 4495 Gallici
1169 4450 1209 4493 ea
1230 4434 1346 4495 Sueteni
