3202 4998
249 407 313 485 ⁴30
567 402 792 473 ovansrronas
817 425 1057 465 svaroxrauna

253 576 350 656 quod,
367 596 434 634 cunr
446 595 542 634 annus
554 574 701 633 naturalis
712 574 752 632 ad
766 574 839 633 solis
854 573 943 633 simul
952 582 982 633 et
991 574 1083 633 lunae
1096 594 1215 634 cursum
1228 577 1390 634 convenire

156 716 158 722 ·
179 744 185 757 ¹
253 677 394 750 deberet,
411 675 451 735 ad
466 673 539 734 solis
555 674 735 755 synodalem
753 675 897 734 circulum
915 676 1129 735 inveniendum
1146 696 1222 756 opus
1242 686 1308 736 erat
1326 677 1390 736 eius

252 779 376 858 eclipsis
388 777 563 837 observare.
581 777 685 855 itaque
696 787 817 836 veteres
832 777 983 861 Graeciae
997 779 1138 837 civitates
1151 797 1218 836 cum
1234 787 1268 836 ut
1279 798 1390 836 aunum

251 880 420 939 naturalem
436 878 679 959 adsequerentur
694 879 820 957 primum
836 877 993 965 trieterida
1008 880 1211 939 instituissent
1224 889 1333 958 postea
1345 899 1389 937 er·

251 1002 319 1040 rore
332 982 454 1058 cognito
465 981 524 1039 hoc
535 988 653 1058 tempus
666 980 858 1058 duplicarunt
869 989 901 1038 et
911 981 1110 1039 tetrasterida
1118 980 1168 1038 vel
1179 979 1391 1059 pentasterida

251 1083 400 1142 fecerunt.
430 1083 489 1140 hoc
512 1102 633 1162 quoque
655 1090 773 1159 tempus
799 1100 866 1139 cum
881 1081 921 1140 ad
935 1081 1007 1139 solis
1023 1081 1112 1140 modo
1129 1101 1248 1140 cursum
1272 1101 1330 1141 nee
1351 1081 1391 1140 ad

250 1184 342 1243 lunae
364 1203 533 1260 congruere
553 1184 710 1243 videretur
730 1180 916 1259 duplicatum
937 1191 1029 1241 estet
1048 1184 1211 1242 octaeteris
1232 1184 1316 1243 facta
1339 1182 1390 1242 vel

250 1305 288 1343 ne
305 1305 323 1343 a
340 1285 459 1345 Graeco
479 1283 664 1363 conputandi
679 1303 762 1341 more
778 1282 921 1342 recedam
940 1285 1123 1343 enneateris.
1149 1294 1211 1343 tum
1228 1306 1302 1345 vero
1321 1284 1390 1344 dili-

251 1385 439 1463 gentioribus
463 1385 535 1445 solis
560 1385 717 1463 eclipsium
739 1383 1000 1443 observationibus
1018 1384 1123 1443 Meton
1138 1386 1337 1447 Atheniensis
1354 1407 1389 1446 eo

140 1528 146 1539 ,
252 1486 401 1546 adductus
416 1493 478 1558 est,
494 1494 528 1544 ut
542 1505 654 1544 anuum
668 1485 753 1544 illum
769 1505 926 1562 magnum,
952 1488 1003 1566 qui
1021 1485 1093 1545 solis
1110 1495 1140 1546 et
1153 1487 1245 1547 lunae
1263 1487 1302 1547 ad
1317 1509 1388 1547 ean-

253 1586 322 1646 dem
337 1589 415 1646 inter
430 1606 463 1645 se
482 1588 730 1665 conparationem
745 1587 894 1645 confectis
911 1588 1017 1665 spatiis
1034 1588 1180 1663 efficitur,
1204 1589 1389 1650 undevicen-

252 1690 327 1748 simo
345 1710 423 1748 auno
440 1688 519 1747 finiri
536 1688 739 1765 intellegeret.
764 1688 803 1748 cl.
818 1689 924 1765 fragm.
942 1686 1018 1751 139*
1033 1709 1064 1767 p.
1081 1697 1143 1761 217,
1159 1699 1229 1770 2sq.
1246 1703 1272 1753 5.
1290 1690 1327 1750 ab
1342 1692 1389 1750 his

251 1810 325 1851 vero
337 1791 423 1861 annis
435 1791 553 1866 magnis
566 1789 698 1849 debebat
709 1791 761 1849 ille
772 1790 917 1869 distingui
929 1797 960 1847 et
972 1799 1091 1869 poterat
1103 1791 1214 1868 optime
1227 1793 1309 1852 solus
1319 1795 1389 1852 anni

250 1893 353 1969 magui
367 1893 487 1951 nomine
502 1892 655 1968 insigniri,
672 1888 765 1971 quem¹
774 1912 836 1950 non
850 1891 947 1950 solum
960 1891 1033 1950 solis
1049 1900 1080 1950 et
1094 1891 1184 1951 lunae
1197 1893 1254 1951 scd
1270 1894 1344 1953 solis
1360 1903 1391 1954 et

250 1993 341 2052 lunae
356 2013 564 2073 nugarumque
591 1992 724 2073 quinque
751 1993 908 2051 stellarum
924 1992 1023 2052 ,orbes
1052 1994 1230 2067 conficiunt,
1257 2014 1324 2054 eum
1351 1997 1391 2055 ad

249 2094 331 2154 idem
354 2097 474 2173 signum
495 2094 547 2154 ubi
567 2093 720 2175 quondam
742 2096 830 2154 simul
851 2096 973 2153 fuerunt
994 2115 1056 2153 una
1078 2096 1261 2155 referuntur.
1298 2105 1389 2176 atqua

215 2190 220 2201 '
249 2184 433 2257 Aristoteles
450 2206 529 2278 teste
548 2196 715 2256 Censorino
734 2196 846 2256 XVIH
873 2206 901 2257 ll
924 2198 1087 2255 maximum
1105 2215 1173 2254 eum
1195 2216 1286 2276 quam
1306 2218 1388 2275 mag·

250 2318 321 2357 uum
334 2275 498 2377 'adpellare
513 2296 628 2357 maluit.
657 2297 746 2357 vides
762 2318 810 2358 me
826 2299 1050 2358 reconcinnatis
1074 2316 1151 2377 quae
1173 2298 1309 2361 Isidorus
1330 2301 1389 2361 dis·

250 2399 323 2459 iecit
348 2399 489 2458 membris
518 2398 677 2459 obscuram
704 2419 779 2460 saue
806 2399 1012 2459 Suetonianae
1038 2399 1252 2478 disputationis
1279 2423 1389 2463 memo-

249 2500 324 2560 riam
339 2520 549 2579 recuperasse.
583 2498 639 2560 sed
658 2501 781 2560 inscitia
803 2500 984 2561 breviatoris
1007 2502 1097 2559 etiam
1114 2501 1182 2560 aliis
1201 2503 1389 2564 documentis

249 2603 281 2662 in
297 2600 404 2660 eodem
419 2602 478 2660 hoe
493 2602 594 2682 eapite
609 2603 752 2679 arguitur.
784 2602 965 2682 interposuit
980 2604 1059 2661 enim
1077 2623 1161 2662 more
1183 2622 1236 2662 suo
1258 2606 1390 2685 antiquis

249 2701 455 2763 notationibus
468 2702 675 2763 diversissima
687 2703 834 2775 instituta,
849 2723 975 2782 quorum
989 2704 1223 2783 descriptionem
1235 2725 1274 2765 er
1287 2705 1388 2766 Chris-

250 2804 342 2862 tianis
359 2803 397 2862 de
415 2803 555 2882 paschali
566 2823 685 2863 canone
696 2802 869 2862 auctoribus
881 2806 1034 2883 repetivit.
1059 2824 1121 2884 qua
1133 2825 1165 2864 re
1184 2808 1279 2883 magis
1298 2808 1388 2867 etiarn

250 2904 458 2964 Suetouianae
469 2902 646 2963 eruditionis
660 2903 805 2984 reliquias
822 2904 1017 2979 dilaceravit,
1036 2897 1103 2964 oum
1118 2906 1279 2985 posthanc
1294 2928 1388 2988 expo·

250 3006 390 3065 sitionem
402 3007 490 3085 quasi
502 3005 577 3064 nihil
588 3005 792 3066 interiecisset
803 3005 843 3065 ad
858 3008 984 3088 antiqua
994 3025 1140 3066 annorum
1149 3028 1324 3086 magnorum
1336 3030 1388 3087 ge·

249 3126 325 3166 nera
336 3108 464 3179 rediret,
480 3116 513 3166 ut
530 3107 750 3187 olympiadem,
773 3128 865 3188 quam
880 3109 971 3168 stulte
983 3128 1093 3167 anuum
1108 3118 1248 3189 quartum
1261 3130 1330 3170 esse
1344 3113 1388 3170 iu·

249 3217 435 3288 terpretatur
452 3218 483 3268 et
500 3208 627 3268 lustrum
642 3208 673 3268 id
689 3218 737 3268 est
752 3209 957 3269 Romanorum
971 3210 1183 3288 pentasterida
1203 3212 1388 3272 inlustraret.

250 3329 341 3390 quam
351 3309 709 3389 quidem'simillimorum
723 3311 911 3372 Graecorum
927 3320 958 3371 et
969 3312 1176 3371 Romanorum
1186 3314 1389 3374 institutorum

251 3413 497 3491 conparationem
508 3432 568 3471 nou
578 3420 700 3491 poterat
712 3413 848 3472 Isidorus
861 3413 899 3473 de
911 3432 965 3472 suo
978 3411 1108 3486 addere,
1122 3434 1250 3493 eamque
1263 3417 1389 3495 optimo-

250 3531 316 3572 rum
326 3521 482 3573 auctorum
492 3533 561 3576 esse
573 3534 609 3574 eo
622 3513 703 3594 quod
712 3514 896 3574 Censorinus
907 3514 1034 3574 eandem
1046 3516 1163 3594 profert
1173 3516 1389 3595 intellegimus.

250 3614 290 3675 cf.
312 3616 517 3675 Mommsenus
539 3616 673 3675 chronol.
697 3616 785 3673 Rom.
799 3636 830 3694 p.
848 3625 906 3679 162·
922 3616 1098 3675 histiterum
1121 3616 1314 3695 Hispalensis
1335 3619 1387 3678 ille

251 3715 335 3775 addit
351 3736 462 3776 annum
477 3737 636 3795 maguum,
654 3736 743 3797 quern
757 3717 908 3795 posterior
922 3726 1008 3777 aetas
1023 3719 1155 3789 invenit,
1171 3717 1386 3779 inductionum.

251 3815 362 3877 deinde
377 3836 469 3877 acrae
484 3819 618 3878 meminit
631 3818 764 3895 Augusti
779 3819 925 3897 Hispanis
942 3821 1090 3894 usitatae,
1111 3820 1196 3879 ouius
1211 3838 1388 3881 commemo-

250 3917 326 3977 ratio
341 3939 397 3996 per
409 3927 576 3999 temporum
591 3921 724 3979 rationes
740 3920 924 3979 certissimas
939 3920 1021 4000 apud
1036 3920 1215 3980 Suetonium
1229 3942 1290 3981 non
1304 3930 1389 4001 pote·

250 4000 298 4103 rat
310 4000 385 4078 fieri.
416 4020 449 4078 in
463 4020 524 4079 line
540 4020 651 4080 delude
672 4022 781 4100 capitis
795 4022 950 4081 turbarum
971 4022 1140 4100 plenissimi
1157 4021 1196 4081 ad
1211 4023 1388 4102 paschalem

251 4141 398 4181 canonem
415 4121 586 4180 revertitur.
621 4120 661 4180 ad
675 4121 755 4181 hunc
766 4124 850 4182 enim
864 4125 1016 4203 pertinere
1032 4120 1275 4183 observationem
1290 4122 1329 4183 de
1346 4122 1389 4181 bi-

250 4232 337 4283 sexto
370 4221 513 4282 discimus
538 4236 577 4281 ex
608 4222 751 4282 distincta
774 4222 855 4282 illius
887 4223 1111 4302 descriptione,
1138 4242 1228 4301 quam
1253 4223 1388 4283 Isidorus

251 4324 351 4400 origg:
366 4323 412 4383 VI
437 4332 467 4387 17
484 4321 586 4395 dedit,
608 4325 716 4405 inqua
735 4345 796 4383 non
817 4325 915 4384 solum
930 4323 1008 4383 hacc
1026 4331 1200 4396 recurrunt,
1228 4324 1284 4383 sed
1301 4324 1389 4384 simul

250 4423 409 4502 superiora
434 4423 488 4482 illa
509 4425 610 4502 posita
634 4433 718 4497 sunt,
748 4444 826 4503 quae
853 4434 923 4484 ante
946 4444 965 4484 a
988 4424 1181 4484 Suetouianis
1202 4423 1390 4484 secludenda
