3194 5004
276 423 338 485 ott
685 440 718 481 m
735 438 835 479 vireu
853 438 1007 481 raneuru

274 594 455 674 prooemiis,
477 591 528 653 ubi
549 612 632 655 nuno
646 594 836 666 Apollodorus
857 590 968 667 legitur
989 590 1179 669 simpliciter,
1202 591 1336 670 potuerit
1356 589 1411 649 oli-

274 716 335 776 quo
352 696 419 755 loco
436 695 507 757 olim
529 694 669 773 pleniore
690 694 815 755 nomine
830 695 1020 766 Apollodorus
1036 694 1183 767 Carystius
1202 691 1304 755 dictus
1327 712 1410 757 esser

273 799 334 858 etsi
350 798 394 857 eis
409 797 632 857 commentariis
649 803 786 887 estuans
800 795 851 857 hic
863 795 995 874 scriptor
1008 815 1094 867 usus,
1111 795 1196 857 velut
1211 796 1242 855 in
1257 795 1319 856 illis
1331 812 1411 874 quat

274 899 315 961 dc
329 900 439 961 Luscio
455 899 618 961 Lanuvino
634 897 765 969 rettulit,
781 906 885 959 tamen
902 896 975 977 quid
991 906 1038 956 est
1053 916 1184 977 quaeso,
1201 917 1254 955 cur
1268 882 1410 976 probabi·

275 1002 333 1063 lius
348 1002 398 1061 hic
418 1008 567 1067 statuatur
582 989 674 1081 quam
693 1001 725 1059 ln
751 1001 884 1061 auctario
906 999 988 1061 vitae
1011 1019 1126 1059 nornen
1146 999 1262 1077 gentile
1285 1000 1410 1059 interci-

275 1102 380 1165 disse?
411 1102 592 1182 praesertim
619 1122 686 1163 cum
708 1122 747 1165 ex
774 1122 810 1161 eo
832 1102 966 1163 auctario
994 1102 1123 1165 finitima
1145 1099 1328 1181 deprompta
1347 1102 1411 1165 siut

274 1205 385 1269 omnia.

359 1308 450 1373 Vita
478 1314 580 1371 autom
605 1301 862 1371 Ambronibus
888 1306 942 1369 illa
969 1304 1072 1385 (quam
1099 1314 1170 1386 post
1194 1305 1300 1367 Rotbii
1324 1325 1410 1371 curas

275 1408 385 1475 eodem
405 1411 470 1469 iure
489 1409 663 1471 Parisiuam
686 1405 783 1487 dicas)
812 1409 870 1468 etsi
893 1408 1009 1468 referta
1033 1416 1080 1469 est
1100 1427 1176 1471 sane
1193 1407 1410 1471 additamentis

203 1562 208 1571 .
273 1532 337 1575 non
355 1532 372 1570 e
387 1512 503 1579 Donati
519 1511 570 1570 vel
586 1511 650 1570 vita
664 1511 717 1573 vel
729 1510 945 1571 commentario
962 1510 1081 1589 petitis,
1098 1519 1201 1570 tamon
1216 1510 1294 1569 lraec
1310 1512 1411 1573 omniu

220 1640 223 1645 ·
273 1613 318 1677 its
332 1621 508 1692 comparata
522 1621 593 1673 sunt
608 1622 641 1672 ut
663 1633 718 1675 suo
740 1612 867 1689 ingenio
883 1613 979 1671 fretus
994 1612 1112 1691 fingere
1132 1614 1263 1691 scriptor
1278 1615 1412 1693 potuerit

274 1716 469 1794 quantumvis
492 1716 674 1777 temerariae
696 1713 886 1793 explanandi
908 1713 1144 1794 exornandique
1168 1714 1291 1774 libidini
1311 1714 1410 1775 indul·

274 1836 366 1895 gens,
391 1815 548 1877 doctrinae
564 1818 666 1876 fontes
689 1817 766 1877 elios
788 1814 929 1877 habuerit
944 1816 1062 1877 nullos:
1085 1817 1268 1895 praesertim
1286 1817 1339 1877 ubi
1359 1818 1411 1879 illo

274 1900 465 1998 reputaveris
482 1918 522 1979 ad
538 1939 631 1981 unum
647 1919 705 1978 hoc
720 1918 880 1978 consilium
896 1917 1012 1992 redire,
1034 1927 1068 1977 ut
1083 1919 1226 1983 itinerum
1241 1920 1377 1981 rationes
1392 1939 1411 1983 a

273 2031 368 2101 poeta
383 2020 530 2083 factorum
544 2021 673 2083 clariore
689 2021 722 2079 in
738 2021 805 2080 luce
823 2020 1067 2080 conlucerentur.
1110 2021 1160 2080 De
1178 2041 1237 2100 quo
1252 2030 1286 2083 ut
1301 2022 1410 2083 certius

273 2120 410 2183 iudicare
426 2124 546 2196 liceret,
563 2124 661 2202 ipsam
675 2123 770 2181 uitam
785 2122 884 2194 illam,
901 2122 982 2181 inter
997 2133 1033 2179 lv
1049 2123 1202 2183 saeculum
1219 2132 1250 2183 et
1266 2134 1301 2183 xl
1317 2124 1411 2203 scrip·

274 2235 350 2297 tam,
372 2223 429 2284 sed
445 2225 489 2284 illi
511 2225 571 2285 nisi
591 2224 682 2283 fallor
704 2243 794 2303 quarn
815 2223 885 2285 huic
900 2225 1092 2303 propiorem,
1115 2225 1165 2283 hic
1185 2224 1324 2287 subicere
1346 2226 1411 2305 pla

274 2328 336 2386 cuit
352 2334 382 2387 et
399 2325 592 2397 emendatam
607 2327 793 2405 aliquotiens
811 2334 841 2385 et
858 2345 896 2385 er
912 2334 977 2385 arte
997 2325 1185 2389 adnotatam.
1221 2329 1332 2408 Itaque
1345 2350 1410 2408 ⁴pro

274 2429 476 2491 medemena
492 2449 561 2489 esse
577 2427 715 2489 codicem
730 2428 902 2491 Parisinum
917 2427 1145 2488 membraneum
1159 2438 1228 2494 7902
1250 2428 1300 2508 (A)
1317 2431 1410 2505 volni,

273 2531 388 2591 saeculi
402 2541 435 2591 ut
450 2531 546 2591 fertur
561 2542 612 2604 xl,
635 2549 811 2611 possessum
835 2530 906 2590 olim
921 2550 940 2591 s
954 2532 1047 2590 Petro
1061 2532 1213 2593 Daniele:
1235 2533 1411 2603 lacunosum

272 2652 348 2693 sane
366 2642 397 2692 et
411 2642 444 2692 ut
458 2653 515 2716 usu
529 2633 638 2693 venire
654 2634 686 2691 in
703 2632 756 2691 tali
772 2652 888 2711 genere
904 2634 984 2693 solet
999 2632 1194 2710 mendosum,
1211 2634 1266 2693 sed
1284 2655 1322 2694 ex
1333 2637 1411 2695 anti·
1441 2622 1449 2646 ⁸

274 2737 379 2815 quiere
394 2744 427 2797 ut
442 2734 565 2795 videtur
580 2735 666 2794 fonte
683 2733 814 2795 ductum.
843 2734 899 2795 Oui
914 2736 1028 2796 saeculi
1044 2748 1092 2794 xv
1106 2737 1296 2805 Basileensis
1312 2738 1409 2813 F.111‚

273 2832 350 2914 2(B)
368 2846 398 2896 et
412 2837 570 2897 Parisinus
587 2845 650 2901 1441
672 2834 722 2916 (P)
740 2836 905 2897 accedunt:
922 2858 1048 2918 quorum
1063 2838 1113 2897 hic
1128 2839 1244 2917 insigni
1260 2841 1409 2920 exemplo,

274 2926 425 3018 quomodo
451 2939 598 3018 serpserit
620 2938 831 3017 interpolandi
856 2940 984 3001 licentis
1006 2949 1163 3001 monstret.
1205 2942 1334 3005 Praeter
1354 2943 1410 3009 hor

272 3049 349 3114 tres,
375 3058 392 3097 e
409 3039 517 3120 quibus
534 3049 709 3119 excerptam
724 3039 762 3099 ab
779 3041 959 3103 Hunaikero
983 3041 1222 3124 discrepantiam
1242 3046 1411 3125 scripturae

273 3142 400 3203 soture
415 3143 712 3203 narrarentur.
730 3152 780 3207 xu
796 3163 827 3221 p.
845 3152 895 3206 ree
911 3164 980 3224 sqq.
996 3146 1172 3225 proposuit,
1194 3147 1228 3204 rr
1240 3131 1338 3208 euri
1359 3150 1410 3209 er·

272 3242 328 3304 bus
344 3242 500 3304 codicibus
514 3243 741 3318 Ambrosium,
758 3264 908 3324 nusquam
924 3247 1005 3305 inter
1020 3267 1054 3306 se
1071 3247 1240 3323 distinctis,
1258 3249 1411 3328 proditam

273 3345 311 3406 ab
326 3345 450 3423 Angelo
465 3347 548 3407 Maio
565 3348 674 3418 vitam,
698 3366 777 3427 quae
795 3347 889 3407 estin
906 3367 942 3407 eo
965 3349 1043 3410 libro
1067 3369 1157 3430 quem
1172 3351 1224 3410 ille
1238 3351 1411 3415 Mediolani

272 3467 299 3507 a.
317 3456 383 3511 1815
399 3448 444 3508 sic
458 3447 637 3528 inscriptum
653 3447 768 3508 edidit:
798 3450 855 3509 ιΜ.
872 3450 947 3509 Aeci
962 3452 1064 3511 Plauti
1086 3452 1260 3530 fragmenta
1280 3453 1409 3517 inedita.

188 3606 193 3611 ,
271 3549 350 3610 Item
365 3547 405 3608 ad
419 3550 455 3609 P.
472 3536 653 3615 Terentium
668 3554 941 3613 commentationes
958 3562 988 3612 et
1009 3555 1146 3633 picturae
1162 3552 1319 3614 ineditae’.
1349 3553 1410 3616 Vbi

274 3649 312 3709 de
328 3650 413 3710 libris
428 3652 488 3715 illis
503 3654 547 3713 sic
562 3661 689 3715 testatus
707 3663 753 3715 est
767 3676 798 3734 p.
811 3663 860 3719 37:
890 3656 993 3719 ‘Haee
1007 3657 1148 3717 Terentii
1164 3657 1250 3731 Vita,
1273 3656 1411 3733 nondum

271 3761 392 3831 utputo
412 3755 554 3832 vulgata,
582 3763 667 3815 extat
688 3756 720 3815 iu
734 3756 947 3817 Ambrosianis
969 3756 1125 3821 codicibus
1145 3761 1185 3819 D.
1201 3766 1236 3822 79
1259 3768 1289 3818 et
1304 3757 1342 3819 Ο.
1361 3767 1411 3822 109

271 3864 351 3934 part.
374 3876 457 3935 sup,
484 3857 517 3915 in
543 3855 652 3937 quibus
674 3865 704 3917 et
732 3857 841 3918 dicitur
863 3868 1010 3938 excerpta
1032 3879 1048 3918 e
1070 3861 1276 3923 vetustissimo
1293 3859 1408 3923 codice.

270 3957 381 4019 Exstat
395 3958 468 4023 item
483 3958 515 4018 in
532 3958 637 4018 codice
652 3960 689 4021 F.
705 3966 739 4023 92
754 3968 832 4038 part.
848 3980 932 4039 sup,
953 3960 1006 4022 ubi
1021 3960 1195 4022 inscribitur
1210 3965 1410 4023 Prohoemiatur

271 4076 387 4130 acrum,
408 4068 441 4119 ut
456 4060 595 4120 nimirum
612 4059 814 4139 distinguatur
830 4080 849 4121 a
863 4062 1003 4122 Terentii
1019 4065 1092 4125 Vita
1107 4063 1208 4124 studio
1224 4066 1409 4129 Petrarchao

274 4160 429 4240 descripta
445 4159 491 4239 (et
505 4159 601 4240 edita)
619 4182 697 4241 quae
714 4163 746 4225 in
763 4162 872 4224 eodem
893 4185 949 4225 me.
970 4167 1108 4243 proxime
1123 4164 1353 4247 praeponitur)
1368 4201 1410 4215 -

274 4261 416 4325 Ceterum
432 4264 711 4344 interpunctionem
724 4266 817 4327 tacite
833 4267 961 4327 correxi.
