3194 5004
520 450 548 491 r.
564 447 744 491 nrrsonmur
760 430 1006 491 oouusuraurvs'
1240 427 1324 495 ‚525

192 601 289 661 multa
311 599 516 661 condonemus
537 601 667 681 quaein
690 608 839 660 oratorem
862 598 1054 659 nullomodo
1080 598 1204 672 cadant,
1227 608 1330 660 tamen

193 712 255 763 tam
280 702 334 763 ille
356 722 468 782 expers
490 684 662 780 elegantiae
682 721 722 762 ne
744 703 776 760 iu
798 701 980 761 carminibus
1003 700 1125 783 quidem
1146 701 1204 760 fuit
1225 710 1258 760 ut
1277 703 1330 762 vel

193 804 272 865 hacc
287 804 452 865 scriberet:
473 814 501 863 tu
514 824 627 880 quoque,
643 809 692 881 qui
762 822 928 879 cupressum
941 806 1027 862 latium
1042 823 1129 864 uoce
1143 805 1330 862 Menandrum

192 913 220 965 in
236 911 353 965 medium
370 910 447 967 nobis
461 909 563 965 sedatis
575 909 721 965 uocibus
735 909 830 981 effers,
845 906 897 965 rel
912 926 974 964 non
988 907 1087 965 minas
1103 906 1214 984 frigide
1228 907 1330 986 proni*

193 1029 274 1068 mum
297 1030 419 1070 versum
442 1009 536 1069 talem
558 1008 691 1069 faceret:
722 1012 851 1084 quiddam
870 1027 946 1067 came
965 1013 1113 1083 loquens
1136 1018 1217 1083 atquc
1238 1013 1330 1068 omnia

192 1115 286 1170 auru
306 1116 437 1171 urceus.
472 1112 515 1171 at
534 1111 598 1170 nur
620 1110 744 1193 quirem
765 1112 823 1170 nu
848 1109 924 1170 usu
946 1094 1086 1170 vrtrr'vu
1107 1110 1329 1170 ruerem-rus

194 1213 226 1271 in
239 1213 397 1273 Theocriti
412 1212 562 1274 Adonian.
584 1235 614 1294 p.
632 1223 684 1277 330
706 1212 758 1272 vel
773 1212 946 1275 Meinekius
966 1214 1095 1291 praefat.
1115 1212 1277 1272 Menandri
1299 1233 1330 1292 p.

194 1327 319 1374 xxxvll
335 1317 581 1396 suspicaturum,
600 1335 707 1375 verum
722 1335 790 1374 raro
806 1316 946 1395 exemplo
962 1314 1105 1374 Barthius
1120 1313 1198 1374 vidit
1211 1314 1330 1374 Adver-

195 1419 341 1477 sariorum
355 1424 510 1494 xxx1v,7
530 1421 631 1476 sedatis
645 1422 791 1476 motibus
810 1416 996 1477 substituens
1011 1436 1066 1495 pro
1088 1420 1191 1476 sedatis
1210 1420 1331 1490 accium,

193 1520 277 1600 quod
294 1541 332 1580 ne
347 1539 403 1600 per
423 1518 598 1601 sequidem
617 1528 666 1579 sat
680 1518 869 1579 commodum
883 1518 1071 1578 intellectum
1091 1519 1193 1579 habet.
1229 1519 1331 1578 Motus

196 1624 275 1681 enim
291 1624 384 1682 animi
398 1623 428 1682 h.
445 1642 471 1682 e.
488 1624 702 1681 concitatiores
717 1630 810 1702 atque
825 1621 902 1680 adeo
919 1620 1106 1681 sublimiores
1121 1623 1247 1680 affectus
1264 1641 1331 1680 cum

195 1725 348 1802 gravitate
370 1720 539 1803 descriptos
559 1724 633 1785 setis
654 1733 772 1784 constet
793 1744 812 1783 a
825 1724 971 1783 Terentio
990 1725 1050 1783 iam
1070 1733 1192 1784 veteres
1211 1724 1331 1782 criticos
1392 1766 1402 1785 .

120 1800 131 1819 κ
195 1819 592 1905 abiudicasse‚r'}dr1potius
611 1826 656 1886 illi
678 1846 769 1906 quam
783 1817 869 1901 πάθη
886 1802 1075 1885 tribuentes:
1100 1825 1138 1885 de
1162 1845 1221 1906 quo
1238 1836 1268 1884 et
1286 1825 1330 1884 lu·

196 1922 320 1988 calente
333 1937 403 1989 sunt
421 1937 452 1989 et
466 1937 539 1988 nota
556 1928 694 1988 omnibus
710 1929 855 1992 Vasronis
874 1929 1048 1988 testimonia
1064 1927 1144 2007 apud
1161 1927 1332 1987 Charisium

195 2051 225 2108 p.
243 2040 295 2093 215
312 2039 342 2089 ‘ct
355 2030 487 2089 Nonium
503 2052 532 2110 p.
550 2039 611 2095 374.
641 2029 821 2109 Eodemque
834 2028 952 2110 pridem
969 2028 1157 2088 intellectum
1171 2038 1218 2089 est
1232 2030 1332 2089 Hora-

196 2132 269 2189 tium
286 2140 444 2210 spectare,
462 2153 529 2192 cum
550 2137 713 2208 pronitatem
729 2131 848 2191 laudari
868 2134 899 2190 in
915 2131 1060 2204 Caecilio,
1076 2133 1108 2190 in
1122 2132 1267 2192 Terentio
1282 2154 1331 2190 ur-

196 2241 248 2291 tem
275 2233 402 2292 excluse
421 2235 571 2311 gravitate
596 2233 789 2312 significavit.
834 2234 891 2292 His
914 2235 1006 2311 igitur
1027 2234 1190 2294 Terentius
1210 2227 1332 2309 πάθεσι,

197 2354 276 2415 quse
294 2354 314 2393 a
326 2334 495 2395 Menandro
512 2336 633 2417 quidem
647 2337 770 2396 minime
784 2335 886 2397 aliena
900 2336 1032 2408 fuerunt,
1051 2356 1111 2395 non
1127 2355 1196 2396 esse
1210 2335 1270 2395 nisi
1284 2356 1331 2395 se·

177 2438 179 2442 ’
198 2436 276 2496 datis
290 2437 321 2497 h.
337 2457 364 2498 c.
380 2439 544 2501 attenuatis
562 2447 593 2499 et
609 2436 648 2497 ad
664 2439 797 2520 aliquam
813 2437 1012 2498 humilitatem
1030 2437 1183 2517 depressis
1199 2458 1270 2498 usus
1287 2437 1331 2498 di·

198 2539 285 2598 citur.
323 2538 560 2600 contraeamus
583 2543 716 2610 mambres,
740 2539 822 2624 quod
844 2541 902 2600 luis
921 2542 971 2600 cui
997 2542 1028 2598 in
1051 2544 1184 2599 mentem
1204 2543 1332 2617 veniret,

196 2644 314 2701 ratione
330 2643 450 2702 omnino
470 2652 568 2716 caret,
588 2663 656 2701 cum
675 2630 708 2701 τὸ
722 2634 836 2718 ἠθικὸν
854 2652 961 2723 suapte
976 2652 1085 2702 natura
1100 2642 1170 2702 lene
1185 2645 1224 2702 sit
1240 2652 1271 2701 et
1284 2662 1332 2702 se·

199 2743 312 2808 datum.
349 2745 458 2825 Itaque
481 2746 512 2804 in
529 2744 658 2804 eandem
677 2754 794 2824 partem
813 2743 1172 2824 illuminterprctandum
1188 2743 1332 2826 estquod

197 2849 365 2927 dimidratmp
380 2848 567 2906 Menandrum
590 2846 622 2907 O.
640 2846 756 2907 Caesar
775 2848 954 2908 Terentium
982 2847 1061 2906 dixit
1085 2849 1206 2929 eisqui
1226 2848 1331 2908 subse·

198 2956 330 3028 quantur
350 2947 506 3021 versibus,
527 2948 558 3008 h.
581 2969 608 3009 e.
631 2949 831 3010 Menandrico
857 2953 931 3010 artis
950 2952 982 3009 in
1006 2949 1121 3030 duplici
1147 2970 1276 3028 genera,
1303 2961 1334 3010 et

199 3049 298 3109 ethico
320 3059 351 3109 ct
371 3051 544 3130 pathetice,
559 3053 743 3132 conspicuae
765 3053 920 3113 dimidiam
939 3061 1056 3112 tantum
1069 3034 1193 3132 partem'
1205 3052 1332 3113 adsecu-

198 3161 275 3212 tum:
305 3152 395 3213 eliter
415 3163 506 3236 atque
520 3154 676 3215 Meinekio
701 3156 799 3215 visum
821 3164 869 3215 est
888 3177 917 3235 p.
941 3168 1054 3223 xxxvl
1071 3156 1102 3213 iu
1125 3156 1332 3217 adnotatione.

200 3252 341 3315 Ceterum
360 3255 440 3336 quod
456 3255 536 3336 apud
554 3256 713 3318 Sohottum
729 3256 748 3316 l.
766 3277 791 3317 s.
810 3278 833 3316 s.
848 3260 980 3337 positum
1001 3257 1120 3336 reperio
1135 3262 1236 3316 sedatis
1256 3264 1332 3317 auri-

198 3360 258 3430 bus,
275 3376 334 3417 nec
350 3359 438 3437 capio
453 3378 510 3418 nec
525 3358 607 3418 uude
623 3361 751 3419 ascitum
767 3360 807 3419 sit
822 3361 962 3438 comperi.
990 3338 994 3346 ¹

283 3460 359 3537 Peg.
376 3459 431 3532 34,
447 3458 467 3519 6
488 3463 630 3535 quiddam,
645 3481 699 3540 pro
716 3480 776 3541 quo
792 3461 919 3540 quadiu
937 3463 1047 3521 ceteris
1061 3469 1184 3540 praeter
1197 3469 1333 3522 veterem

198 3562 371 3623 Parisinum
393 3560 478 3619 libris
496 3570 598 3620 exstat
613 3566 766 3638 quidquod
780 3562 832 3622 vel
849 3567 980 3639 quidquid
998 3584 1038 3622 ne
1053 3564 1191 3639 intellegi
1208 3563 1331 3643 quidem

199 3672 312 3744 potest
328 3663 497 3723 rectissimo
513 3663 626 3722 iudicio
640 3663 700 3722 iam
715 3664 862 3724 Pithoeus
877 3666 1012 3744 suscepit
1026 3666 1286 3745 Epigrammatum
1303 3673 1334 3726 et
1356 3744 1360 3752 Ι

200 3774 373 3845 poematum
387 3774 525 3824 veterum
547 3786 578 3844 p.
593 3774 629 3827 42
652 3764 701 3826 ed.
719 3765 819 3844 Lugd.
837 3787 865 3827 a.
889 3777 969 3841 1596,
993 3766 1135 3847 probavit
1155 3777 1226 3847 post
1239 3769 1332 3829 Nico·

199 3868 281 3927 laum
295 3864 456 3928 Heinsium
467 3867 509 3926 =in
528 3865 619 3927 Ovid.
635 3868 729 3927 lhist.
751 3880 788 3941 V,
813 3878 843 3941 l,
870 3879 904 3932 18
919 3869 1110 3930 Burmannus
1127 3871 1334 3949 Anthologiae

200 3969 262 4029 vol.
278 3982 306 4043 1,
321 3991 350 4050 p.
368 3979 435 4044 410,
456 3970 531 4028 miro
548 3970 675 4029 consilio
689 3980 722 4029 ut
735 3979 781 4029 tet
797 3970 858 4030 alia
875 3980 946 4047 ante
961 3992 994 4032 se
1010 3982 1094 4032 recte
1112 3974 1236 4032 inuenta
1251 3993 1333 4052 sprc-

200 4072 402 4152 vitldeycrus
417 4070 543 4135 Anthol.
565 4076 662 4151 epigr.
682 4081 725 4136 64.
759 4108 794 4118 -
819 4085 901 4149 atquc
915 4094 970 4153 pro
993 4072 1254 4154 uc'reponendum
1276 4076 1335 4134 iem

200 4174 392 4257 Burmannus
406 4173 534 4249 viderat.
623 4190 633 4210 ·
712 4180 715 4186 '
1168 4164 1172 4171 ’

285 4273 404 4336 Ibidem
415 4284 485 4356 post
500 4280 612 4352 loquens
625 4296 732 4337 vocem
748 4279 858 4338 misere
873 4279 1021 4356 languens
1035 4282 1129 4339 dicens
1141 4280 1334 4359 perticipium

201 4369 262 4439 iam
280 4377 437 4438 Ciceronis
458 4377 622 4440 editoribus
641 4379 821 4460 quibusdam
844 4381 1062 4461 antiquioribus
1084 4382 1246 4441 offensioni
1266 4382 1334 4457 suit,

202 4481 351 4563 aquibus
374 4484 499 4555 &queas
519 4485 663 4563 scriptum
682 4485 825 4544 invenio:
855 4484 937 4565 quod
961 4483 1043 4543 unde
1067 4486 1194 4562 petitum
1220 4486 1260 4544 sit
1284 4486 1335 4549 val
