3220 5022
227 428 311 513 ¹ficti]
539 443 732 484 earsaoavn
756 445 921 488 sinaonvu
945 446 1120 493 usurariae

127 573 242 647 190**
335 588 556 652 Transeamus
580 588 622 652 ad
645 568 792 653 scenicas
815 612 882 669 res,
905 613 1043 677 quarum
1070 600 1102 653 et
1124 590 1281 671 originem
1308 612 1394 653 eom·

249 713 381 754 munem
405 699 438 753 et
464 690 577 753 titulos
603 712 698 779 pares
727 691 905 755 secundnm
933 693 1036 777 ipsam
1063 691 1105 753 ab
1129 692 1220 753 initio
1244 689 1393 754 ludorum

249 791 503 878 appellationem
521 800 553 853 et
574 791 887 855 administrationem
904 793 1110 855 coniunctam
1127 815 1199 855 cum
1222 814 1257 853 re
1280 792 1393 877 equesl

171 880 174 886 Δ
249 878 291 957 tri
318 895 382 955 iam
406 893 618 956 ostendimus.
657 904 832 979 apparatus
855 896 952 956 etiam
978 916 1019 955 ex
1044 916 1083 956 ea
1103 904 1196 979 parte
1219 903 1395 980 consortes,

241 1016 314 1080 ,qua
336 994 378 1056 ad
401 1014 531 1057 scenam
555 1016 574 1055 a
592 993 722 1080 templis
749 1004 780 1058 et
805 995 870 1057 aris
893 1005 925 1058 et
948 994 1004 1057 illa
1023 995 1216 1058 infelicitate
1235 994 1339 1057 thuris
1362 1002 1416 1057 ete

251 1096 421 1177 sanguinis
449 1097 534 1159 inter
561 1094 659 1158 tibias
689 1106 721 1159 et
744 1096 840 1159 tubas
867 1096 932 1158 itur
965 1095 1093 1159 duobus
1123 1095 1395 1181 inquinatissimis

250 1197 383 1260 arbitris
407 1196 556 1261 funerum
582 1206 614 1259 et
635 1219 798 1260 sacrorum
823 1196 1043 1280 dissignatore
1070 1206 1101 1259 et
1123 1197 1305 1283 haruspice.
1350 1198 1395 1258 ita

250 1321 323 1361 cum
353 1298 394 1361 de
423 1297 605 1380 originibus
634 1297 782 1361 ludorum
811 1299 852 1361 ad
883 1300 1046 1361 circenses
1073 1299 1188 1362 transii
1226 1320 1280 1379 us,
1318 1296 1395 1360 inde

252 1422 339 1462 nune
366 1398 408 1461 ad
436 1400 583 1462 scenicos
616 1398 710 1462 ludos
737 1398 918 1482 dirigemus
947 1422 967 1461 a
998 1398 1061 1462 loci
1091 1322 1394 1563 uitithheatrum

251 1502 380 1586 proprie
401 1502 578 1563 sacrarium
602 1500 737 1563 Veneris
760 1510 820 1563 est.
869 1500 931 1564 hoe
952 1501 1092 1587 denique
1116 1500 1189 1564 ruod
1233 1494 1267 1562 id
1291 1518 1431 1582 genesin

252 1602 359 1688 operis
380 1603 413 1663 in
437 1601 547 1664 seculo
568 1602 683 1664 euasit.
729 1623 804 1665 nam
826 1624 925 1687 saepo
950 1623 1103 1666 censores
1132 1603 1300 1665 nascentia
1321 1622 1396 1663 curn

252 1704 394 1773 mraxime
421 1702 549 1764 theatra
581 1702 794 1766 destruebant
826 1703 971 1768 moribus
1000 1703 1224 1785 consulentes,
1258 1724 1394 1789 quorum

253 1803 379 1868 scilicet
411 1802 590 1890 periculum
624 1804 740 1890 ingens
770 1804 810 1867 de
838 1804 977 1868 lasciuia
1000 1805 1239 1892 ,prouidebant
1269 1815 1306 1868 ut
1332 1805 1394 1866 iam

253 1905 328 1969 hine
350 1905 489 1969 cthnieis
515 1904 548 1966 in
572 1907 792 1969 testimonium
818 1906 914 1969 cedat
936 1908 1098 1970 sententia
1121 1908 1265 1992 ipsorum
1286 1905 1395 1969 nobis·

253 2030 327 2070 cum
355 2006 481 2069 faciens
508 2015 539 2069 ct
566 2005 659 2070 nubis
688 2009 721 2070 in
752 2010 1040 2091 exaggerationem
1070 2007 1264 2095 disciplinae
1298 2007 1432 2071 etiamrs

254 2109 414 2173 humanae
430 2111 670 2194 praerogatiua.
701 2112 811 2196 itaque
829 2108 1004 2195 Pompeius
1020 2110 1160 2195 Magnus
1180 2109 1249 2173 solo
1270 2109 1396 2172 theatro

254 2233 312 2274 sue
335 2211 440 2274 minor
461 2232 534 2273 curu
559 2210 648 2273 illam
672 2233 779 2274 arcem
803 2212 947 2275 omnium
972 2212 1211 2296 turpitudinum
1235 2209 1396 2275 extruxis-

254 2322 304 2376 set
329 2314 453 2374 ueritus
475 2310 670 2398 quandoque
691 2315 867 2375 memoriae
891 2334 969 2375 suae
990 2316 1170 2376 censoriam
1193 2312 1397 2375 animaduer-

254 2417 377 2478 sionem
394 2414 531 2476 Vcneris
549 2413 663 2477 aedem
685 2417 892 2500 superposuit
914 2414 1008 2476 etad
1031 2412 1268 2478 dedicationem
1291 2413 1397 2475 edicto

254 2514 408 2602 populum
430 2536 553 2578 uocans
577 2537 642 2578 nen
664 2514 825 2578 theatrum
849 2515 907 2579 sed
931 2515 1067 2578 Veneris
1096 2514 1250 2601 templum
1275 2534 1433 2578 nuncu-ro

254 2621 363 2703 pauit:
412 2616 486 2679 ‘eui
516 2615 749 2700 subiecimus',
781 2617 903 2702 inquit,
935 2616 1074 2701 ‘gradus
1109 2615 1396 2703 spectaculorum!

191 2792 202 2807 .
254 2722 301 2782 itu
321 2720 508 2781 damnatum
532 2726 564 2781 et
586 2717 805 2782 damnandum
828 2741 908 2803 opus
931 2718 1042 2805 templi
1066 2720 1160 2781 titulo
1183 2717 1344 2803 praetexit
1361 2725 1399 2778 et

256 2818 463 2903 disciplinam
488 2821 718 2904 superstitione
742 2818 869 2884 delusit.
909 2821 966 2884 sed
990 2821 1110 2883 Veneri
1134 2829 1166 2882 et
1184 2817 1304 2881 Libero
1323 2838 1398 2887 corr,-

255 2923 356 2983 uenit.
402 2920 467 2982 duo
489 2920 552 2981 ista
579 2920 752 2984 daemonia
780 2923 965 3007 conspirata
995 2931 1027 2983 et
1053 2922 1223 2985 coniurata
1248 2921 1335 2982 inter
1362 2941 1398 2982 se

257 3143 385 3209 quoquc
416 3122 531 3186 dumus
556 3131 615 3187 cst.
664 3145 736 3186 num
769 3133 801 3187 ct
827 3125 909 3189 alios
938 3124 1032 3190 ludos
1063 3125 1209 3188 scenicos
1231 3122 1399 3187 Liberalia

256 3226 387 3311 proprie
414 3223 592 3307 uocabant,
627 3235 853 3312 praeterquam
879 3225 998 3290 Libero
1028 3226 1180 3306 deuotus,
1211 3246 1294 3312 quae
1324 3231 1400 3287 sunt

256 3324 421 3408 Dionysia
449 3348 550 3411 penes
575 3326 738 3410 Graecos,
769 3330 865 3390 ctiam
889 3350 908 3390 a
928 3327 1048 3391 Libero
1071 3328 1250 3390 institutos.
1294 3335 1327 3389 et
1349 3335 1400 3388 est

256 3426 354 3513 plane
382 3427 414 3490 in
444 3427 570 3491 artibus
591 3451 719 3515 quoque
748 3429 886 3493 scenicis
908 3427 1021 3511 Liberi
1047 3438 1079 3492 et
1100 3427 1238 3492 Veneris
1260 3429 1400 3514 patroci-

346 3614 428 3671 litu*
446 3616 632 3667 Tertullianus
650 3617 685 3667 de
703 3618 870 3683 spectaculis
891 3616 935 3666 10:
966 3618 1207 3667 ‘'Pranscamus
1272 3616 1400 3666 manci-

259 3700 318 3749 pes
335 3685 469 3735 babent.
506 3685 596 3734 oderis
615 3685 781 3745 t'bristiana
803 3701 914 3750 qtrorum
934 3693 1061 3735 auctores
1074 3700 1127 3734 non
1140 3691 1219 3749 potes
1231 3700 1286 3734 non
1299 3685 1398 3734 odisse.

260 3755 313 3801 iam
333 3769 403 3801 nunc
423 3753 544 3802 uolumus
567 3769 715 3818 suggerere
738 3754 771 3801 de
797 3753 901 3802 artibus
921 3754 998 3802 etde
1017 3753 1072 3814 bis,
1093 3768 1205 3817 quorum
1226 3760 1353 3801 urrctores
1372 3752 1399 3799 in

259 3821 413 3868 nominibus
445 3820 645 3870 exsecramur.'
675 3837 699 3869 o.
723 3838 748 3885 q.
773 3838 794 3869 s.
818 3849 850 3855 --
885 3821 1072 3871 Tertullianus
1097 3820 1205 3885 apolog.
1229 3819 1264 3868 e:
1307 3822 1399 3881 ‘Quo-

259 3902 323 3935 nam
347 3887 411 3936 illae
436 3889 512 3951 leges
537 3889 664 3937 abierant
687 3894 822 3953 sernrptum
852 3894 880 3937 ct
903 3889 1078 3939 ambitionem
1102 3889 1332 3953 comprimentes?
1350 3924 1356 3936 .
1371 3922 1398 3936 ..

260 3969 330 4019 quae
349 3954 458 4004 theatra
476 3957 632 4021 stuprandis
650 3957 770 4005 moribus
788 3957 905 4006 orientia
923 3955 1122 4007 destruebant’
1141 3982 1175 3991 -
1204 3955 1317 4004 Tacitus
1337 3970 1399 4004 anu.

345 4121 362 4175 3
378 4120 408 4169 et
423 4111 712 4169 administrationem
730 4130 782 4167 om.
798 4107 828 4189 {A
843 4106 889 4192 ΗΒ
906 4110 944 4170 de
959 4109 1149 4169 —ludorum
1165 4130 1219 4169 aas.
1237 4112 1261 4167 A
1275 4104 1290 4189 Η
1305 4119 1400 4168 trans·

259 4197 348 4254 iimus
369 4200 422 4253 Fr.
445 4199 563 4253 iniurius:
587 4197 746 4254 transimus
766 4202 790 4253 A
809 4196 822 4274 ll
848 4198 1015 4274 inproprie
1036 4217 1088 4254 om.
1106 4201 1155 4253 Aa
1176 4192 1190 4277 ΙΙ
1212 4204 1244 4256 12
1261 4190 1412 4274 quorum]

261 4278 362 4339 cor‘rrm
376 4288 423 4338 Aa
438 4278 451 4358 [ξ
471 4290 501 4341 13
512 4282 619 4357 ingens
631 4302 685 4340 our.
699 4285 723 4338 A
738 4276 752 4361 il
770 4292 800 4341 tt
811 4281 896 4339 bicA
911 4278 924 4362 ll
944 4290 971 4343 17
981 4301 1082 4339 arcem
1096 4284 1276 4355 Genpaeias:
1290 4290 1401 4339 sortem

259 4369 285 4422 A
298 4361 313 4445 Η
328 4375 357 4425 ‘Ji
376 4364 494 4444 inquid
512 4368 562 4422 Aa
577 4360 590 4445 ll
605 4374 638 4427 rt
656 4386 734 4445 quae
751 4369 808 4424 lar.
827 4369 971 4439 Scaliger:
1000 4365 1082 4444 quod
1099 4370 1122 4422 A
1139 4362 1152 4441 {l
1165 4374 1202 4426 28
1221 4362 1327 4443 etiam]
1347 4362 1401 4422 sed

260 4449 320 4507 iam
333 4454 357 4505 A
364 4470 381 4505 u
