3186 4996
236 401 276 466 52
307 448 312 457 ,
607 427 649 468 nis
673 426 759 469 urnis
782 426 995 469 surtrsrsmvs

234 572 434 656 corrigendis
470 572 664 659 quibusdam
692 575 842 637 uersibus
871 575 939 637 suis
974 577 1123 639 exarauit
1158 574 1371 662 epulatusque

233 671 367 757 largiter
382 672 517 738 brachia
536 674 576 738 ad
594 675 752 739 secandas
772 696 874 739 uenas
893 675 1044 760 praebuit
1060 676 1194 740 medico.
1221 684 1371 763 poemata

233 777 302 838 eius
331 776 428 839 etiam
457 775 600 863 praelegi
624 777 771 857 memini,
807 776 922 842 confici
950 760 1087 841 uerolac
1112 782 1248 864 proponi
1270 801 1368 843 uena·

232 874 277 939 lia
297 899 362 942 non
383 864 508 941 tahtum
530 900 663 965 operose
686 888 718 941 et
740 879 917 964 diligenter
938 878 995 943 sed
1022 890 1054 942 et
1074 882 1183 966 inepte
1206 903 1345 968 quoque.

643 1178 958 1249 stPLsMENTh

736 1359 864 1419 XXVa.

569 1475 733 1525 'VITA
768 1476 991 1526 VERGILI

457 1571 501 1612 DE
519 1570 738 1613 camuranam
760 1571 873 1613 ussus!
889 1572 984 1614 PROBI
1000 1572 1139 1617 susam

313 1673 349 1737 P.
381 1672 547 1758 Vergilius
576 1673 668 1739 Maro
694 1683 790 1738 natus
818 1675 927 1739 idibus
956 1675 1153 1740 Octobribus
1183 1675 1302 1739 Crasso
1332 1684 1387 1740 ets

229 1773 383 1860 Pompeio
405 1774 593 1840 consulibus
621 1787 723 1841 matre
746 1775 857 1861 Magia
877 1775 970 1841 Polla
994 1788 1086 1861 patre
1116 1775 1290 1861 [Vergilio]
1314 1797 1365 1840 ru-

229 1878 309 1939 stico
336 1877 399 1962 (in)
424 1878 496 1939 uico
519 1876 686 1959 Andibus,
710 1881 766 1964 qui
789 1877 883 1942 abest
903 1900 922 1941 a
941 1879 1076 1942 Mantua
1099 1878 1190 1942 milia
1211 1899 1364 1965 passuum

227 1976 341 2041 XXX.
373 1979 462 2041 tenui
491 1977 646 2043 facultate
673 1980 825 2044 nutritus.
869 1980 926 2044 scd
955 2002 1028 2043 cum
1056 1980 1121 2043 iam
1143 1980 1277 2043 summis
1299 1977 1364 2042 elo·

227 2133 262 2181 ab
281 2133 410 2182 extreruis
429 2134 527 2183 cedere
551 2134 677 2199 spiritum
696 2135 803 2185 feruido
822 2136 911 2185 adhuc
931 2143 958 2185 et
983 2141 1108 2201 compote
1132 2138 1232 2185 mentis
1251 2140 1363 2201 pectore

225 2201 375 2267 intellegit,
395 2202 555 2251 recordatus
573 2219 684 2252 carmen
703 2219 719 2252 a
737 2220 768 2253 se
781 2205 968 2269 compositum,
987 2220 1039 2268 quo
1057 2201 1230 2253 uulneratum
1249 2204 1364 2253 militem

225 2284 275 2333 per
293 2270 427 2318 eiusmodi
445 2271 540 2319 mortis
565 2272 714 2335 imaginem
732 2272 824 2322 obisse
848 2272 1015 2335 tradiderat,
1038 2287 1135 2321 uersus
1158 2274 1233 2337 ipsos
1256 2271 1365 2321 rettulit

226 2353 313 2402 caque
332 2337 374 2386 illi
391 2338 684 2411 tuptfflnfflttatluih'

309 2406 325 2453 2
344 2421 401 2470 sqq.
433 2408 469 2457 ci.
489 2409 562 2455 stati
580 2407 776 2471 genethliacon
794 2408 901 2457 Lucani
920 2407 985 2457 Silv.
1005 2408 1075 2459 117.
1105 2408 1220 2457 Tacitus
1238 2407 1304 2457 dial.
1318 2405 1363 2455 20:

225 2472 360 2538 ‘poeticus
378 2478 461 2523 decor
479 2490 513 2525 cx
530 2476 643 2524 Horatii
663 2476 773 2540 Virgilii
792 2484 819 2524 et
843 2477 952 2525 Lucani
975 2477 1098 2525 sacrario
1123 2474 1266 2541 prolatus.¹
1289 2477 1364 2540 Aper

225 2542 302 2589 uicit.
320 2567 351 2575 -
368 2542 552 2605 Hieronymus
572 2550 667 2592 eontra
686 2544 811 2593 Rufinum
830 2549 893 2593 torn.
914 2544 942 2593 II
959 2561 985 2608 p.
1005 2543 1053 2592 471
1077 2544 1164 2592 Valle
1201 2546 1274 2608 ‘puto
1293 2544 1363 2607 quod

223 2624 291 2673 puer
314 2609 416 2674 legeris
510 2612 722 2660 commentarios
815 2612 930 2661 aliorum
953 2613 982 2660 in
1005 2613 1090 2685 alios¹
1113 2611 1241 2661 Plautum
1264 2611 1362 2660 uideli-

224 2681 270 2724 cet
287 2713 293 2725 .
309 2712 336 2726 ..
372 2678 495 2727 Persium
515 2683 597 2742 atquc
616 2677 780 2727 Lucanum'

309 2745 324 2793 3
337 2761 394 2808 sqq.
403 2744 541 2793 Martialis
553 2746 635 2794 Xllll
649 2727 953 2801 lhff‘Luoanus.lSunt
965 2747 1075 2811 quidam
1088 2748 1133 2811 qui
1147 2764 1189 2796 mo
1202 2747 1297 2796 dicant
1309 2762 1363 2797 non

225 2827 285 2861 esse
298 2819 422 2877 poetam3
441 2813 495 2862 Sed
514 2814 559 2877 qui
578 2829 621 2862 me
633 2815 729 2879 uendit
742 2814 894 2881 bibliopola
902 2813 1004 2880 putat)
1024 2814 1212 2876 Quintilianus
1230 2816 1254 2863 X
1275 2815 1297 2876 l,
1315 2814 1361 2863 stt:

224 2879 368 2929 ‘Lucanus
392 2880 491 2930 ardens
515 2886 543 2929 et
568 2871 776 2930 concitahffit
799 2884 946 2931 sententiis
971 2879 1138 2931 elatissiril'us
1163 2888 1199 2943 et,
1223 2890 1254 2930 ut
1271 2883 1361 2931 dicant

223 2948 295 3011 quod
312 2949 416 3010 sentio,
435 2949 524 3013 magis
537 2949 692 2998 oratoribus
705 2964 785 3013 quam
798 2951 888 3014 poetis
901 2948 1074 2999 imitandus’
1093 2951 1129 2998 el'.
1146 2950 1249 2999 Fronto
1261 2967 1288 3015 p.
1306 2950 1359 2998 125.

222 3016 333 3064 Securius
352 3018 419 3065 Aen.
439 3016 451 3065 1
469 3015 532 3066 382:
571 3017 655 3081 ‘quod
673 3004 908 3079 autemdixirnus,
934 3032 994 3066 eum
1007 3019 1119 3082 poetica
1132 3022 1191 3066 arte
1210 3018 1361 3083 prohiberi,

221 3099 256 3132 no
276 3090 370 3148 aperte
389 3089 474 3148 ponat
486 3084 637 3145 historiam,
657 3091 761 3134 certum
775 3092 825 3136 cst.
850 3086 979 3135 Lucanus
992 3101 1108 3150 narisque
1121 3087 1183 3135 ideo
1204 3088 1231 3135 in
1249 3103 1361 3135 nunrcro

221 3156 363 3216 poetarum
388 3168 448 3201 esse
471 3168 526 3201 non
548 3154 661 3215 meruit,
691 3154 755 3217 quia
784 3153 893 3203 uidetur
920 3154 1063 3222 historiam
1093 3157 1277 3218 composuisse
1307 3171 1363 3204 non

239 3219 342 3269 cema’
644 3230 650 3235 “
1264 3270 1268 3277 ,

220 3235 272 3295 p*
305 3289 412 3337 xxva.
436 3291 472 3337 hl.
494 3289 598 3338 Valerii
621 3289 705 3338 Probi
729 3289 757 3338 in
780 3289 896 3355 Vergilii
921 3290 1056 3340 Bucolica
1080 3296 1108 3340 et
1126 3291 1265 3356 Georgica
1289 3309 1359 3342 conr-

219 3359 371 3406 mentarius
391 3357 431 3405 ed.
451 3357 524 3406 licil.
544 3374 570 3422 p
592 3355 603 3405 l
623 3373 662 3421 aq.
1000 3400 1003 3405 .
1240 3406 1245 3419 x

303 3426 320 3475 a
333 3441 391 3489 sqq.
405 3425 471 3473 Vita
483 3425 587 3489 Vergili
601 3426 630 3475 in
643 3425 721 3474 codd.
740 3418 925 3475 lirinensibus
940 3425 988 3474 172
1001 3432 1044 3488 t:
1057 3427 1106 3491 B),
1125 3426 1170 3477 167
1183 3426 1287 3491 (213¹)
1301 3445 1322 3476 s.
1336 3430 1359 3478 X

219 3492 382 3543 Monacensi
396 3491 477 3542 18059
490 3509 512 3543 s.
525 3493 550 3543 X
562 3493 606 3543 vel
619 3493 659 3543 XI
673 3494 763 3558 izit)
777 3495 962 3559 etlteginonsi
978 3494 1040 3545 litto
1050 3512 1071 3545 s.
1085 3496 1124 3545 XI
1137 3495 1359 3561 (zll)(llern‘en·

306 3696 315 3745 l
337 3683 374 3742 ds
391 3682 576 3761 corrigendis
593 3686 753 3743 Salmasius
771 3677 786 3764 ll
808 3686 946 3743 exarauit
961 3688 988 3742 B
1005 3687 1141 3753 crxorauit
1162 3690 1189 3743 P
1210 3686 1359 3745 exorihuit

218 3774 252 3829 M
263 3765 277 3851 ll
291 3773 423 3827 lacunam
444 3780 509 3827 aitte
523 3779 665 3847 poemata
678 3775 778 3826 statuit
797 3771 919 3829 Rutilius
934 3767 947 3851 ΙΙ
962 3782 979 3833 3
999 3768 1106 3848 etiam]
1131 3773 1357 3849 ‘postmortem

214 3865 287 3930 puto
302 3858 463 3912 excidissc'
482 3857 668 3913 Heiuriehius
688 3859 719 3911 iu
740 3874 796 3930 rap.
822 3861 865 3914 cd.
883 3860 1055 3929 Bipoutinaa
1065 3899 1072 3930 ,
1089 3875 1174 3929 quiam
1192 3859 1357 3914 bibliotheca

217 3947 293 3999 uuir.
321 3942 478 3999 Rhenanus
497 3944 624 4013 possidet
643 3938 655 4020 {l
677 3941 766 4019 uero]
792 3940 951 4019 ‘exempla
967 3951 1039 4015 puta
1060 3942 1219 3999 cacidima’
1241 3944 1357 3999 Heinri-
1442 3994 1448 4017 ,

217 4030 299 4084 chius
315 4031 333 4083 t.
351 4044 375 4084 c.
392 4020 405 4106 ΙΙ
419 4040 437 4086 4
451 4025 574 4084 uenalia
589 4046 642 4083 om.
662 4030 689 4083 B
705 4023 717 4106 ll
733 4027 787 4085 sed
804 4037 833 4084 et
850 4029 909 4083 MP
923 4026 978 4083 sed
998 4030 1022 4083 B

301 4114 362 4168 XX
369 4113 427 4168 Va.
456 4114 530 4167 P:
537 4112 688 4169 Parisinus
705 4118 789 4169 3209.
808 4121 836 4169 t.
853 4130 876 4168 a.
889 4113 952 4168 XV
973 4114 1041 4167 V:
1057 4114 1211 4169 Vaticanus
1225 4119 1306 4170 2930.
1326 4120 1354 4170 t.

215 4216 238 4255 s.
256 4198 318 4254 XV
329 4200 357 4253 Ε
364 4223 403 4249 =
416 4200 498 4254 editio
510 4200 647 4270 princeps
665 4199 725 4255 Ioa.
742 4199 829 4271 Bapt.
846 4199 964 4271 Epaatr‘i
985 4198 1106 4254 Varietiis
1125 4204 1208 4255 1507.
1231 4199 1270 4271 cs.
1288 4199 1356 4255 Kei-

215 4288 270 4341 lius
285 4286 302 4340 l.
321 4302 345 4339 c.
360 4302 390 4355 p.
414 4282 510 4355 Vsqq.
636 4350 639 4357 Ι

214 4379 231 4431 6
253 4370 278 4427 P
293 4387 345 4426 om.
365 4370 392 4423 P
404 4362 416 4448 l}
433 4369 549 4426 eidibus
572 4362 622 4449 Vll
638 4365 750 4425 octobr.
773 4369 798 4425 V
810 4365 941 4425 octobris
963 4368 990 4423 P
1002 4362 1015 4449 ll
1030 4374 1045 4429 7
1062 4366 1166 4426 Mallia
1180 4371 1206 4426 P
1218 4362 1232 4450 ΙΙ
1248 4369 1354 4446 Vergi-

214 4454 255 4512 lio
271 4455 376 4511 seclusi
390 4446 403 4535 ΙΙ
418 4453 477 4515 8in
494 4457 593 4511 addidi
864 4440 868 4459 '
