3194 5004
203 418 206 423 ’
267 420 329 483 484
684 440 717 480 ru
731 439 829 481 00000
845 439 993 480 0000000

240 600 247 613 “
352 591 432 650 Inde
449 590 487 650 ab
503 611 585 649 anno
605 599 671 652 1472
686 590 726 649 ad
746 599 808 653 1517
825 591 856 648 in
873 591 971 648 lucem
993 576 1117 668 prddita
1133 589 1274 667 exempla
1288 588 1407 647 Donati

271 713 338 751 euru
353 694 501 752 Terentio
518 694 640 764 sociati,
658 712 737 772 quae
759 712 821 750 non
839 692 984 750 distinete
1003 692 1085 749 lnter
1104 710 1138 750 00
1153 692 1330 751 Veterum
1351 710 1404 749 no·

268 796 349 854 ruine
366 794 601 874 comprehendi,
626 795 683 854 etsi
705 813 805 872 pauca
825 804 1035 866 correxerunt,
1058 802 1162 851 tamen
1183 812 1247 851 non
1267 811 1404 852 0000000

267 897 420 955 10000100
436 896 530 955 libris.
568 897 748 975 Repositunr
769 904 864 974 031,
890 906 906 955 5
927 915 984 969 quo
1006 915 1069 953 non
1091 903 1234 953 0000000
1256 913 1272 953 0
1293 893 1404 952 nostris

267 1000 412 1078 petitum:
437 998 493 1056 sed
505 1001 609 1071 pernici
625 1016 656 1076 p.
673 1006 715 1070 26,
732 1006 749 1060 9
764 997 960 1055 inseruerunt
975 1016 1042 1054 eum
1057 996 1210 1070 omnibus,
1233 1016 1298 1054 curn
1313 995 1405 1073 Regi-

267 1102 357 1160 nensi
382 1101 580 1159 restituerunt
604 1109 654 1157 out
677 1118 708 1177 p.
726 1107 774 1171 16,
792 1108 839 1175 10,
866 1118 932 1157 earn
951 1119 1013 1157 uno
1029 1098 1171 1157 Vrbinati
1190 1102 1405 1175 1010100018,

270 1212 314 1275 10,
332 1206 414 1260 laelio
430 1211 457 1259 00
471 1204 592 1274 scipioni
606 1213 654 1274 30,
674 1209 719 1274 11,
737 1220 802 1259 eum
818 1200 990 1281 eodemque
1007 1201 1098 1259 etiam
1113 1200 1300 1278 interpolata
1316 1221 1346 1279 p.
1361 1207 1403 1270 30,

268 1303 402 1366 3verba
428 1305 598 1362 eommunia
624 1302 748 1361 habent.
786 1303 900 1361 Verum
926 1322 992 1360 oum
1017 1303 1087 1380 ipso
1113 1301 1192 1360 adeo
1218 1302 1359 1360 Parisino
1376 1301 1406 1356 A

255 1424 367 1484 ¹eoque
391 1406 456 1464 solo
480 1404 588 1463 eadem
609 1410 793 1463 sarcinarum
812 1404 999 1483 participant
1014 1424 1044 1481 p.
1061 1411 1141 1475 33,2
1164 1402 1359 1482 (quamquam
1373 1400 1406 1459 id

268 1507 333 1585 peti
350 1508 440 1565 etiam
456 1527 472 1564 e
488 1507 552 1564 vita
566 1505 771 1564 Ambrosiana
786 1504 913 1584 potuit),
932 1514 962 1564 et
978 1502 1062 1584 quod
1078 1505 1200 1583 gravius
1217 1512 1263 1563 000
1277 1504 1406 1583 soloque

268 1608 450 1686 typothetae
478 1626 579 1665 errore
602 1608 743 1666 omissum
764 1608 797 1665 in
820 1606 1022 1665 adnotatione
1045 1615 1163 1679 nostra,
1192 1591 1231 1664 ah
1253 1604 1407 1665 eodemA

163 1754 168 1764 .
268 1717 391 1767 servata
407 1718 434 1766 at
450 1712 544 1766 Arellio
560 1707 654 1765 verba
669 1729 701 1787 p.
717 1716 764 1781 34,
783 1719 812 1770 1:
834 1729 913 1788 quae
929 1707 1024 1767 verba
1039 1708 1187 1785 singulari
1203 1707 1255 1766 vel
1270 1726 1342 1766 0000
1355 1708 1407 1766 vel

269 1810 487 1887 neglegentiae
504 1810 645 1888 exemplo
661 1810 774 1868 facturn
790 1818 884 1868 00000
899 1816 969 1888 0000
984 1829 1101 1868 rursum
1115 1809 1332 1888 praetermissa
1349 1828 1407 1867 000

269 1912 301 1971 10
326 1911 444 1971 Aldina
469 1930 528 1969 nso
552 1911 584 1969 in
612 1911 825 1990 Stephaniana
849 1912 1107 1984 instaurarentur,
1135 1909 1191 1970 sed
1219 1910 1256 1969 ab
1281 1908 1407 1970 Ouden-

269 2012 378 2091 dorpio
396 2013 516 2072 demum
531 2021 749 2072 revocarentur
759 2010 802 2088 ²¹²).

353 2114 523 2194 Aliquanto
548 2115 670 2191 longius
696 2134 876 2194 progressus
902 2114 934 2171 in
962 2112 1157 2173 emendando
1183 2113 1353 2173 Aldinae
1378 2110 1421 2172 as

271 2223 336 2278 1517
360 2214 461 2275 editor
474 2217 657 2275 Franciseus
678 2217 833 2275 Asulanus
857 2213 961 2294 (quern
982 2217 1035 2276 alii
1057 2236 1125 2275 esse
1145 2215 1303 2274 Andream
1324 2216 1415 2275 Nau·'

269 2317 386 2394 gerinus
400 2300 530 2393 malunt)
558 2337 598 2375 ne
626 2318 693 2397 ipse
715 2316 839 2397 quidem
861 2318 958 2396 copiis
979 2338 1034 2377 000.
1057 2317 1218 2377 destitutus
1242 2318 1308 2377 1010.
1346 2317 1407 2395 Qui

271 2419 326 2477 etsi
342 2437 441 2497 panea
456 2418 608 2498 quaedam
624 2439 709 2478 snam
730 2407 850 2479 0000000
870 2420 1075 2478 coniecturam
1094 2419 1246 2498 reposuit,
1269 2427 1302 2478 ut
1317 2440 1347 2499 p.
1362 2428 1405 2492 26,

268 2528 285 2582 9
308 2524 464 2589 natusest,
490 2520 543 2579 vel
568 2529 692 2599 0000000
711 2540 816 2580 verum
841 2524 918 2579 dices
938 2540 970 2601 p.
985 2528 1034 2595 33,
1060 2532 1105 2593 10,
1133 2530 1237 2580 temen
1259 2521 1408 2600 pleraque

352 2769 377 2837 *)
395 2772 502 2823 Abeunt
520 2789 553 2822 ea
571 2774 656 2824 verba
674 2779 785 2839 praeter
809 2780 865 2824 tres
883 2773 1019 2824 editiones
1038 2775 1202 2839 ‘principes'
1226 2789 1243 2823 a
1260 2774 1407 2823 Tarvisina

270 2873 296 2906 a.
318 2856 382 2906 1477
407 2863 434 2906 00
452 2858 605 2922 Argentina
630 2860 754 2921 (1000010
776 2858 870 2922 Priisa)
893 2874 919 2907 a.
945 2857 1022 2907 1503:
1048 2864 1226 2908 accesserunt
1248 2858 1277 2907 in
1300 2859 1408 2908 Veneta

269 2940 407 3005 (Andreae
426 2941 460 2991 de
478 2942 563 2992 Asula
581 2942 819 3007 Bartholomeique
838 2944 870 2991 de
889 2943 1069 3006 Alexandria)
1088 2960 1113 2992 0.
1135 2941 1211 3005 1483,
1231 2943 1363 2992 Brixiana
1381 2959 1406 2992 0.

271 3024 349 3083 1485,
373 3027 486 3075 Venetis
505 3043 530 3076 a.
553 3026 629 3089 1481,
657 3024 735 3089 1499,
757 3026 820 3076 1491
846 3028 1021 3087 (110000οᾶ101
1039 3028 1072 3078 de
1091 3027 1212 3091 Choria),
1239 3027 1317 3091 1493,
1344 3027 1408 3077 1497
1502 3072 1511 3081 .

270 3109 408 3172 (10000101
432 3110 466 3160 do
489 3112 596 3165 Pentiis
619 3112 653 3161 de
675 3112 814 3175 Leueho),
840 3111 917 3175 1594,
944 3112 1017 3162 1512.
1053 3113 1086 3162 10
1109 3099 1207 3179 quibus
1230 3113 1301 3178 quod
1324 3113 1408 3163 etiarn

269 3196 392 3245 Venetas
411 3212 436 3245 a.
457 3194 522 3246 1493
541 3203 569 3246 00
593 3196 657 3247 1512
680 3198 835 3261 numeravi,
859 3213 973 3262 quarum
995 3197 1045 3247 illa
1068 3213 1131 3247 num
1155 3203 1277 3247 exstaret
1300 3198 1408 3247 omnino

269 3279 436 3329 dubitabant
455 3296 515 3330 cum
533 3281 655 3331 Panzero
674 3286 694 3331 0.
713 3282 755 3331 111
772 3299 800 3347 0.
818 3282 868 3332 342
886 3282 1076 3346 Schweigerns
1092 3299 1120 3347 p.
1142 3281 1221 3345 1052,
1246 3282 1317 3331 hanc
1337 3281 1408 3331 idem

269 3381 379 3430 prorsus
397 3367 521 3430 ignorat,
543 3366 597 3415 1001
616 3366 687 3430 quod
705 3367 872 3431 exemplaria
884 3367 1042 3417 Bonnensia
1059 3372 1180 3415 tractare
1199 3367 1279 3417 licuit
1298 3381 1408 3431 qnorum

269 3450 375 3500 indices
403 3451 431 3499 in
454 3451 594 3515 Epimetro
620 3451 709 3515 posui.
751 3451 924 3511 Ceterarum,
953 3467 1020 3516 quas
1047 3451 1408 3503 bibliotheca.aeademiea

269 3541 365 3585 nostra
382 3535 516 3600 00001000,
536 3540 683 3601 propterea
700 3535 791 3585 nullus
809 3552 873 3587 usus
891 3537 945 3585 1010
963 3536 1033 3600 quod
1051 3536 1156 3586 Donati
1173 3535 1211 3599 (h.
1231 3552 1254 3586 e.
1274 3534 1407 3595 Suetonii)

269 3624 330 3669 rita
351 3620 594 3670 omninoearent:
618 3621 647 3669 in
671 3637 723 3685 quo
746 3636 857 3671 numero
881 3620 1278 3685 000000000010000010000.
1300 3618 1364 3672 1496
1381 3625 1409 3669 00

272 3702 350 3765 1499,
370 3705 499 3755 Parisino
516 3721 540 3754 a.
562 3704 639 3770 1593,
664 3705 855 3771 Lugdunensis
873 3722 898 3755 a.
919 3704 984 3755 1596
1006 3710 1035 3755 00
1059 3705 1136 3768 1511,
1161 3706 1269 3756 Veneta
1288 3722 1313 3755 a.
1334 3703 1407 3763 1511,

270 3789 425 3855 Lipsiensis
451 3805 475 3838 a.
497 3790 575 3854 1512,
601 3791 786 3858 Tubingensis
810 3806 835 3839 0.
861 3788 938 3852 loll,
963 3791 1133 3854 Argentinae
1158 3806 1183 3839 a.
1204 3790 1268 3839 1514
1287 3795 1315 3840 00
1336 3787 1407 3839 lale.

270 3874 391 3936 Quarum
410 3875 463 3923 0001
482 3874 615 3937 quaedam
632 3875 737 3924 habent
755 3890 822 3924 0000
845 3860 932 3924 vitam
948 3874 1088 3936 Terentii,
1112 3880 1205 3925 tamen
1228 3890 1282 3924 non
1305 3874 1409 3923 habent

271 3973 288 4007 a
310 3960 421 4008 Donato
447 3959 614 4022 profectam,
641 3959 689 4009 sod
711 3959 781 4009 duee
805 3965 910 4009 tanturn
933 3961 1043 4010 Donato
1071 3960 1175 4010 1000000
1204 3959 1238 4008 ab
1262 3959 1408 4020 11000001ος
1469 3986 1477 3999 ·

270 4044 357 4108 100100
375 4043 502 4093 00000οἰ1
520 4044 650 4093 Ρο010100
668 4059 694 4093 e.
716 4039 793 4107 1504,
819 4060 899 4109 quarn
923 4043 1090 4109 aliquotiens
1108 4045 1225 4095 Rothins
1248 4060 1409 4095 commemo·

271 4128 357 4188 ravit,
382 4128 411 4176 iu
429 4133 555 4193 promptu
572 4143 627 4179 non
651 4128 713 4178 1010.
749 4130 792 4179 De
810 4130 919 4180 Veneta
937 4134 1031 4179 autem
1049 4145 1074 4179 a.
1096 4128 1161 4179 1492
1184 4129 1259 4195 t‘per
1275 4130 1409 4179 Banetnm

270 4209 470 4275 Loeatollum’)
491 4218 518 4263 00
535 4213 736 4264 Mediolanensi
759 4230 784 4262 a.
807 4211 870 4263 1501
895 4218 1043 4279 propterea
1065 4213 1132 4263 mihi
1157 4230 1211 4263 nou
1233 4214 1321 4279 liquet
1338 4213 1410 4279 quod

180 4352 183 4357 ξ
272 4312 365 4346 earum
389 4297 558 4362 exemplaria
576 4298 734 4349 Bonnensia
760 4299 789 4347 iu
812 4300 872 4365 ipso
894 4299 1030 4364 principio
1054 4299 1151 4348 mutila
1175 4306 1244 4348 sunt.
1282 4298 1410 4348 Ceterum

272 4381 305 4429 de
324 4380 524 4431 Mediolanensi
547 4382 634 4447 deque
653 4383 782 4432 Parisino
803 4379 831 4432 a.
852 4380 929 4445 1503,
959 4398 1072 4447 quarum
1095 4382 1197 4433 nullam
1222 4382 1412 4449 bibliographi

271 4466 400 4515 notitiam
417 4466 520 4547 habent
553 4467 619 4515 item
638 4467 694 4517 dixi
712 4469 740 4516 in
758 4468 908 4531 Epimetro.
