3186 4996
705 432 748 473 na
771 432 886 474 rossus
1323 411 1363 472 57

232 597 302 640 rum
323 577 469 639 maxime
486 577 602 642 dilexit
621 579 771 643 Cebetem
792 588 824 642 et
839 577 1079 657 Alexandrum,
1104 601 1197 665 quem
1221 578 1365 644 secunda

231 677 450 743 bucolicorum
469 679 582 764 ecloga
604 682 735 745 Alexim
751 679 907 768 appellat,
927 680 1079 745 donatum
1099 681 1161 745 sibi
1184 680 1226 744 ab
1248 681 1364 745 Asinio

232 779 395 861 Pollione,
416 790 588 867 utrumque
611 805 674 847 non
696 783 911 863 ineruditum,
943 781 1097 846 Cebetem
1126 803 1204 846 uero
1233 790 1264 845 et
1290 803 1364 867 poe·

231 891 308 945 tam.
324 884 330 979 Η
344 881 512 968 uulgatum
536 893 586 947 est
603 906 778 949 consuesse
794 907 866 949 eum
888 894 920 948 et
938 907 1009 949 curn
1025 884 1132 947 Plotia
1151 883 1276 948 Hieria.
1306 882 1364 947 sed

210 982 394 1048 sAsconius'
428 983 592 1061 Pedianus
618 985 783 1067 adfirmat,
820 989 925 1073 ipsam
958 972 1071 1073 pbstea
1099 987 1252 1050 maiorem
1286 994 1364 1048 natu

231 1108 364 1150 narrare
387 1084 531 1167 solitam,
553 1088 725 1153 inuitatum
745 1089 875 1175 quidem
894 1112 914 1153 a
928 1088 1028 1153 Vario
1046 1088 1087 1151 ad
1108 1088 1363 1151 communionem

232 1188 423 1277 sui,uerum
450 1189 710 1274 pertinacissime
739 1204 938 1267 recusasse*¹
972 1200 1080 1255 cetera
1110 1212 1187 1253 sane
1216 1190 1303 1252 uitae
1334 1197 1365 1251 et

232 1311 286 1354 oro
311 1298 343 1352 et
368 1290 475 1353 animo
502 1299 568 1353 tam
592 1291 728 1376 probum
759 1302 901 1374 constat,
941 1302 977 1357 ut
1005 1290 1142 1379 Neapoli
1170 1289 1364 1371 Parthenias

161 1398 168 1409 ‘
232 1391 339 1474 uulgo·
360 1389 540 1478 appellatus
569 1393 625 1469 sit,
657 1414 694 1455 ac
725 1394 752 1456 si
782 1393 911 1478 quando
940 1393 1076 1474 Romae,
1109 1415 1172 1480 qno
1200 1393 1364 1457 rarissime

197 1511 221 1551 so
231 1491 431 1557 commeabat
439 1541 447 1574 ,
473 1494 634 1558 uiseretnr
654 1495 688 1557 in
701 1493 848 1581 publico,
871 1496 1024 1560 sectantis
1049 1494 1364 1580 demonstrantisqus

231 1616 266 1656 se
293 1592 471 1678 suffugerat
497 1597 530 1658 in
558 1596 741 1682 proximum
772 1603 904 1678 tectum.
945 1597 1031 1663 bona
1059 1606 1166 1661 autem
1194 1595 1362 1660 cuiusdam

231 1693 394 1759 exulantis
432 1695 586 1761 offerente
621 1698 771 1782 Augusto
808 1722 873 1763 non
903 1699 1057 1765 sustinuit
1089 1699 1246 1784 accipere.
1292 1691 1363 1782 pos·
1424 1732 1428 1739 ‚

230 1795 315 1861 sedit
342 1819 441 1885 prope
475 1800 598 1863 centies
627 1801 811 1863 sestertium
839 1823 878 1863 ax
907 1799 1157 1865 liberalitatibus
1187 1801 1363 1867 amisorum

230 1897 407 1986 habuitque
430 1898 560 1991 domum
583 1900 704 1965 Romae
726 1900 885 1987 Esquiliis
908 1903 1000 1966 iuxta
1022 1902 1131 1967 hortos
1154 1901 1392 1997 Maecenatis„

197 2020 424 2087 isquamqusm
454 1990 602 2083 secessu*¹
612 2002 809 2088 Campaniae
838 2002 1034 2089 Siciliaeque
1061 2002 1233 2090 plurimum
1261 2003 1385 2067 utere-'
1421 2012 1425 2021 '

229 2112 291 2165 tur.
334 2112 484 2189 parentes
502 2103 568 2167 iam
587 2105 722 2189 grandis
741 2105 869 2185 amisit,
893 2127 935 2170 ex
956 2105 1074 2191 quibus
1089 2115 1214 2192 patrem
1236 2114 1364 2191 captum

314 2241 381 2306 2sq.
401 2241 512 2291 Servius
530 2242 581 2291 ecl.
600 2243 629 2292 Π
647 2242 673 2291 l:
692 2242 803 2301 Alexin]
823 2243 1228 2307 ι(11111111(111111111111111111111111,
1243 2243 1364 2291 luitser-

230 2323 281 2357 uus
293 2309 382 2358 Asinii
395 2309 541 2359 Pollionis:
561 2327 640 2375 quem
657 2311 788 2377 Virgilius
804 2318 916 2375 rogatus
929 2312 963 2361 ad
976 2311 1119 2376 prandium
1133 2327 1193 2360 cum
1206 2311 1322 2359 uidisset
1336 2311 1364 2359 in

232 2377 384 2427 ministerio
407 2379 524 2426 omnium
547 2377 757 2442 pulcherrimum
780 2378 878 2428 dilexit
901 2395 1014 2442 eumque
1039 2379 1109 2428 dono
1128 2379 1256 2443 accepit’
1292 2379 1363 2427 Mar-

231 2444 307 2494 tialis
319 2445 384 2494 VlII
397 2444 439 2495 56.
453 2446 531 2510 Apul.
547 2445 618 2510 apol.
632 2447 660 2495 ll
680 2445 717 2503 13,
740 2446 762 2494 l.
777 2447 888 2495 Servius
901 2446 952 2496 ecl.
967 2447 994 2496 11
1010 2446 1051 2495 15:
1065 2446 1131 2496 ‘tres
1143 2447 1245 2496 dicitur
1256 2461 1363 2495 amasse

231 2511 377 2576 Virgilius:
401 2512 583 2563 Alexandrum
601 2530 680 2578 quem
699 2515 812 2564 donauit
832 2514 857 2562 ei
875 2514 964 2563 Pollio
984 2521 1011 2563 et
1027 2514 1160 2565 Cebetem
1172 2529 1284 2579 puerum
1303 2529 1363 2563 cum

231 2581 315 2629 Leria
337 2580 443 2645 puella,
468 2596 534 2645 quos
558 2596 574 2630 a
599 2583 764 2632 Maecenate
783 2582 890 2631 dicitur
913 2584 1073 2647 accepisse*
1110 2581 1146 2631 cf.
1171 2580 1261 2631 Schol.
1280 2582 1362 2631 Bern.

137 2676 140 2685 ·
227 2641 283 2697 ecl.
302 2648 330 2697 11
351 2648 372 2697 1.

316 2714 346 2764 15
374 2715 481 2765 Gellius
508 2716 546 2766 VI
573 2715 619 2779 20,
652 2717 678 2766 l:
715 2717 866 2782 ‘Scriptum
890 2719 918 2767 in
941 2718 1057 2782 quodam
1082 2718 1277 2767 commentario
1304 2734 1364 2783 rep-

230 2783 303 2846 peri,
322 2798 418 2833 versus
442 2784 510 2833 istos
533 2800 550 2833 a
573 2785 697 2850 Vergilio
720 2786 760 2834 ita
783 2786 897 2849 primum
921 2802 981 2836 esse
1005 2787 1137 2835 recitatos
1161 2794 1242 2851 atque
1261 2786 1363 2837 editos:

230 2850 326 2899 Talem
342 2851 420 2901 dives
437 2858 499 2901 urat
514 2854 610 2917 Capua
627 2860 655 2902 et
673 2854 767 2902 uicina
784 2854 891 2904 Veseuo
910 2853 981 2904 Nola
999 2856 1075 2921 iug03
1099 2861 1195 2919 postea
1213 2855 1364 2919 Vergilium

230 2918 333 2982 petisse
352 2935 368 2968 a
386 2919 509 2981 Nolanis,
529 2934 628 2985 aquam
645 2921 686 2970 uti
704 2921 818 2971 duceret
836 2923 863 2970 in
882 2924 1060 2986 propinquum
1077 2938 1136 2982 rua,
1156 2922 1277 2971 Nolanos
1294 2922 1364 2987 peti·

229 2994 286 3035 tum
305 2986 467 3037 beneficium
485 3004 539 3038 non
557 2989 668 3048 fecisse,
688 2994 798 3053 poetam
816 2988 947 3039 offensum
965 3006 1065 3039 nomeu
1082 2991 1157 3039 urbis
1176 3006 1267 3039 eorum
1286 2991 1364 3055 quasi

174 3052 185 3075 ⁶
230 3069 263 3102 ex
296 3054 434 3104 hominnm
462 3057 592 3106 memoria
626 3057 666 3105 sic
696 3073 729 3105 ex
759 3057 880 3106 carmina
911 3074 959 3107 suo
987 3058 1124 3107 derasisse
1158 3074 1286 3122 oramque
1315 3072 1364 3123 pro

228 3121 299 3171 Nola
316 3127 437 3172 mutasse
456 3129 538 3187 atque
556 3125 597 3173 ita
615 3124 774 3188 reliquisse:
794 3130 821 3173 et
839 3126 934 3174 uicina
951 3126 1059 3175 Veseuo
1077 3142 1125 3177 ora
1143 3123 1225 3189 ingo)

229 3257 372 3338 maxime]
393 3260 476 3318 fama
502 3269 550 3319 sat
572 3280 639 3319 eum
661 3260 795 3319 libidinis
822 3263 969 3339 pronioris
991 3263 1021 3321 iu
1042 3282 1151 3341 pueros
1174 3262 1276 3322 fnisse.
1307 3262 1362 3343 sed

228 3343 298 3402 boni
313 3345 355 3402 ita
370 3365 438 3403 eum
450 3365 560 3423 pueros
579 3366 698 3404 amasse
712 3353 894 3423 putauerunt
909 3355 942 3404 ut
960 3345 1101 3406 Socrates
1120 3346 1309 3406 Alcibiadem
1333 3357 1363 3405 et

227 3428 318 3490 Plato
340 3450 409 3489 suos
429 3450 549 3509 pueros.
580 3450 683 3489 uerum
705 3431 784 3489 inter
806 3452 908 3489 omnes
931 3435 1060 3492 maxime
1085 3426 1160 3513 ςΗἹ
1181 3432 1291 3509 egloga
1309 3434 1332 3489 R
1348 3426 1361 3508 Η

228 3514 341 3573 Alexin
357 3534 375 3583 ς
393 3510 405 3596 Η
428 3515 501 3573 dicit
516 3517 543 3572 a
563 3509 576 3596 Η
598 3525 615 3578 3
632 3515 815 3573 ineruditum
839 3515 952 3575 dimisit
968 3515 1043 3596 ςΗ4
1063 3537 1226 3575 consuesse
1244 3519 1270 3573 R
1294 3536 1363 3575 con·

228 3601 325 3657 suisse
348 3601 581 3658 Bconsuauisse
601 3620 619 3668 ς
637 3595 650 3680 Η
671 3621 739 3658 curn
754 3620 820 3658 cuns
839 3622 856 3670 ς
875 3596 888 3682 Η
903 3602 1010 3659 Hieria
1033 3623 1066 3670 ς.·
1082 3601 1187 3661 Glaria
1205 3605 1233 3658 B
1258 3601 1364 3659 Aleria

227 3687 332 3743 Daniel
346 3685 449 3761 egeria
466 3687 492 3742 R
506 3679 519 3764 Η
536 3685 698 3745 saffirmat
715 3705 732 3755 ς
746 3682 759 3765 Η
773 3685 871 3762 ipsum
885 3697 992 3763 postea
1009 3684 1171 3744 minoribus
1189 3683 1363 3761 (maioribus

206 3794 211 3803 ¹
229 3770 392 3842 Fabricius)
414 3778 487 3827 natu
507 3790 525 3839 ς
543 3765 547 3850 Η
578 3779 594 3831 6
616 3770 736 3829 solitum
758 3765 802 3849 ςΗ
817 3771 938 3851 quidem
953 3766 1049 3850 segll
1065 3772 1145 3829 Varo
1162 3774 1188 3829 R
1204 3766 1217 3852 Η
1233 3791 1363 3829 connnu-

228 3855 347 3913 nionem
363 3853 497 3913 mulisris
514 3875 532 3924 ς
559 3849 563 3932 Η
583 3861 766 3925 71111111ς
786 3853 798 3935 Η
820 3858 915 3925 ιιί1ας
933 3856 1013 3914 uitae
1035 3867 1203 3928 corruptum
1224 3862 1334 3915 uidetur
1351 3853 1362 3935 Η

227 3950 244 4001 8
259 3938 385 4017 probum
397 3941 444 4008 sq
462 3937 569 4017 prebui
590 3942 616 3996 B
632 3935 644 4019 Η
662 3950 678 4002 9
700 3942 904 4020 appellaretur
929 3940 1019 4017 uulgo
1037 3935 1080 4020 ςΗ
1098 3952 1130 4001 10
1145 3943 1289 4000 sectantis
1312 3941 1363 3998 de-

227 4025 481 4103 monstrantisque
504 4027 550 4093 Βς
576 4034 729 4085 sectantes
751 4027 1053 4106 demonstrantesque
1076 4024 1175 4102 ΗΗ-ΙΙ
1200 4028 1365 4102 suffugeret
1438 4072 1446 4085 ,

226 4113 346 4182 scripsi:
370 4109 521 4185 suffugere
538 4113 593 4168 BR
609 4109 819 4188 subterfugere
841 4111 961 4169 solitum
982 4107 1025 4190 ςΗ
1040 4122 1141 4171 antem
1162 4115 1209 4181 ag
1221 4133 1293 4171 uero
1307 4115 1334 4168 B
1350 4106 1363 4190 Η

230 4203 261 4255 13
277 4194 499 4253 sexterciurnli
514 4188 527 4274 Η
546 4196 702 4256 1411011111
717 4216 770 4254 om.
788 4191 842 4276 ΒΗ
858 4197 888 4254 in
905 4196 1071 4274 Aesquiliis
1085 4196 1128 4271 ςΗ
1147 4207 1176 4258 15
1193 4216 1365 4276 quanquam

227 4281 274 4347 ng
287 4273 300 4359 Η
314 4286 460 4337 uteretur.
478 4299 686 4359 quaecumque
701 4280 738 4337 ab
748 4282 884 4358 Augusto
897 4288 1024 4358 peteret,
1041 4280 1190 4359 repulsam
1202 4298 1364 4358 numquam

225 4362 338 4422 habuit.
374 4363 550 4442 parentibus
571 4367 730 4443 quotannis
752 4386 854 4423 summ
872 4365 910 4423 ad
925 4363 1130 4425 abundantem
1146 4365 1249 4424 alitum
1266 4365 1362 4421 mitte-

226 4446 294 4520 bat,
310 4468 386 4530 quos
403 4449 462 4531 iam
481 4449 604 4526 grandis
625 4444 667 4531 ςΗ
685 4447 815 4529 patrem]
829 4449 934 4508 Palem
951 4453 978 4508 B
