3186 4996
736 406 779 451 DE
801 405 918 449 Pourls

408 575 482 618 cum
505 562 554 618 tot
576 554 738 618 sustineas
761 561 796 638 et¹
811 562 903 617 tanta
919 556 1051 639 negotia
1071 554 1175 635 solus,

407 677 460 719 res
483 655 583 719 Italas
609 655 709 718 armis
732 656 863 732 tuteris,
885 656 1031 719 moribus
1050 677 1165 735 ornes,

407 754 537 841 legibus
558 755 729 820 emendes:
748 758 782 819 in
802 755 935 842 publica
953 745 1122 822 commoda
1138 776 1285 842 peccem,

409 856 436 919 si
456 855 555 941 longo
575 878 724 921 sermone
745 878 852 921 morer
874 866 931 922 tua
952 865 1115 944 tempora,
1136 856 1266 920 Caesar.

220 956 383 1036 '⁵Habitu
419 959 564 1044 corporis
593 958 657 1022 tuit
686 957 797 1023 breuis
825 968 923 1045 atque
951 957 1085 1047 obesus,
1118 958 1224 1044 qualis
1250 970 1282 1023 et
1308 980 1328 1021 a
1350 982 1398 1021 so-

254 1068 321 1122 met
351 1060 422 1144 ipso
450 1060 485 1122 in
513 1060 622 1122 satiris
651 1058 849 1125 describitur
875 1068 906 1123 et
928 1058 969 1123 ab
990 1059 1143 1149 Augusto
1164 1058 1226 1122 hac
1244 1059 1398 1145 epistola:

219 1200 224 1208 -
255 1158 408 1246 ‘pertulit
430 1158 473 1223 ad
494 1181 545 1222 mc
572 1158 717 1244 Onysius
738 1159 893 1225 libellum.
910 1169 1015 1241 tuum,
1047 1182 1142 1246 quern
1162 1152 1227 1245 ego¹¹
1244 1168 1280 1222 ut
1301 1182 1398 1225 excu-

254 1270 381 1333 sautem
388 1307 397 1339 ,
419 1250 736 1348 quantuluscumque
759 1268 823 1341 est,
855 1261 933 1331 boni
959 1261 1103 1326 consulo.
1153 1261 1260 1324 uereri
1283 1269 1397 1333 ¹autem

254 1362 334 1425 mihi
355 1361 479 1425 uideris
501 1384 543 1425 ne
564 1363 705 1427 maiores
724 1361 827 1426 libelli
849 1363 897 1425 tui
923 1364 1003 1443 sint,
1027 1384 1125 1448 quam
1149 1363 1221 1447 ipse
1249 1384 1301 1443 es3
1339 1363 1397 1426 sed

218 1463 317 1527 ¹⁰tibi
345 1471 470 1555 statura
499 1462 607 1545 deest,
642 1459 869 1548 corpusculum
901 1485 966 1527 nou
1000 1463 1102 1527 deest.
1146 1462 1262 1551 itaque
1285 1463 1398 1528 licebit

254 1565 287 1627 in
312 1564 488 1627 sextariolo
517 1563 660 1643 scribas,
687 1584 750 1650 quo
772 1565 927 1628 circuitus
949 1562 1123 1628 uoluminis
1149 1565 1199 1628 tui
1224 1564 1267 1626 sit
1288 1556 1398 1646 ὀγκω-

254 1663 426 1743 dicturos,
457 1665 541 1728 sicut
562 1673 612 1728 est
629 1663 803 1728 uentriculi
822 1667 892 1728 tui?
906 1662 963 1728 ‘ad
984 1686 1037 1728 res
1061 1664 1218 1729 Venerius
1241 1667 1397 1751 intempe-

157 1837 162 1844 ,
253 1768 377 1830 rantior
395 1765 546 1829 traditur.
576 1764 664 1852 [naui
679 1766 814 1853 specula
828 1767 863 1830 in
885 1766 1035 1831 cubiculo
1051 1775 1197 1830 scortuns
1215 1767 1260 1830 ita
1278 1766 1400 1830 dicitur
1433 1810 1440 1817 -
1470 1798 1475 1805 ·

253 1866 408 1931 habuisse
423 1866 600 1951 disposita,
619 1876 654 1931 ut
664 1888 869 1954 quocumque
880 1871 1080 1954 respexisset
1096 1866 1159 1932 sibi
1171 1870 1277 1954 imago
1293 1871 1397 1932 coitus

220 1989 244 2028 is
253 1969 455 2053 referretur]
475 1969 560 2031 uixit
575 1968 751 2055 plurimum
770 1970 802 2032 in
823 1991 953 2033 secessu
970 1972 1054 2033 ruris
1073 1970 1123 2033 sui
1139 1968 1253 2033 Sabini
1271 1980 1327 2032 aut
1342 1969 1397 2033 Ti-

256 2071 394 2152 burtini,
410 2069 590 2155 domusque
604 2071 679 2133 eius
697 2054 879 2135 ostenditur
895 2071 983 2134 eirca
1002 2070 1140 2134 Tiburni
1157 2069 1311 2134 luculum.
1335 2098 1396 2136 ιιι
1420 2148 1424 2157 ,

253 2181 414 2236 uenerunt
429 2171 465 2235 in
476 2193 590 2234 manus
600 2192 690 2255 meas
703 2180 735 2235 et
744 2171 828 2255 elegi
840 2172 901 2236 sub
915 2173 1009 2236 titulo
1022 2173 1090 2235 eius
1110 2166 1142 2234 e't
1153 2171 1291 2257 epistola
1299 2194 1398 2257 prosa

254 2411 392 2475 ‘Augusto
410 2410 519 2475 petenti
537 2411 592 2460 sibi
611 2410 716 2475 aliquid
734 2412 826 2476 operis
844 2411 968 2459 dedicari
987 2410 1084 2460 scribit
1095 2410 1242 2471 Horatius3
1262 2411 1324 2460 idco
1342 2412 1396 2461 buc

252 2494 339 2543 usque
358 2495 412 2527 uon
431 2479 547 2541 secisse,
566 2494 600 2528 ne
620 2479 755 2528 iacturam
779 2480 819 2528 rei
838 2478 967 2543 publicae
985 2478 1106 2541 taceret,
1125 2478 1151 2528 si
1168 2477 1317 2528 Caesarem
1335 2494 1396 2529 uer-

253 2548 330 2597 sibus
348 2547 405 2596 snis
425 2562 441 2596 a
460 2561 489 2596 re
507 2546 618 2611 publica
636 2545 806 2599 reuocaret'

341 2815 351 2865 1
370 2801 500 2878 negocia
519 2795 599 2881 0Ηῖ
620 2800 725 2859 tutelis
744 2803 819 2859 ΑΕΒ
833 2795 879 2881 Η4
897 2821 985 2860 cesar
1003 2805 1031 2859 E
1044 2796 1057 2882 Η
1072 2813 1088 2864 5
1104 2795 1151 2860 Iti
1171 2802 1318 2861 Horatius
1342 2802 1395 2861 ha·

253 2886 318 2944 bitu
339 2891 367 2944 B
389 2888 545 2959 (Nunnius)
563 2879 576 2966 Η
591 2884 691 2943 breuis
708 2886 766 2943 t'uit
785 2890 812 2945 B
827 2883 840 2968 Η
857 2886 955 2944 breuit
975 2887 1099 2957 θῶσιν.
1116 2907 1151 2943 m.
1169 2890 1206 2961 1.)
1223 2881 1238 2969 Η
1252 2896 1268 2949 6
1283 2888 1396 2966 satyris

252 2976 321 3039 libri
331 2970 345 3049 Η
361 2977 377 3032 7
396 2970 530 3051 Onysius
545 2972 624 3026 ABI)
642 2969 756 3028 onisius
776 2975 805 3029 Ε
818 2971 931 3029 ouisius
950 2975 994 3029 vel
1005 2970 1109 3029 misius
1119 2973 1141 3027 O
1152 2971 1320 3049 Dionysius
1332 2975 1396 3030 Μα-

253 3067 333 3115 retus
349 3056 512 3114 Onesimus
525 3058 663 3112 Glciserus
676 3052 690 3136 Η
705 3064 739 3113 ut
755 3064 953 3115 excusantem
964 3060 1084 3130 scripsi:
1105 3065 1139 3114 ut
1151 3066 1346 3115 accusantem
1363 3062 1396 3115 li·
1481 3084 1483 3093 ,

252 3147 299 3199 bri
312 3150 345 3198 ut
362 3160 422 3198 non
445 3137 497 3217 (ne
519 3142 684 3215 Lambinus)
707 3159 848 3199 accusem
864 3138 1044 3200 breuitatem
1059 3142 1190 3199 Nunnius
1203 3160 1241 3198 ne
1254 3161 1397 3200 accusem

252 3238 284 3286 te
299 3227 484 3283 Cusunbunus
496 3235 530 3283 ut
542 3244 683 3283 accusem
695 3235 726 3283 te
740 3229 888 3283 Bentleius
897 3234 932 3283 ut
942 3246 960 3284 a
969 3233 1113 3285 causante
1127 3227 1248 3282 Rutilius
1262 3220 1277 3307 Η
1290 3235 1308 3288 8
1326 3245 1396 3284 cou-

252 3309 323 3387 silio
338 3312 365 3366 D
385 3312 473 3376 (corr.
495 3330 530 3367 m.
551 3313 579 3384 2)
596 3303 610 3391 Η
624 3318 641 3372 9
657 3310 712 3368 sed
728 3310 754 3369 si
772 3313 800 3367 B
814 3304 827 3390 Η
851 3321 883 3371 10
910 3309 997 3369 deest
1085 3310 1167 3368 unde
1196 3318 1243 3368 est
1264 3312 1397 3368 Nunnius

254 3396 265 3478 Η
283 3398 387 3473 itaque
402 3391 469 3471 utu]
490 3399 582 3453 locum
597 3398 759 3453 inlustravit
783 3398 813 3453 0.
836 3396 956 3452 Iahnius
972 3398 1106 3453 Bericlte
1122 3398 1151 3452 d.
1167 3398 1263 3451 surus.
1282 3397 1345 3453 Ges.
1368 3399 1395 3452 d.
1462 3428 1469 3445 ι

260 3485 303 3539 W.
327 3480 419 3537 VIIII
431 3486 507 3537 1s57
517 3499 545 3552 p.
564 3474 648 3561 201111
666 3490 693 3541 11
713 3499 772 3561 quo
788 3480 963 3538 Salmasius:
976 3499 1042 3541 oum
1055 3481 1185 3538 Aucus
1196 3491 1228 3536 ut
1244 3474 1286 3561 ςΗ
1303 3467 1394 3554 dyneu-

252 3564 388 3632 ὄὲσιατος
399 3568 507 3621 enitenti.
519 3566 667 3621 Nunnius:
680 3585 882 3623 orswunersroo
898 3568 923 3622 A
935 3585 1139 3622 ornmuncrsroc
1150 3566 1177 3619 Ι)
1191 3585 1396 3620 ornuuucruroo

254 3653 277 3707 C
288 3668 499 3706 wirmunornruc
518 3652 546 3705 E
560 3670 766 3708 ornrwuvrsruc
786 3653 919 3708 Nunnius
941 3642 1152 3724 οἰκωλήσιαιος
1173 3651 1306 3707 Muretus
1327 3643 1341 3731 Η
1366 3658 1396 3710 11

252 3735 386 3807 uenirias
403 3736 454 3791 Au
470 3753 619 3794 uenereas
637 3739 692 3793 ΒΕ
704 3734 845 3795 uenerias
866 3729 913 3815 ΕΗ
929 3733 1169 3814 intenperantior
1189 3735 1212 3791 C
1240 3730 1253 3816 Η
1274 3744 1308 3796 13
1324 3754 1394 3793 nam

252 3818 411 3900 speculato
429 3850 465 3861 -
485 3819 651 3880 referretur
667 3827 847 3880 secluserunt
866 3823 1086 3901 Oudendorpius
1100 3824 1230 3880 Nullius.
1245 3823 1330 3877 simul
1346 3838 1395 3876 su-

248 3912 370 3980 periora
385 3902 424 3961 ad
438 3936 481 3946 —
495 3904 622 3964 traditur
639 3909 792 3964 omittenda
813 3915 987 3962 censuerunt
1004 3907 1146 3964 Nucerins
1165 3908 1313 3962 Bentloins
1328 3908 1394 3962 Les·
1411 3940 1416 3951 »

250 3996 360 4066 sinnius
381 3988 393 4069 Η
414 3988 541 4067 specula
559 3991 590 4048 iu
610 3993 842 4063 (ludendumne,
864 3992 1045 4063 Lessinyius:
1075 3990 1232 4070 speculato
1252 3994 1319 4047 libri
1341 3992 1399 4045 nisi

250 4080 329 4151 quod
341 4077 410 4134 int'
420 4079 533 4133 litterae
552 4075 621 4134 oulu
630 4078 701 4151 sulio
721 4081 849 4135 luceruto
864 4079 1018 4148 perierunt
1033 4076 1160 4152 specula
1178 4083 1242 4134 toto
1259 4077 1397 4133 Gliscrus

250 4158 259 4243 Η
275 4171 414 4219 scortans
431 4161 473 4218 itu
492 4163 671 4235 Lessinqius:
690 4170 792 4219 scorta
806 4161 874 4216 libri
886 4162 943 4217 nisi
957 4163 1034 4234 quud
1050 4164 1116 4219 inA
1135 4156 1239 4219 sonita
1250 4162 1396 4232 reperitur

250 4256 389 4306 soortuns
404 4248 623 4318 Oudendorpius
638 4241 651 4327 Η
666 4245 809 4317 habuisse
827 4245 853 4300 D
899 4253 931 4306 n
942 4243 999 4303 sibi
1014 4247 1247 4317 Oudendorpius:
1263 4241 1304 4300 ibi
1320 4243 1347 4299 ci
1362 4246 1395 4299 u-

249 4334 298 4401 bri
309 4326 323 4411 Η
340 4329 569 4408 tudomusquc-
586 4329 747 4388 tenebatur
763 4349 815 4387 om.
838 4348 856 4396 ς
899 4331 964 4387 eius
985 4348 1037 4388 om.
1054 4331 1158 4387 Auuu
1169 4323 1184 4406 Η
1198 4324 1312 4386 tirbuni
1323 4326 1347 4381 C
1359 4327 1394 4383 ti-

249 4414 363 4475 burtini
379 4418 408 4472 E
420 4409 434 4497 Η
449 4413 580 4472 loculum
596 4417 625 4472 E
638 4408 652 4497 Η
668 4423 698 4477 11
716 4423 782 4472 unte
797 4423 948 4475 uenerunt
961 4417 1098 4472 lurunum
1112 4417 1212 4471 statuit
1226 4414 1257 4470 0.
1274 4413 1396 4469 lubinus
