3202 4998
696 422 799 462 caeru
824 422 848 462 11
1160 470 1166 483 ε
1276 371 1337 464 tio

177 590 182 605 '
198 576 324 630 titatium
344 576 379 631 te
399 576 521 641 stabulis
535 575 744 647 quadrigarum
760 590 848 631 sonus
866 573 997 647 [requeis
1014 578 1076 631 eius
1095 571 1283 650 (tonitruum)
1301 578 1341 632 ud

199 693 287 733 aures
298 684 413 733 nostras
428 680 565 735 emittitur
580 677 687 750 fragm.
705 677 789 738 143*.
815 667 910 752 suepe'
923 682 1024 732 autem
1038 674 1072 731 fit
1087 682 1120 733 ut
1135 674 1258 732 easdem
1270 695 1338 734 seu-

199 776 310 834 tentiae
326 775 418 854 paulo
437 777 599 836 inmutatus
624 775 706 854 apud
724 785 866 835 auctores
883 776 1071 852 reperiamus
1086 777 1137 854 qui
1153 778 1338 856 antiquiores

200 875 345 936 Suetonio
361 878 462 938 fontes
478 878 619 939 adierint.
654 877 750 937 veluti
772 876 853 936 idem
871 876 1030 935 artificium
1046 876 1126 956 quod
1142 878 1248 954 fragm.
1267 879 1340 941 tut*

198 1000 229 1058 p.
256 988 304 1042 196
325 978 489 1039 adhibetur
512 967 551 1039 ad
575 1000 717 1039 zonarum
740 980 829 1039 situm
854 977 1087 1038 describendum
1109 977 1223 1037 eisdem
1239 975 1343 1058 paene

199 1079 301 1139 verbis
314 1079 433 1140 Probus
449 1102 552 1159 georg.
568 1082 583 1140 Ι
599 1091 652 1143 214
669 1092 806 1160 usurpat.
840 1079 951 1139 deinde
972 1078 1145 1138 Macrobius
1161 1100 1267 1143 comm.
1283 1081 1339 1152 16,

199 1194 233 1244 55
255 1180 378 1243 eaedem
399 1192 518 1262 septem
539 1183 631 1243 lunae
653 1173 759 1257 φάσεις
781 1184 920 1259 agnoscit
946 1201 1023 1261 quas
1045 1180 1210 1240 Suetonius
1231 1185 1338 1259 fragm.

200 1284 277 1346 133*
295 1284 410 1344 statuit.
430 1286 519 1362 porro'
535 1266 641 1362 fragm.
661 1283 733 1346 142*
748 1281 914 1344 eorundem
930 1282 1063 1342 siderum
1077 1283 1199 1341 nornine
1210 1292 1241 1342 et
1259 1284 1340 1343 vires

199 1383 346 1457 Isidorus,
358 1395 482 1445 enarrat
505 1406 586 1465 quae
601 1386 763 1465 Ampeliou
777 1394 795 1448 3
811 1393 843 1444 ut
864 1386 1077 1462 potentissima
1096 1383 1198 1444 sidera
1213 1384 1339 1462 Nigidio

199 1485 311 1564 Figulo
329 1487 459 1547 fortasse
482 1496 605 1547 auctore
627 1496 796 1562 enumeret3
830 1487 889 1545 nisi
906 1484 987 1565 quod
1003 1487 1057 1545 ille
1073 1496 1208 1545 cometas
1226 1488 1271 1547 eis
1288 1487 1340 1545 ed·

200 1588 308 1665 iungit.
338 1588 390 1649 ubi
412 1589 513 1650 denuo
531 1591 653 1649 inscitia
674 1588 783 1649 Isidori
805 1608 842 1647 ee
859 1587 1113 1666 deprehenditur,
1136 1587 1218 1667 quod
1231 1589 1339 1648 lucife-

89 1704 91 1711 ‘
199 1710 265 1748 rum
285 1699 316 1751 ct
336 1680 496 1769 veiperurn
518 1691 655 1751 diversas
675 1710 743 1752 esse
764 1690 869 1751 stellae
890 1692 1031 1770 opinatur
1051 1710 1108 1749 nec
1133 1699 1257 1750 veretur
1281 1691 1341 1750 Vc·

108 1856 114 1873 ,
199 1792 282 1850 neris
296 1792 406 1853 stellae
422 1793 606 1853 mentionem
623 1813 703 1872 quae
719 1793 757 1852 ab
771 1792 829 1852 hoe
844 1793 913 1851 loeo
925 1811 1049 1870 prorsus
1064 1792 1166 1851 aliena
1181 1802 1248 1851 eret
1265 1793 1339 1853 Sue-

200 1892 332 1952 tonianis
345 1893 471 1955 addere.
660 1959 668 1969 ,

286 1994 349 2053 lum
368 2015 441 2055 vero
454 2016 514 2057 non
527 1997 698 2077 antiquiore
712 1994 904 2055 auctoreaed
918 1995 985 2073 ipso
997 1994 1149 2054 Suetonio
1161 1997 1205 2054 uti
1219 1993 1342 2054 videtur

202 2094 329 2155 Servius
344 2096 422 2156 VIII
436 2106 502 2160 429:
531 2108 559 2156 et
573 2102 642 2156 bene
660 2101 689 2155 in
703 2102 853 2155 materiam
871 2097 1003 2169 fulminis
1019 2101 1106 2153 uertit
1120 2114 1155 2153 ea
1177 2114 1217 2153 eu
1240 2101 1342 2169 quitatis

199 2198 311 2270 fulmen
326 2203 473 2271 ametur,
491 2203 593 2257 nubem
606 2202 723 2257 imbrem
739 2207 865 2257 uentum.
895 2216 963 2254 nam
979 2206 1010 2254 at
1022 2198 1138 2270 physici
1151 2201 1264 2267 armat,
1277 2216 1341 2259 eum

198 2302 291 2379 prutes
309 2304 402 2358 uentis
417 2304 542 2373 unitatae
558 2310 640 2371 sant,
656 2307 697 2359 sic
710 2304 887 2358 monterrant
898 2307 929 2355 ut
940 2302 1147 2356 eceertttuntur.
1174 2299 1213 2357 cf.
1235 2298 1341 2376 fragm.

204 2400 276 2462 tte*
291 2421 322 2480 p.
338 2409 403 2474 113,
422 2410 530 2481 &sqqe
560 2405 595 2474 fit
610 2407 684 2460 enim
696 2404 809 2475 fulmen
824 2404 898 2459 nube
912 2403 1001 2458 imbre
1018 2410 1045 2457 et
1065 2408 1165 2462 uenter
1195 2419 1262 2457 num
1275 2420 1342 2461 cum

202 2512 306 2561 uentus
326 2507 355 2560 in
372 2506 492 2562 nutibus
507 2507 690 2562 uehementer
705 2506 830 2578 aqitutus
850 2511 907 2572 est,
927 2506 969 2559 sie
986 2505 1133 2559 incalescit
1154 2510 1185 2559 ut
1202 2506 1342 2561 accenda-
1391 2491 1403 2509 ’

202 2615 260 2663 tur.
289 2604 352 2663 alio
365 2606 444 2678 loco,
456 2604 509 2664 ubi
524 2605 650 2665 Servius
666 2606 860 2686 physicorum
874 2603 1048 2681 opinionem
1059 2603 1153 2661 refert
1165 2622 1263 2680 georg.
1277 2604 1343 2662 IIII

202 2718 247 2781 ot,
262 2706 357 2766 schol.
366 2706 459 2768 Boin.
475 2706 604 2766 eundem
617 2706 774 2766 tradentes
785 2705 914 2765 Suetoni
925 2724 1047 2785 quoque
1059 2724 1168 2763 nomen
1180 2704 1343 2764 retinuisse

202 2806 360 2866 videntur:
395 2828 474 2867 nunc
493 2814 649 2869 securmum
671 2812 809 2883 physicos
829 2812 911 2876 dicit,
934 2810 984 2881 qai
1003 2811 1116 2877 dumet,
1139 2826 1195 2880 quo
1217 2817 1344 2881 tempore

203 2913 313 2983 triemps
329 2912 392 2979 tie,
411 2920 547 2969 aestatem
562 2916 615 2970 sut
633 2916 720 2970 terris
736 2919 764 2969 et
782 2915 845 2968 uice
861 2927 966 2967 uersa.-
995 2919 1025 2967 at
1040 2911 1192 2967 Lucretius
1214 2914 1344 2981 ostendit,

199 3015 345 3086 putentem
363 3030 470 3086 uquam
492 2996 601 3072 aestate
621 3015 853 3088 tumidissimum,
877 3014 969 3069 nume
992 3027 1063 3069 uero
1087 3014 1262 3083 tepiditatem.
1291 3015 1345 3069 troc

202 3119 287 3172 seritit
298 3124 325 3172 et
332 3116 456 3173 Iunilius
467 3119 536 3174 ttett
543 3115 666 3196 (fragm.
676 3111 776 3197 tw).
789 3114 820 3172 in
834 3112 943 3193 quibus
955 3119 1039 3172 sentit
1052 3121 1223 3190 corruptum
1235 3132 1344 3171 nomen

202 3217 356 3295 proprium
367 3236 435 3276 esse
448 3216 586 3296 adparet.
603 3227 696 3298 atque
711 3237 778 3276 cnm
790 3215 981 3293 corruptelae
992 3216 1024 3275 in
1035 3214 1206 3275 nominibus
1215 3215 1345 3292 propriis

203 3319 401 3396 gravissimae
414 3320 445 3377 iu
453 3320 564 3379 ‘codice
575 3320 723 3378 Beruensi
735 3326 856 3389 extent,
868 3319 952 3375 euius
965 3318 1010 3375 rei
1021 3325 1055 3374 ut
1066 3318 1126 3375 tria
1138 3317 1281 3393 exempla
1291 3314 1343 3372 ad·

205 3421 317 3494 leram,
339 3439 395 3498 pro
412 3422 523 3479 Statius
539 3420 649 3497 legitur
671 3418 710 3477 ad
730 3424 833 3497 georg.
858 3417 923 3476 IIII
946 3427 995 3480 115
1012 3422 1121 3487 sutiuo,
1140 3437 1195 3495 pro
1212 3418 1345 3474 Suetonio

204 3522 226 3580 l.
242 3544 268 3582 e.
285 3529 334 3584 nt
353 3520 407 3598 (et.
425 3519 551 3580 ServIus
562 3521 591 3579 lr.
604 3520 637 3597 l.)
652 3525 760 3591 etauio,
776 3541 830 3599 pro
846 3521 999 3579 Suetonius
1017 3522 1203 3593 Tranquillus
1218 3517 1236 3576 l
1253 3538 1278 3576 c.
1294 3526 1345 3580 sto

206 3624 331 3684 Sitonius
341 3626 516 3691 drancittus,
529 3623 584 3681 has
597 3623 688 3699 igitur
699 3621 803 3681 turbae
816 3622 841 3680 ei
853 3622 1126 3699 perpensitavoris,
1142 3640 1203 3679 non
1217 3619 1345 3679 mirebe-

204 3727 246 3786 ris
258 3729 372 3805 opinor,
384 3724 468 3803 quod
480 3723 621 3804 equidem
632 3726 783 3783 Suetonius
792 3744 846 3803 pro
856 3728 942 3782 sentit
953 3721 1174 3783 restituendum
1188 3728 1254 3781 esse
1263 3733 1346 3801 puto.

205 3848 276 3887 narn
291 3848 352 3888 non
368 3826 459 3886 credo
474 3827 616 3906 cuiquam
633 3825 766 3905 probari,
783 3827 814 3884 in
829 3831 915 3883 sentit
927 3826 1024 3885 latere
1043 3806 1220 3883 Gaudentius
1236 3824 1347 3901 (veluti

205 3928 271 3987 IIII
286 3938 319 3992 31
336 3929 504 4008 etsaepins
518 3929 645 4005 legitur:
677 3931 853 3987 Gaudentius
868 3938 895 3984 et
910 3930 1033 3987 Iunilius
1048 3927 1144 4005 dicit),
1164 3948 1230 3985 cum
1249 3928 1346 3985 incre·

207 4029 300 4089 dibile
312 4031 369 4099 eit,
384 4051 492 4090 nomen
508 4030 588 4111 qnod
598 4039 660 4089 tam
671 4049 765 4108 saepe
782 4032 811 4087 in
824 4028 946 4088 scholiis
957 4030 1088 4108 positum
1100 4032 1140 4087 sit
1151 4049 1210 4089 uno
1223 4030 1290 4087 loco
1305 4029 1348 4087 ita

207 4132 368 4210 eorrumpi.
388 4141 420 4192 et
436 4153 509 4193 vero
523 4132 729 4192 demonstrare
744 4131 830 4202 licet,
849 4130 1028 4190 scholiastes
1045 4131 1217 4191 Beruenses
1227 4151 1289 4189 non
1300 4151 1346 4189 so·
1408 4116 1414 4127 ’

206 4233 269 4292 lutn
292 4233 410 4293 decimo
435 4234 655 4294 verumetiam
681 4253 760 4292 nono
782 4245 934 4311 pratorum
965 4232 1043 4292 libro
1069 4253 1139 4293 usos
1162 4252 1239 4293 esee.
1274 4253 1347 4295 nam

206 4317 310 4413 qeorg.
333 4336 367 4394 Il
390 4347 440 4399 158
461 4337 538 4396 haee
562 4335 716 4415 adscripta
737 4345 821 4395 sunt:
858 4339 1038 4393 Adriaticum
1061 4353 1198 4409 superum
1214 4346 1347 4407 uocetur,

209 4441 391 4511 titre-tenum
407 4441 550 4512 inferum,
568 4448 599 4497 ut
615 4441 739 4497 Iunilius
753 4448 780 4496 et
798 4441 984 4511 Tranquillus
1005 4442 1118 4509 dicuat,
1139 4443 1241 4512 quitus
1261 4442 1348 4497 ltutie
