3186 4996
229 387 270 428 xx
716 386 898 435 runcinum
936 437 946 447 ⁸

231 534 376 600 inscriptio
406 550 488 598 quem
510 549 551 584 sic
567 535 717 585 restituere
741 533 808 585 licet
836 532 901 598 περὶ
926 534 983 587 τῶν
999 527 1031 588 ἔν
1049 527 1129 598 {eicco
1147 535 1277 601 φυσιιιῶν
1293 537 1377 604 plane

232 618 380 684 respondet
392 618 579 671 Suetonianae
598 617 646 668 ‘de
660 619 840 669 animantium
852 620 980 670 riatnris‘.
999 646 1030 655 —
1049 620 1262 685 Aristophanem
1281 621 1310 671 in
1323 621 1377 672 hac

188 734 193 741 ·
232 719 261 753 re
281 705 365 753 etiam
382 703 494 768 Trypho
510 702 713 777 Alexandrinus
731 708 843 753 secutus
861 709 904 753 est
922 704 951 753 iu
968 703 1047 755 libris
1064 695 1241 771 ὀνομασιῶν,
1261 720 1375 769 quorum

230 791 326 855 partes
337 788 425 837 inisse
437 788 567 839 videntur
584 786 712 853 φυτικῶν
724 793 753 838 et
769 785 835 853 aspi
853 779 929 849 {eine
946 786 1021 838 libri.
1051 788 1089 838 ci.
1103 788 1216 841 Veisen
1235 806 1261 854 p.
1274 788 1317 840 82.
1330 787 1376 839 ss.

298 870 361 934 456,
389 870 420 922 13
444 888 461 923 a
484 872 546 923 line.
571 873 607 925 cl.
632 887 702 936 quse
729 888 814 937 supro
840 874 874 922 ad
901 888 927 937 p.
951 872 1002 923 456
1025 874 1145 938 exposui.
1187 873 1252 924 telis
1284 880 1376 924 autem

233 954 333 1007 Graeci
352 961 380 1009 et
393 957 489 1011 Latini
499 957 633 1009 sermonis
646 957 808 1021 conparatio
820 958 875 1007 iam
892 956 959 1007 inde
977 972 994 1006 s
1006 957 1061 1006 divi
1074 957 1128 1008 Iuli
1147 962 1240 1008 estote
1259 974 1277 1008 a
1290 959 1375 1008 Grae»

231 1042 273 1091 cis
297 1041 487 1107 grammatinis
507 1040 638 1093 incchste
656 1045 732 1102 eret,
756 1040 845 1091 veluti
869 1057 886 1092 s
904 1040 1022 1092 Seleuco
1040 1042 1209 1106 Hypsicrote
1227 1041 1342 1104 (citetur
1359 1058 1377 1093 e

230 1126 269 1175 M.
289 1126 412 1179 Varrone
427 1126 459 1177 1..
478 1126 512 1177 1..
530 1125 562 1186 b,
582 1123 628 1186 163
665 1124 772 1175 Gellius
790 1125 821 1177 N.
839 1126 871 1175 A.
891 1126 956 1176 XVI
975 1126 1021 1189 12,
1040 1124 1058 1176 6
1075 1125 1161 1177 libros
1179 1128 1240 1178 cius
1258 1142 1375 1177 comme-

230 1215 319 1263 morat
344 1210 441 1275 ‘super
462 1210 506 1260 bis
530 1225 602 1274 quoe
619 1226 638 1260 a
655 1208 772 1263 Graecis
790 1215 904 1275 recepte
921 1208 1009 1273 suut’)
1027 1209 1180 1261 Philoxeno
1200 1212 1375 1274 Tyrannione

230 1293 350 1360 Didymo
361 1294 506 1360 Tryphone
526 1295 632 1359 Apioue
651 1294 769 1345 Irenaeo
797 1309 847 1344 sen
864 1295 970 1345 Pecoto
988 1294 1119 1348 Minucio.
1146 1295 1184 1345 cl.
1203 1296 1240 1345 u
1252 1296 1376 1346 Schmidt

231 1378 265 1429 de
282 1378 401 1430 Seleuco
419 1378 520 1431 Philol.
537 1379 579 1429 111
597 1395 624 1443 p.
642 1377 707 1441 468,
726 1379 760 1429 de
778 1378 896 1442 Didymo
914 1378 1097 1431 Chalcentero
1116 1396 1142 1444 p.
1162 1378 1221 1431 346.
1244 1395 1296 1431 nec
1314 1396 1375 1445 pro-

231 1463 306 1513 fecto
323 1464 456 1515 babemus
479 1463 550 1528 quod
572 1463 702 1513 miremur
723 1478 740 1513 s
759 1463 889 1515 Suetonio
912 1478 973 1512 eom
996 1463 1112 1515 institui.
1146 1463 1284 1515 Hadriani
1303 1465 1375 1514 eninr

230 1547 343 1599 succede
365 1554 397 1600 ut
419 1546 498 1598 multi
522 1553 636 1613 utroque
660 1562 785 1599 sermone
804 1547 964 1599 scribebant
986 1548 1028 1598 ita
1045 1549 1241 1613 grammaticos
1260 1548 1375 1599 indeli-

227 1633 281 1681 ciis
299 1632 429 1687 habuisse
447 1638 478 1683 ut
497 1632 632 1685 Graecum
651 1647 805 1684 sermonem
822 1647 883 1685 cum
903 1632 1005 1685 Latino
1024 1637 1211 1698 conponerent
1227 1634 1376 1683 Frontonis

231 1722 260 1767 et
281 1718 415 1768 Favorini
438 1717 571 1784 exemplis
593 1718 738 1783 probatur,
767 1732 878 1783 quonum
906 1717 1110 1782 dieputatioues
1131 1717 1287 1769 huiusmodi
1311 1717 1374 1770 (iel-

229 1800 284 1853 lius
301 1803 383 1853 nebie
400 1803 521 1853 tradidit.
975 1845 978 1853 .

297 1888 346 1938 437
366 1889 509 1939 Pretorum
529 1893 718 1956 argumentum
738 1887 839 1954 triplex
857 1886 965 1940 videtur
983 1888 1086 1939 tuisse:
1108 1889 1251 1952 aut'ipses
1269 1903 1312 1937 res
1325 1903 1373 1953 pe·

230 1972 329 2023 culisti
353 1973 443 2023 studio
471 1979 631 2038 persecutns
654 1978 698 2025 set
723 1973 870 2024 Suetonius
895 1966 998 2035 λέξεων
1020 1976 1114 2023 temen
1136 1973 1244 2023 ratione
1267 1988 1376 2038 semper

230 2056 344 2116 habits,
367 2062 416 2111 aut
439 2052 528 2120 λέξεις
551 2044 650 2123 potiori
673 2073 740 2109 eure
762 2057 877 2122 protulit
898 2057 948 2108 sed
970 2056 1013 2107 its
1031 2057 1140 2121 quidem
1162 2060 1194 2106 nt
1212 2072 1261 2108 eas
1277 2072 1374 2108 secun·

230 2140 294 2195 dum
316 2156 360 2197 rce
382 2158 432 2208 per
454 2144 551 2208 capita
572 2142 763 2205 distribueret,
790 2147 840 2193 sut
863 2156 912 2191 cue
933 2143 1089 2207 promiscue
1110 2139 1197 2193 solum
1219 2140 1374 2192 litterarum

230 2227 355 2279 ordinem
372 2210 484 2278 occutus
498 2228 638 2294 adposuit,
656 2232 689 2277 ut
706 2228 775 2279 fecit
792 2228 821 2281 iu
833 2226 977 2279 verborum
996 2225 1161 2277 differentiis
1179 2223 1290 2292 (fragm.
1303 2226 1373 2289 176).

296 2310 360 2374 462,
380 2313 397 2361 4
419 2328 474 2364 non
491 2318 557 2377 puto
575 2317 668 2362 temen
685 2312 812 2364 Serrium
829 2311 917 2377 partis
934 2310 1044 2363 titulum
1062 2316 1137 2362 recte
1155 2310 1238 2361 nobie
1254 2311 1372 2369 tradere,

225 2396 365 2462 siquidem
382 2399 412 2447 in
430 2411 464 2446 ee
481 2413 536 2448 non
554 2397 641 2448 solum
659 2397 693 2447 de
712 2412 857 2464 puerorum
874 2395 980 2447 lusibus
1003 2397 1052 2447 sed
1070 2396 1150 2447 etde
1170 2397 1234 2446 ales
1253 2401 1281 2445 et
1298 2396 1373 2446 sinu-

228 2482 302 2533 libus
325 2483 492 2547 dieputstom
516 2482 577 2533 luit.
606 2488 689 2547 etque
712 2482 878 2548 respondere
901 2480 998 2535 debuit
1020 2480 1106 2532 indici
1130 2480 1177 2531 ‘de
1204 2481 1373 2532 Graecorum

229 2566 358 2629 lusibus‚’
377 2571 406 2616 nt
424 2566 509 2615 talem
528 2582 590 2615 eum
609 2567 693 2617 fuisse
714 2567 849 2616 coniciam
868 2565 917 2615 ‘de
936 2565 1118 2617 Romenomm
1135 2565 1259 2619 lusibus?
1311 2570 1319 2582 ’

296 2649 462 2715 4646366.
481 2650 591 2700 Charax
608 2651 796 2715 Pergamenus
814 2651 861 2714 qui
879 2649 994 2701 Suetoui
1012 2649 1139 2714 aequalis
1158 2651 1269 2701 videtur
1286 2650 1372 2700 luisse

231 2734 278 2799 (cs.
291 2735 415 2786 Mueller.
436 2736 515 2801 irgm.
534 2735 596 2785 hiet
618 2750 711 2799 green.
725 2736 765 2785 111
783 2751 809 2799 p.
829 2732 889 2799 636)
907 2733 991 2798 plane
1010 2733 1107 2784 eadem
1124 2735 1234 2786 ratione
1252 2735 1286 2785 de
1305 2726 1372 2785 circi

229 2820 365 2871 institutis
382 2821 513 2885 disputet.
550 2820 587 2869 ci.
608 2818 733 2869 eddenda
753 2819 789 2871 od
811 2836 836 2884 p.
855 2817 953 2884 338sq.
973 2818 1036 2869 adn.
1056 2834 1115 2889 sup.

296 2904 360 2967 466,
381 2905 393 2954 1
412 2907 454 2955 De
475 2898 610 2954 ‘criticis'
629 2904 666 2955 cl.
686 2903 912 2955 Wechsmnthius
930 2902 964 2953 de
983 2904 1096 2954 Cratete
1115 2904 1231 2955 Mallote
1249 2921 1276 2969 p.
1294 2901 1319 2955 9.
1375 2946 1378 2951 .

314 3075 470 3137 Veritatem
491 3074 568 3137 illius
587 3074 735 3153 proverbii
754 3076 832 3137 diem
855 3076 902 3136 die
925 3075 1026 3137 doceri
1050 3077 1119 3137 satis
1143 3094 1191 3137 me
1217 3081 1370 3152 expertum

229 3196 294 3241 esse
315 3181 403 3240 viden.
440 3178 557 3238 tondent
580 3179 669 3256 igitur
689 3178 805 3239 advenit
830 3182 960 3256 tempus,
985 3196 1043 3257 quo
1067 3177 1185 3268 publice
1207 3178 1275 3237 viris
1296 3178 1370 3256 opti·

228 3283 298 3350 mis,
333 3281 383 3359 qui
418 3280 551 3341 laborem
585 3296 684 3340 orcum
716 3279 918 3341 benevolentia
956 3287 984 3340 ct
1018 3270 1157 3341 subsidiis
1184 3278 1368 3345 adnuerunt,

228 3390 344 3460 gratum
369 3385 498 3444 animum
519 3401 619 3443 meum
639 3382 786 3442 testificari
809 3381 909 3443 liceat:
943 3400 1017 3461 quos
1039 3382 1143 3442 eximio
1166 3400 1218 3442 sue
1234 3362 1368 3448 humani·

230 3492 287 3545 tate
309 3504 367 3545 uon
391 3484 477 3563 plone
499 3484 651 3561 indignum
674 3483 783 3546 librum
805 3485 910 3544 iuvisse
934 3502 1022 3562 spero
1044 3484 1107 3544 lore
1130 3490 1162 3544 ut
1190 3483 1275 3562 acqui
1296 3481 1370 3541 iudi-

227 3604 279 3647 ces
298 3587 455 3648 iudicaturi
476 3590 545 3648 sint

431 3739 542 3793 Dabam
559 3741 674 3793 Bonnec

346 3858 439 3895 meuse
457 3843 536 3896 lunio
553 3842 739 3896 MDCCCLX.
