3194 5004
261 386 323 448 492
680 406 713 447 nr
727 404 828 447 vireu
843 404 992 466 ruauuru
1075 450 1081 459 ,
1156 428 1160 437 ·

261 561 416 638 tieiparet,
435 562 495 618 aab
512 555 608 636 ipsius
628 562 714 617 rebus
738 557 916 635 ‘neglectis'
939 558 991 617 vel
1012 558 1221 637 ‘postpositia
1243 558 1399 637 posthabi-

261 664 316 721 tis’
334 661 374 720 ad
389 662 525 740 inopiam
542 680 610 719 esse
625 660 767 719 redactus
783 660 946 729 diceretur.
985 660 1129 738 Eamque
1150 660 1249 737 ipsam
1270 661 1303 720 in
1318 662 1399 719 viam

261 773 350 823 vetus
373 784 429 822 nos
445 764 603 822 Parisinus
624 762 722 834 ducit,
747 782 764 819 e
787 763 870 821 cuius
886 763 1037 840 scriptura
1052 763 1154 819 aetatis
1168 778 1239 820 auae
1251 770 1319 835 post
1333 766 1400 821 sub·

261 870 328 924 lotia
355 866 513 924 lenissima
537 865 779 943 transpositione
806 864 934 935 eruitur,
963 862 1046 942 quod
1075 883 1093 921 a
1117 864 1227 923 Porcio
1255 866 1400 943 scripturn

263 987 331 1028 esse
348 989 402 1046 pro
418 976 501 1026 ceno
518 967 714 1039 affirmamus,
737 970 937 1032 asculitanae,
958 959 972 1043 ΙΙ
994 966 1060 1023 Suis
1077 969 1211 1039 psallatis
1224 969 1309 1024 rebus
1325 985 1351 1024 e.
1368 986 1398 1045 q.

262 1090 286 1129 s.
331 1071 435 1148 Ipsum
447 1073 590 1142 pontacus
610 1068 791 1127 vocabulum
807 1068 949 1147 quotiens
968 1067 1022 1125 uel
1036 1075 1214 1147 usurpatum
1234 1086 1252 1124 a
1273 1069 1399 1146 scripto·

263 1171 344 1230 ribus
361 1173 413 1230 vel
428 1191 447 1229 a
467 1169 599 1229 librariis
616 1171 806 1229 obscuratum
826 1170 880 1241 sit,
901 1168 1023 1227 idoneis
1046 1169 1194 1247 exemplis
1216 1166 1400 1227 Oudendor-

263 1274 332 1352 pius
352 1274 384 1332 in
407 1272 491 1332 Suet.
507 1273 561 1331 vit.
579 1271 608 1331 d.
624 1274 704 1351 Aug.
726 1292 751 1331 c.
767 1279 800 1334 77
822 1270 934 1330 docuit.
960 1302 1002 1311 -
1024 1269 1167 1329 Ceterum
1193 1270 1232 1329 ad
1252 1269 1400 1330 nobilium

263 1372 436 1435 inlecebras
451 1374 521 1435 illas
537 1382 569 1432 ut
583 1375 689 1453 paneis
712 1374 886 1450 redeamus,
908 1376 1048 1430 Albanum
1071 1373 1154 1431 cuius
1177 1373 1268 1431 fuerit
1288 1372 1401 1430 incom-

263 1485 383 1554 pertum
398 1474 497 1535 nobis.
540 1477 686 1535 Fortasse
707 1476 804 1555 ipsius
820 1467 989 1553 Scipionis:
1011 1474 1058 1533 cui
1080 1475 1272 1534 coniecturae
1292 1474 1401 1533 saltem

263 1576 340 1636 illud
356 1597 421 1636 uon
437 1576 538 1635 obstat
553 1576 635 1656 quod
653 1577 806 1655 Scipionis
822 1578 883 1635 iam
903 1585 975 1634 ante
996 1577 1110 1635 mentio
1132 1576 1213 1634 facta
1229 1584 1283 1635 est.
1320 1575 1400 1635 Satis

265 1680 346 1737 enirn
372 1677 531 1737 commode
564 1688 635 1756 post
661 1678 855 1756 Scipionem,
885 1678 1027 1749 Furium,
1056 1678 1195 1737 Laelium
1224 1677 1401 1754 singillatim

264 1788 527 1853 commemoratos,
554 1788 587 1838 ut
614 1801 691 1860 quos
710 1781 743 1838 ia
764 1778 839 1838 urbe
860 1789 958 1858 poeta·
975 1780 1113 1857 singulos
1134 1780 1264 1851 coleret,
1293 1788 1400 1859 quarto

263 1882 330 1941 loco
350 1882 459 1941 inferri
482 1881 645 1941 cuiuslibet
666 1882 741 1940 villa
762 1882 863 1961 potuit
888 1890 1042 1961 tamquam
1065 1901 1223 1953 commune
1239 1882 1402 1940 amicorum

263 1985 384 2044 illorum
410 1985 543 2041 omniurn
565 1983 800 2042 conciliabulum
824 1984 991 2062 voluptatis
1020 1982 1268 2062 deliciarumque.
1313 1982 1402 2060 Quae

264 2087 292 2161 si
304 2086 382 2144 ratio
405 2086 487 2145 inter
503 2104 531 2142 v.
547 2093 573 2144 l.
590 2096 606 2150 3
622 2094 696 2144 etv.
712 2092 730 2147 4
751 2084 915 2144 intercedit
937 2085 1022 2163 (nam
1043 2086 1140 2164 primo
1160 2102 1252 2144 versu
1272 2105 1401 2164 genera·

263 2189 333 2261 tim,
358 2206 437 2267 quae
460 2206 516 2265 per
538 2194 642 2265 partes
667 2187 859 2266 explicantur
881 2186 1045 2264 deinceps,
1076 2166 1399 2264 comprehenduntur),

265 2290 357 2349 etiam
378 2289 501 2367 planius
525 2289 716 2367 intellegitur
743 2309 832 2369 quam
858 2309 877 2347 a
902 2289 1032 2347 veritate
1058 2287 1221 2361 abhorreat
1246 2288 1403 2347 Rothiana

263 2392 356 2463 ratio,
384 2390 436 2470 qui
461 2391 529 2469 ipso
546 2399 654 2469 quarto
677 2410 769 2449 versu
790 2390 951 2469 epodosim
964 2390 1030 2448 fieri
1052 2390 1285 2468 praemissarum
1300 2399 1401 2469 prota-
1427 2385 1430 2391 ’

263 2493 340 2556 sium
354 2491 414 2551 sibi
429 2492 581 2570 persuasit
596 2512 720 2570 prorsus
735 2492 923 2551 mirabiliter.
947 2528 967 2565 3

346 2594 423 2671 Peg.
439 2593 496 2666 28,
511 2592 530 2652 2
547 2594 598 2672 qui
614 2594 785 2674 insequitur
799 2614 919 2665 versus,
936 2595 969 2652 iu
984 2594 1125 2653 Parisino
1141 2594 1212 2653 talis
1230 2602 1291 2653 est:
1306 2598 1402 2669 itaque

240 2754 245 2765 ,
262 2715 302 2755 cx
313 2706 467 2770 conspecta
478 2700 602 2753 omnium
613 2700 671 2754 obit
680 2701 807 2771 precium
819 2700 848 2754 in
860 2704 969 2755 terram
985 2700 1121 2758 ultimam.
1149 2695 1209 2756 Vbi
1227 2696 1271 2755 sie
1289 2695 1401 2757 discre-

256 2808 341 2877 pant
358 2799 469 2871 ceteri,
486 2807 519 2856 ut
537 2795 674 2877 (praeter
693 2816 709 2856 e
730 2787 857 2857 farmani
872 2820 927 2877 pro
945 2816 985 2856 aa
1000 2795 1205 2875 substitutam)
1223 2800 1275 2859 vel
1291 2802 1401 2857 obiitin

262 2905 409 2977 praecium
422 2910 530 2958 terram
542 2900 677 2979 prodant
689 2901 738 2960 vel
751 2901 819 2958 dbia
831 2904 860 2958 in
870 2906 997 2975 praciam
1012 2906 1041 2959 in
1054 2909 1162 2960 terram
1174 2901 1294 2960 velabit
1307 2896 1419 2979 (obiiti

263 2990 292 3063 ia
302 3008 429 3079 precium
443 3003 556 3061 omissa
569 3012 678 3061 terram
690 3022 783 3061 voce:
795 3011 828 3062 at
838 3002 1044 3063 incertasede
1061 3002 1206 3061 fluctuare
1223 3006 1252 3060 in
1269 3022 1401 3082 praepo-

264 3106 407 3165 sitionem
420 3112 579 3184 appareat.
600 3105 742 3181 Numeris
759 3114 859 3164 autern
875 3126 935 3185 quo
950 3098 1104 3178 satisfi'at,
1122 3105 1201 3164 duae
1212 3105 1298 3164 solae
1310 3105 1401 3164 corri-

263 3207 359 3285 gendi
373 3208 443 3267 viae
459 3214 583 3285 patent:
599 3214 652 3265 aut
662 3215 695 3265 ut
711 3207 778 3265 dbiit
797 3208 948 3265 Graeciam
972 3207 1002 3265 in
1020 3217 1130 3267 terram
1149 3206 1295 3286 probetur
1307 3214 1402 3266 autut

264 3311 322 3369 sibit
332 3313 361 3368 ia
370 3309 521 3369 Grae'cr'cim
533 3317 657 3367 terram:
670 3309 771 3368 nullus
784 3316 832 3369 est
844 3310 924 3369 enim
935 3330 1024 3389 quem
1032 3288 1161 3369 Rotbius
1170 3329 1293 3369 versum
1303 3294 1400 3369 finxit.

175 3470 182 3479 ,
263 3412 371 3471 Vtrum
382 3419 527 3491 praestet,
541 3431 605 3469 non
618 3420 664 3469 est
675 3410 798 3471 difficile
811 3410 962 3471 iudicatu:
975 3411 1163 3490 perindeyel
1175 3415 1233 3469 abit
1243 3411 1401 3490 praesenti

263 3522 402 3593 tempore
419 3515 471 3573 vel
482 3513 621 3592 perfecto
633 3517 700 3580 abiit
712 3513 878 3581 dicebatur,
892 3535 955 3573 non
967 3512 1099 3592 perinde
1110 3517 1139 3572 ia
1149 3514 1338 3592 praepositio
1350 3496 1401 3571 iel

264 3614 514 3695 praemittebatur
521 3616 573 3674 vel
584 3614 687 3674 media
698 3615 898 3675 inserebatur.
914 3618 993 3675 Nam
1004 3616 1127 3694 poetico
1138 3624 1256 3674 tanturn
1266 3614 1400 3685 artificio,

265 3717 356 3797 quale
372 3716 410 3775 ab
424 3717 483 3776 hoc
498 3736 613 3795 genere
628 3718 796 3776 litterarum
817 3718 1036 3777 alienissimum
1057 3726 1118 3791 est,
1140 3719 1184 3777 sic
1204 3718 1289 3797 loqui
1312 3719 1401 3774 Grac·

264 3822 338 3876 dam
353 3822 383 3877 ia
398 3826 506 3876 terram
522 3819 620 3893 Horat,
645 3802 735 3900 quenl
755 3817 932 3879 admodum
948 3812 1097 3878 Celtiberia
1116 3825 1145 3877 ia
1166 3829 1247 3876 terra
1265 3818 1402 3878 Catullus

228 3952 231 3957 ·
263 3930 314 3989 39,
339 3926 369 3980 l'l
394 3906 485 3979 diruit:
509 3925 539 3979 ia
564 3923 714 3979 Graeciam
736 3930 845 3979 terram
878 3919 942 3999 (vel
963 3924 1054 3980 etiarn
1074 3921 1213 3979 usitatius
1233 3924 1270 3978 -in
1293 3928 1403 3977 terrum

178 4077 180 4080 Α
265 4019 429 4099 Graeciam)
457 4042 568 4100 prosae
590 4024 737 4083 orationis
758 4023 985 4103 simplicitatem
1006 4041 1134 4082 servans
1149 4022 1274 4081 castitas
1290 4040 1388 4080 sermo

264 4125 313 4183 nis
336 4124 456 4204 antiqui
482 4124 672 4203 postulabat,
698 4127 776 4185 sicut
800 4127 832 4184 in
854 4127 1031 4185 Trininnmo
1061 4128 1175 4182 aduecti
1201 4126 1241 4181 ad
1265 4127 1403 4181 Arabium

264 4235 374 4285 terram
387 4244 486 4285 sumus
501 4226 628 4287 Plautus
644 4227 722 4287 dixit
736 4247 765 4285 v.
781 4236 847 4301 933,
872 4230 1009 4303 Arabiam
1028 4230 1068 4285 od
1089 4235 1199 4284 terram
1218 4246 1283 4284 non
1305 4225 1402 4302 magia

265 4330 364 4407 potuit
393 4306 499 4409 quam,
528 4328 580 4407 qui
606 4338 729 4407 poetam
753 4350 817 4388 non
844 4338 965 4415 ageret,
995 4330 1127 4387 Rhenum
1151 4332 1182 4386 in
1205 4330 1327 4403 fluuium
1351 4326 1403 4385 vel

264 4433 464 4490 Alexandrum
480 4433 519 4488 ad
530 4433 631 4502 filium.
661 4432 729 4490 Neo
743 4431 846 4503 aliter,
864 4433 915 4509 qui
932 4430 1059 4490 Catonis
1075 4430 1284 4509 Varronisque
1301 4448 1418 4503 exem-⁵
