3220 5022
265 397 327 459 308
458 410 575 451 caetra
597 410 775 451 rnarouvu
799 410 956 451 rnnsrsvs
980 409 1188 451 consessura

331 553 529 621 Hannibalis
550 564 682 641 gentes,
706 557 799 619 cuius
822 566 919 620 uocat
939 542 1055 620 Africa
1076 576 1199 621 inanes.

331 666 531 744 postremus,
553 658 639 721 circo
663 667 859 743 postremum
882 658 910 719 si
933 656 1011 743 quid
1035 658 1069 720 in
1090 657 1162 737 illo,

330 759 469 842 emergit
491 758 624 838 chorus,
648 768 794 844 argestes
817 757 870 821 hic
893 780 1021 844 quoque
1045 758 1162 822 dictus.

330 860 375 923 Hi
398 868 474 922 sunt
494 859 545 922 bis
569 859 640 922 seni
661 859 783 946 quadro
807 857 868 922 sub
890 858 1023 923 cardine
1044 857 1161 921 uenti·

328 961 503 1048 perflantes
523 960 650 1026 mediae
670 962 815 1046 spatiosa
834 960 1001 1024 uolumina
1022 968 1140 1023 terrac.

328 1083 388 1125 neo
409 1084 603 1147 quemquam
624 1071 768 1142 moueat,
791 1061 877 1147 quod
899 1060 995 1147 plura
1016 1060 1178 1124 uocabula
1198 1067 1347 1145 restant„

288 1242 294 1255 Ι
328 1184 465 1247 quorum
489 1162 629 1226 diuersis
652 1162 781 1226 uicibus
804 1163 983 1248 Iunguntur
1003 1163 1036 1225 in
1060 1161 1159 1227 horis.

800 1350 876 1415 lilb

666 1467 771 1501 i'F-RSVS
791 1468 826 1501 DE
845 1469 886 1503 xu
907 1468 1006 1503 VENTIS

330 1551 491 1631 Quattuor
513 1571 533 1612 a
554 1548 679 1634 quadro
701 1548 902 1634 con'surguut
922 1549 1026 1614 limito
1047 1552 1148 1614 uenti.

329 1653 387 1716 hos
410 1653 532 1715 circum
555 1651 679 1734 gemini
699 1651 816 1715 dextra
835 1651 993 1737 lacusque
1016 1653 1184 1735 iugautur,

329 1766 426 1841 atque
447 1754 493 1815 ita
514 1753 567 1816 bis
590 1774 667 1815 seno
690 1752 893 1815 circumdant
913 1751 1045 1815 flumine
1067 1753 1233 1821 mundum.

328 1857 452 1940 primus
474 1852 638 1939 aparctias
660 1862 772 1917 arctoo
794 1854 898 1939 spirat
916 1852 959 1916 ab
980 1876 1060 1917 axe:

329 1956 404 2019 huic
425 1964 536 2018 nostra
555 1976 671 2041 nomen
695 1955 809 2039 lingua
827 1964 877 2017 est
899 1956 1075 2040 septentrio
1098 1955 1232 2019 factum.

329 2056 447 2119 circius
470 2055 547 2119 huic
569 2055 684 2119 dexter
703 2055 813 2149 gebido
833 2056 1046 2120 circumtonat
1064 2066 1172 2120 arcto:

1415 1952 1428 1990 5

351 2216 405 2289 (H)
425 2217 434 2272 i
452 2216 590 2273 oehlerus
604 2207 618 2293 {i
634 2222 667 2274 62
683 2220 803 2270 moueat
818 2214 984 2271 Bectrerus:
1010 2222 1132 2272 moncat
1146 2216 1207 2272 cod.
1224 2207 1238 2295 ΙΙ
1255 2215 1332 2270 1511)
1349 2216 1405 2270 Au·

265 2303 387 2374 tbolapio
407 2304 498 2357 tutiuu
520 2301 564 2355 cd.
581 2300 744 2355 Burmann.
769 2299 863 2355 Vm
878 2302 923 2356 cd.
945 2300 1054 2371 Meyer.
1075 2318 1102 2355 n.
1124 2305 1200 2356 1056
1224 2299 1405 2370 Wernsdors.

260 2394 364 2458 poetae
379 2388 462 2441 latini
476 2387 599 2439 minores
621 2384 647 2438 V
663 2389 675 2439 1
692 2401 762 2456 puy.
781 2388 906 2439 521-
923 2383 1038 2441 ‘Edidit
1060 2386 1114 2441 boe
1131 2399 1250 2441 curruca
1270 2385 1407 2440 Pithoeus

264 2470 335 2528 IIII
344 2490 374 2544 p.
395 2475 465 2539 trs,
486 2471 539 2525 sed
556 2470 605 2524 ubi
624 2471 723 2540 incipit
743 2487 761 2524 u
782 2477 887 2540 quarto
906 2486 989 2526 rrcrsu
1010 2468 1124 2545 primus
1147 2469 1295 2546 epartius,
1315 2470 1407 2525 tribus

260 2557 410 2627 prioribus
421 2557 449 2610 iu
463 2556 549 2624 finem
562 2556 711 2624 coniectis,
729 2557 804 2610 unde
819 2570 867 2611 eos
878 2557 908 2610 iu
920 2557 1017 2611 sedern
1033 2557 1186 2627 tepitimuru
1199 2556 1347 2621 revocari,
1365 2555 1407 2608 sic

263 2641 423 2695 iubentibus
442 2640 504 2695 eod.
533 2639 685 2707 Vossiuuo,
708 2654 748 2694 ee
772 2656 829 2710 quo
849 2641 1045 2710 descripserat
1067 2641 1172 2696 Tattius
1194 2642 1224 2695 iu
1240 2639 1340 2711 fronte
1361 2639 1404 2693 ed.

262 2726 349 2780 catut.
368 2724 460 2790 Scut,
479 2730 536 2778 tum
556 2722 701 2792 leidensi,
718 2736 800 2795 quarn
818 2725 879 2794 ipse
897 2725 1017 2791 contuli,
1045 2732 1072 2780 et
1095 2727 1185 2780 aeteri
1205 2726 1300 2779 codice
1319 2723 1404 2794 Repi·

263 2808 595 2879 abrenuntiaturum
609 2811 737 2863 recussit
749 2808 896 2866 Heinsius.
917 2817 945 2863 et
959 2811 1001 2863 sic
1015 2810 1151 2865 Pithoeus
1164 2810 1192 2864 in
1202 2809 1323 2880 exempl.
1339 2808 1404 2863 bibi.

264 2893 361 2948 Paris.
374 2898 539 2947 notaverat:
550 2890 606 2946 “bi
616 2900 675 2948 tres
687 2909 790 2948 uersus
800 2895 948 2964 praeponi
957 2874 1131 2967 demerent,
1145 2896 1272 2965 quisunt
1282 2908 1322 2949 ce
1332 2893 1405 2948 libro

263 2978 371 3034 Isidori
383 2979 417 3032 de
435 2977 630 3049 ustrotopio.’'
655 2979 684 3033 in
699 2979 744 3033 bis
759 2985 853 3033 uatem
868 2979 1012 3034 codicibus
1023 2980 1122 3035 titulus
1140 2986 1205 3034 erat
1222 2992 1345 3035 vsusvs
1362 2991 1404 3031 nr

263 3077 433 3118 ovonuour
455 3062 603 3119 vrurrs.'
634 3063 834 3119 Burmannus.
865 3064 958 3118 Extat
980 3064 1034 3120 troc
1054 3079 1172 3121 carmen
1194 3069 1349 3133 proetereu
1375 3063 1404 3114 iu

262 3147 406 3203 codicibus
423 3148 567 3202 nonnullis
584 3146 692 3203 Isidori
707 3149 742 3202 de
760 3153 868 3203 nuturu
887 3163 1002 3207 rerum‚·
1033 3149 1110 3219 quod
1126 3150 1155 3203 iu
1177 3163 1267 3203 ceusu
1288 3153 1331 3202 est
1350 3162 1405 3201 cur

263 3234 292 3287 in
307 3233 475 3287 editionibus
489 3230 597 3288 Isidori
610 3232 780 3308 Bipnoeuna
793 3241 821 3288 et
836 3233 997 3288 Breutiunu
1009 3241 1075 3303 post
1093 3237 1232 3303 reputit
1248 3233 1314 3287 libri
1328 3232 1405 3286 iltius

262 3319 383 3388 leputur.
402 3317 529 3372 Griatius
538 3317 566 3370 iu
580 3317 761 3373 adnotatione
772 3317 801 3373 b.
814 3320 832 3374 t.
844 3319 942 3388 posuit
954 3334 993 3372 eu
1005 3319 1200 3389 antiquissimo
1215 3316 1323 3373 Isidori
1335 3316 1404 3370 Ove-

261 3403 337 3457 teusi
348 3403 452 3457 codice.
469 3403 610 3456 Arcuulus
626 3402 728 3457 deinde
746 3405 911 3457 uarietatem
927 3405 1091 3479 scripturae
1107 3418 1146 3457 eac
1162 3402 1305 3458 codicibus
1325 3399 1404 3455 Vati·

262 3503 336 3542 cano
361 3487 546 3541 Ottoboniuno
567 3490 585 3541 d
604 3503 635 3556 p.
659 3490 711 3550 25,
740 3487 789 3540 ubi
813 3487 931 3541 rubrica
957 3495 1022 3543 erut
1044 3504 1151 3543 uersus
1176 3491 1351 3553 uentorum,
1376 3490 1404 3539 et

263 3572 381 3627 Albanio
399 3578 568 3641 excerptum
589 3571 698 3626 addidit
724 3562 736 3648 Η
762 3580 772 3628 l
794 3568 897 3627 limine
918 3573 981 3629 cod.
1004 3573 1124 3628 Arcuuli
1142 3566 1156 3649 ΙΙ
1177 3578 1194 3628 ‘I
1214 3569 1271 3625 hos
1291 3567 1404 3624 circum

262 3653 374 3730 gemini
394 3656 521 3711 Griutius
535 3652 568 3710 hi
583 3672 705 3731 quoque
726 3671 780 3710 sex
798 3655 910 3730 gemini
926 3657 1062 3712 Pitbocus
1079 3650 1092 3735 Η
1109 3656 1251 3731 iugantur
1268 3655 1403 3721 Griatius,

262 3758 286 3797 u.
308 3757 333 3796 c.
353 3739 496 3812 Repbiue,
518 3740 680 3810 Leidensis,
698 3742 761 3796 cod.
782 3740 919 3797 Suecicus
941 3740 993 3813 (ef.
1011 3748 1066 3797 act.
1089 3741 1205 3798 leneus.
1231 3739 1257 3794 V
1267 3757 1299 3811 p.
1318 3740 1402 3809 tsq.)

260 3833 410 3899 unguntur
434 3825 590 3881 Vossianus
606 3830 765 3880 recurrunt
781 3825 915 3881 Pitboeus
935 3819 985 3904 {14
1006 3824 1067 3885 alto
1089 3826 1142 3904 qui
1166 3823 1261 3902 spirat
1277 3825 1404 3881 buatius

262 3906 341 3965 ultus
357 3907 407 3985 qui
419 3909 514 3986 spirat
524 3909 586 3964 cod.
601 3916 685 3964 Areu.
702 3901 829 3988 i15iruic
848 3917 953 3966 nostra
966 3928 1077 3967 nomen
1093 3910 1197 3986 lingua
1215 3915 1261 3965 est
1279 3914 1401 3984 septen·

260 3992 318 4049 trio
334 3991 447 4050 fuctum
455 3989 670 4049 Pithoeushuic
680 4011 789 4052 nomen
801 4000 904 4051 nostra
920 3992 1052 4070 elingua
1061 3993 1228 4072 septentrio
1239 3992 1305 4049 fixit
1318 3994 1402 4049 (Iria-

260 4079 316 4133 lius
336 4076 406 4134 huic
427 4084 531 4134 nostru
552 4094 663 4133 nornen
679 4075 784 4152 lingua
808 4078 974 4155 septentrio
989 4078 1056 4136 fixit
1072 4081 1134 4136 cod.
1147 4080 1231 4136 Areu.
1248 4070 1261 4156 ΙΙ
1276 4071 1400 4154 suctum]

259 4161 319 4218 fine
335 4165 397 4219 eod.
414 4162 551 4218 Suecicus
561 4159 648 4217 finxit
660 4163 817 4234 Bipnueus‚
830 4162 978 4220 ‘nonnulii
989 4162 1117 4221 codices'
1141 4164 1258 4220 Arenuti
1271 4156 1284 4240 ΙΙ
1299 4169 1316 4222 6
1329 4160 1402 4217 huic

260 4244 369 4302 dexter
394 4246 521 4302 Griulius
538 4244 607 4303 hinc
630 4245 736 4304 dextro
758 4249 893 4305 Pithoeus
909 4247 991 4304 hunc
1013 4246 1120 4305 dextro
1140 4249 1185 4304 eet
1197 4245 1276 4303 ·huic
1294 4243 1402 4303 dextra

258 4332 320 4387 cod.
343 4333 460 4389 Areoati
475 4330 546 4388 hinc
567 4330 676 4389 dextra
694 4333 830 4389 Pittacus
845 4336 875 4390 iu
893 4335 966 4390 notis
980 4325 994 4413 ΙΙ
1010 4330 1130 4407 gelidus
1147 4332 1285 4389 Pithoeus
1307 4333 1326 4387 i.
1342 4346 1368 4386 c.
1386 4324 1401 4409 Η

259 4421 344 4470 arcto
359 4415 496 4473 Pithoeus
507 4419 527 4474 t.
545 4434 589 4474 c.:
608 4423 694 4473 antro
716 4420 799 4489 rutpo
