3186 4996
705 343 748 389 ns
770 346 887 391 ronrrs
1324 328 1365 392 29

220 496 459 583 contemptiore
489 496 625 576 uestitu,
661 497 695 559 in
729 493 884 561 subsellio
913 496 1007 559 iuxta
1033 492 1189 559 lectulum
1218 495 1367 560 residens

220 596 359 682 legisse,
377 606 452 683 post
473 608 595 682 paucos
611 619 690 681 uero
712 618 827 671 uersus
849 597 1008 662 inuitatus
1030 605 1067 658 ut
1088 586 1295 661 accumberet
1316 619 1366 661 ce·

221 714 421 779 missenus,
443 700 520 762 dein
539 708 646 788 cetera
663 701 904 783 percucurrisse
922 720 988 760 non
1007 699 1077 762 sine
1097 719 1217 782 magna
1232 698 1368 762 Caecilii

222 793 461 863 admiratione'
490 809 523 864 et
547 799 631 863 hanc
652 810 758 862 autem
786 809 818 862 et
847 801 989 885 quinque
1017 798 1160 884 reliquas
1187 799 1368 885 aequaliter

196 916 213 958 s
220 901 344 991 populo
355 901 522 987 probauit:
548 903 697 986 quamuis
716 899 883 963 Volcatius
902 903 935 965 in
951 900 1209 965 dinumeratione
1224 902 1366 963 omnium

223 1005 272 1065 ita
292 1002 429 1066 scribat:

377 1102 511 1169 Simitur
530 1102 662 1166 Hecura
684 1110 779 1167 sexta
802 1103 968 1167 exclusust
988 1101 1111 1167 fabula.

223 1203 404 1267 Eunuchus
436 1204 569 1290 quidem
608 1204 659 1267 bis
695 1205 850 1290 deinceps
885 1212 958 1267 acta
995 1213 1044 1268 est
1077 1206 1260 1290 meruitque
1296 1227 1368 1290 pre·
1406 1259 1413 1269 ,

223 1306 307 1368 tium
332 1313 487 1390 quantum
516 1306 606 1369 nulla
633 1316 731 1369 antea
756 1307 944 1392 cuiusquam
966 1306 1149 1386 comoedia,
1182 1316 1254 1371 octo
1278 1305 1369 1370 milia

187 1396 402 1468 renummum.
445 1416 618 1492 propterea
640 1406 766 1470 sumina
791 1428 920 1493 quoque
943 1406 1037 1471 titulo
1063 1406 1247 1471 ascribitur.
1292 1433 1307 1471 a
1352 1435 1367 1470 s

223 1522 1367 1583 *inauguraret*

309 1602 469 1677 'iDonatu's
487 1628 621 1693 epimetro
634 1630 709 1680 vitae
728 1631 792 1679 Ter.
811 1645 837 1679 r.
859 1628 903 1677 ll:
940 1629 1060 1693 ‘Hecyra
1073 1645 1157 1695 saepe
1176 1630 1302 1692 exclusa,
1321 1632 1369 1679 uis

223 1700 290 1745 acta
309 1694 371 1745 est)
394 1695 471 1744 Idem
489 1696 578 1761 praef.
597 1696 667 1746 Hee.
686 1714 713 1763 p.
732 1696 964 1747 strumosum:
986 1699 1079 1761 ‘saepe
1103 1697 1216 1746 esclusa
1234 1698 1303 1747 haec
1322 1715 1367 1747 eo·

219 1762 352 1815 moedis)
372 1763 447 1812 Adde
468 1780 563 1813 comm.
582 1765 611 1812 in
623 1764 693 1814 Hec.
712 1765 818 1830 prolog.
837 1764 860 1825 1,
878 1765 904 1812 ·l.
923 1765 958 1829 ll,
978 1764 1003 1814 3.
1022 1764 1046 1813 7.
1068 1763 1107 1815 13.
1126 1764 1167 1814 26.
1186 1764 1228 1815 29.

236 1876 241 1885 ·
309 1847 469 1896 ttDonatus
487 1848 576 1911 praef.
595 1849 665 1898 Eun.
685 1866 711 1913 p.
730 1846 775 1898 96:
813 1850 893 1898 ‘acta
912 1853 955 1898 est
973 1854 1050 1899 tauto
1069 1865 1200 1899 successu
1218 1866 1251 1899 ac
1269 1850 1368 1913 plausu

223 1921 308 1978 atquc
327 1915 472 1980 suffragio,
498 1920 528 1964 ut
550 1930 643 1966 rtusus
671 1922 745 1966 esset
763 1917 878 1966 uendite
898 1922 926 1966 et
944 1922 1075 1982 ageretur
1099 1918 1198 1966 iterum
1216 1933 1265 1981 pro
1283 1932 1365 1979 notra,

222 1998 326 2046 proque
346 1984 529 2047 septenum,
550 1985 620 2048 quod
638 1985 708 2034 nulli
727 1990 791 2037 ante
810 1985 898 2049 ipsam
918 1984 1030 2034 tabulae
1050 1986 1182 2049 contigit,
1209 1990 1271 2033 octo
1290 1984 1367 2033 milia

122 2078 130 2089 ·
222 2052 382 2099 sestertium
394 2058 572 2117 numerarent
584 2051 704 2116 poetae’
723 2051 799 2102 Idem
813 2053 947 2116 epimetro
965 2053 1042 2101 ritae
1061 2053 1124 2101 Tor.
1144 2068 1169 2102 v.
1192 2051 1235 2101 10:
1255 2054 1366 2116 ‘magno

223 2132 354 2167 successu
373 2123 402 2166 et
419 2119 509 2182 pretio
527 2121 606 2168 stetit
624 2119 773 2169 Eunuchus
793 2118 914 2169 fabula.¹·
1405 2134 1410 2139 ’

224 2217 423 2227 ———-

310 2284 323 2333 l
341 2270 529 2331 contentiose
545 2275 623 2331 BCI)
641 2268 658 2354 ss
679 2274 711 2332 in
733 2275 917 2332 Ritsclreliur.
934 2292 988 2331 om.
1003 2275 1070 2331 libri
1086 2266 1100 2353 il
1119 2228 1231 2331 lecturi]
1245 2276 1273 2330 F
1292 2267 1306 2355 Η
1321 2288 1367 2331 re·

224 2390 310 2450 diens
327 2394 355 2449 B
369 2385 383 2471 ΙΙ
398 2399 414 2450 2
428 2410 502 2449 uero
504 2410 625 2477 paucos
639 2395 661 2449 G
678 2386 692 2473 Η
706 2411 812 2451 uersus
828 2392 960 2449 imitatus
977 2394 1013 2449 D.
1029 2410 1135 2449 uersus
1153 2429 1162 2448 .
1178 2430 1188 2449 .
1206 2430 1215 2448 .
1232 2430 1242 2449 .
1265 2430 1275 2449 .
1292 2371 1366 2468 inii·

223 2476 301 2535 teuit
322 2480 346 2533 Α
367 2494 431 2534 cum
454 2478 579 2550 quinque
599 2480 716 2534 circiter
739 2481 900 2535 litterarum
925 2480 1046 2534 lacuna:
1078 2484 1110 2533 ut
1124 2474 1162 2533 ab
1179 2475 1232 2534 illo
1251 2479 1367 2539 irtterci·

222 2566 298 2619 disse
313 2564 439 2631 conicias
453 2555 466 2640 ΙΙ
478 2580 535 2633 pro
551 2560 745 2620 accumberet
758 2566 892 2620 lucanum
907 2563 934 2617 Ι)
949 2555 995 2643 [13
1010 2560 1129 2619 deind.
1151 2559 1261 2620 deinde
1279 2567 1369 2619 ceteri

162 2664 169 2669 ·
221 2641 475 2726 stpercucurrisse
498 2650 531 2702 A.
553 2646 739 2723 precurrisse
759 2650 794 2704 Ι).
814 2649 1003 2725 percurrisse
1022 2649 1112 2703 ceteri
1123 2639 1138 2726 ΙΙ
1155 2645 1281 2705 Caecilii
1301 2651 1367 2704 item

224 2741 255 2788 ut
270 2738 355 2787 antea
368 2750 402 2803 p.
421 2735 467 2801 23,
482 2736 507 2788 n.
526 2730 618 2788 eacrii
635 2736 667 2787 A.
686 2733 774 2790 eerrii
789 2734 825 2789 B.
844 2732 917 2790 cerii
933 2732 1038 2789 ΒΕΓΖ,
1059 2733 1140 2790 cerei
1153 2733 1190 2787 Ι).
1209 2751 1311 2789 eorum
1327 2733 1349 2788 G

224 2812 293 2893 tet]
307 2834 345 2873 ex
358 2817 381 2872 G
396 2807 410 2894 ss
425 2810 537 2893 autem]
550 2804 664 2873 utinam
678 2817 700 2873 C
712 2809 725 2896 ss
742 2823 772 2874 et
787 2836 842 2874 om.
856 2819 878 2873 G
895 2811 908 2893 ll
924 2818 1006 2894 qu²q3
1021 2817 1046 2870 B
1061 2810 1074 2896 ΙΙ
1090 2817 1166 2875 alias
1176 2815 1311 2895 reliquas
1324 2817 1351 2871 Ι)
1364 2812 1368 2895 l

225 2899 375 2979 equaliter
389 2901 450 2955 BZ.
468 2919 520 2956 om.
537 2900 565 2955 D
580 2892 593 2979 Η
607 2910 623 2961 5
638 2898 768 2978 probant
781 2902 808 2956 Ι)
827 2894 842 2982 ΙΙ
857 2899 1071 2974 ΥοΙοαιίιιελ.
1095 2900 1246 2958 sulcatius
1268 2906 1366 2972 ceteri,

223 2989 279 3043 nisi
293 2988 369 3058 quod
382 2982 517 3042 ualerius
534 2985 557 3041 G
572 2979 586 3064 υ
601 2985 632 3041 in
651 2983 889 3044 dinumeratione
906 2986 1082 3058 Sebopcnus.
1101 2984 1138 3043 de
1158 2986 1367 3043 numeratione

224 3074 256 3128 Α.
285 3068 323 3126 de
348 3061 503 3127 eniiaicdne
535 3071 571 3127 B.
598 3067 636 3127 de
670 3071 896 3128 enumeratione
925 3072 1022 3136 ceteri.
1053 3068 1090 3129 de
1123 3070 1366 3129 remuneratione

224 3156 416 3212 Mommscnus
434 3146 450 3234 ss
471 3154 603 3210 omnium
632 3156 725 3226 ADF,
750 3157 790 3211 St.
811 3174 865 3212 om.
889 3156 997 3212 BCEZ.
1020 3174 1145 3231 operum
1172 3148 1367 3233 Beroeaeus

223 3236 338 3297 scribat
357 3243 429 3309 Al),
451 3238 491 3294 St.
517 3236 623 3295 scribit
637 3244 727 3296 ceteri
744 3233 758 3318 ΙΙ
778 3247 793 3300 7
811 3239 935 3299 Simitur
950 3241 1133 3297 Bitsclrelius.
1156 3246 1290 3297 sumetur
1305 3241 1366 3307 AF,

224 3325 264 3381 St.
282 3333 451 3384 sumeretur
470 3324 554 3380 EGZ.
571 3321 711 3380 submer·
733 3327 769 3379 B.
792 3319 945 3382 submetur
964 3325 1001 3381 Ι).
1025 3323 1179 3382 submcret
1200 3325 1223 3380 0
1240 3317 1254 3404 Η
1272 3322 1296 3379 1ῑ
1311 3341 1367 3379 ura

223 3411 259 3467 B.
285 3408 390 3481 hecira
408 3412 443 3466 A.
464 3409 503 3466 he
525 3426 599 3484 cyra
614 3411 650 3467 Ι).
669 3427 782 3486 aecyra
800 3412 836 3468 E.
859 3410 962 3467 echira
978 3411 1012 3466 1¹⁷.
1030 3407 1156 3465 bechira
1174 3410 1205 3466 G.
1224 3408 1329 3484 Ecyra
1345 3407 1368 3462 Z

222 3491 231 3574 ll
250 3496 405 3553 exclusust
419 3497 490 3550 dure
502 3495 614 3550 Ilonuto
633 3495 872 3573 dilectationes
883 3493 930 3552 his
949 3496 1028 3565 libri,
1048 3502 1114 3549 ante
1129 3493 1256 3569 Hecyra
1271 3494 1366 3547 conto-

222 3590 289 3638 cata
308 3602 326 3638 a
354 3581 465 3637 Bottia.
494 3597 533 3637 ex
558 3577 643 3637 hisce
671 3579 783 3634 Harius
802 3572 815 3658 (i
841 3588 859 3642 8
888 3596 1022 3636 eunucus
1053 3579 1110 3634 t'l).
1136 3575 1281 3634 Enuchns
1313 3576 1336 3630 Z
1357 3569 1366 3655 li

224 3660 396 3745 dei[nceps]
413 3666 593 3721 Ritsetrctius.
611 3662 660 3722 die
675 3663 839 3721 ABCDFG.
857 3682 911 3720 om.
926 3664 983 3718 ΕΖ.
1005 3660 1042 3718 dc
1064 3656 1207 3740 i[ntegro]
1228 3661 1287 3732 snit
1301 3679 1366 3718 cnm

218 3754 352 3825 placeret
365 3744 379 3831 [Ι
393 3743 533 3827 precidit
548 3742 593 3827 119
609 3748 711 3824 antea]
735 3747 796 3806 alia
816 3750 894 3805 DEZ
907 3741 921 3828 Η
937 3747 1083 3824 cuiusque
1104 3747 1184 3802 ABD
1198 3739 1212 3826 Η
1229 3744 1367 3804 comedia

222 3837 326 3894 ABCD
347 3829 360 3915 ii
376 3842 443 3893 octo
462 3835 643 3891 Ritsclretins.
663 3827 736 3884 t'lllh'
754 3835 792 3890 B.
807 3826 864 3891 lde
878 3842 947 3890 octo
962 3836 995 3889 A.
1015 3831 1109 3889 idest
1132 3838 1200 3887 octo
1218 3832 1275 3899 (nel
1298 3836 1364 3903 llll)

222 3923 290 3992 Μ’,
312 3920 352 3977 St.
364 3917 510 3976 uidelicet
527 3925 596 3976 octo
613 3921 672 3975 ΕΖ.
688 3930 711 3970 L.
724 3929 771 3969 vul
788 3912 836 3999 Cli
851 3917 935 3976 milia
955 3936 1077 3975 numum
1092 3917 1150 3974 EZ.
1174 3914 1258 4000 rnilia
1282 3934 1366 3971 num·

223 4025 338 4063 morum
352 4006 406 4061 AF
418 4013 461 4072 ct,
485 4007 542 4060 nisi
555 4005 632 4076 quod
648 4022 821 4073 numerum,
840 4006 872 4062 G.
889 4000 971 4059 milia
985 4020 1141 4060 numerum
1155 4001 1190 4056 D.
1209 4019 1365 4057 nurnorum

221 4109 378 4149 numerum
393 4091 430 4145 B.
446 4108 602 4147 numerum
616 4083 665 4170 011
681 4100 714 4153 10
729 4107 846 4146 summa
860 4107 982 4165 quoque
993 4089 1087 4157 ΑΒΓ,
1104 4088 1144 4142 St.
1162 4104 1276 4142 summo
1291 4102 1364 4161 que·

140 4192 148 4205 ·
223 4192 282 4255 que
307 4176 420 4233 BEGZ.
443 4176 665 4252 summoquet'
689 4170 702 4255 Η
727 4172 903 4232 asscribitur
918 4175 954 4229 B.
970 4171 1110 4230 scribitur
1133 4171 1160 4226 D
1180 4163 1193 4249 ΙΙ
1218 4170 1364 4225 Lacunam

222 4265 344 4334 ripum
368 4262 496 4332 Wolfius.
526 4263 703 4317 intercidisse
723 4262 856 4317 ridentur
876 4261 974 4331 qualia
993 4261 1028 4315 de
1047 4253 1158 4312 fabulis
1180 4252 1218 4311 ab
1238 4250 1364 4328 Apollo-

223 4344 296 4405 doro
311 4361 343 4405 et
357 4342 694 4439 Menandro'translatis
708 4346 839 4402 Donatus
854 4346 982 4415 prodidit
996 4346 1026 4398 in
1040 4344 1177 4414 epirnetro
1192 4332 1278 4394 lunis
1293 4338 1365 4391 uitae
