3186 4996
237 349 278 417 32
613 372 656 415 nn
681 370 768 443 mars
789 370 1003 418 moveramus

234 520 340 604 pilli0‚
368 518 531 585 consulari
553 529 691 606 utroque
716 541 754 585 ac
776 530 882 608 poeta.
926 522 1000 586 ideo
1026 508 1133 608 ipsum
1155 544 1219 587 non
1243 523 1378 589 iuuenes

191 634 200 655 ·
235 622 409 707 designare
426 622 482 707 qui
499 644 533 685 se
551 620 710 686 adiuuare
726 622 893 706 dicantur,
911 622 970 687 sed
985 625 1073 687 uiros
1090 645 1226 708 quorum
1246 644 1376 708 operam
1485 674 1490 678 .

236 730 268 785 et
301 725 336 785 in
364 718 450 786 bello
476 732 509 785 et
537 724 571 785 in
594 725 660 787 otio
690 732 722 787 et
751 725 785 787 in
805 727 937 808 negotio
972 721 1110 809 populus
1137 727 1179 787 sit
1210 734 1375 811 expertus.

234 823 315 887 Post
341 824 447 887 editas
478 823 677 907 comoedias,
710 823 855 889 nondum
883 826 1032 912 quintum
1061 833 1158 910 atque
1185 826 1378 889 uicesimum

234 926 402 1009 ingressus
431 946 569 1005 annum,
603 947 702 989 causa
733 926 888 991 uitandac
922 926 1085 1012 opinionis
1116 948 1180 1011 qua
1205 926 1399 993 uidebatura
1458 1010 1461 1016 1
1516 1009 1520 1017 ¹

235 1024 343 1089 aliena
368 1048 427 1112 pro
457 1027 525 1088 suis
549 1024 662 1111 cdere,
691 1048 749 1090 seu
775 1028 978 1113 percipiendi
1007 1026 1207 1091 Graecorum
1230 1027 1379 1090 instituta

234 1148 404 1213 moresque
424 1147 504 1213 quos
522 1147 589 1189 non
614 1127 749 1213 perinde
768 1129 965 1214 exprimeret
991 1129 1024 1191 in
1047 1128 1192 1212 scriptis,
1225 1149 1377 1211 egressus

235 1229 316 1292 urbe
338 1238 387 1292 est
409 1249 514 1314 neque
537 1227 677 1314 amplius
699 1227 806 1291 rediit.
850 1228 890 1292 de
917 1237 1021 1295 morte
1044 1229 1114 1292 eius
1137 1227 1307 1293 Volcatius
1331 1229 1378 1291 sic

234 1331 350 1393 tradit:

363 1428 428 1493 Sed
451 1438 487 1493 ut
507 1430 589 1494 Afer
610 1428 730 1517 populo
753 1452 813 1494 sex
835 1431 927 1495 dedit
949 1431 1149 1513 comoedias,
1387 1465 1411 1505 m
1506 1484 1510 1487 .

362 1530 429 1594 Iter
449 1530 525 1595 hinc
547 1533 581 1593 in
602 1532 715 1594 Asiam
736 1530 825 1595 fecit.
871 1553 988 1596 nauem
1012 1540 1120 1595 autem
1141 1540 1178 1595 ut
1200 1530 1299 1595 semel

363 1632 578 1714 Conscendit,
601 1633 694 1696 uisus
716 1653 892 1718 numquam
910 1641 973 1697 est:
995 1634 1042 1697 sic
1063 1635 1132 1697 uita
1153 1641 1257 1699 uacat

234 1733 275 1815 Q,
309 1734 489 1797 Cosconius
520 1733 711 1797 redeuntem
740 1756 757 1797 e
793 1734 934 1798 Graecia
967 1735 1092 1821 perisse
1120 1736 1154 1797 in
1184 1733 1265 1811 mari
1297 1725 1398 1796 dieit'

234 1859 307 1899 oum
330 1833 450 1899 fabulis
473 1834 641 1919 conuersis
664 1857 685 1898 a
706 1834 904 1899 Menandro:
940 1837 1040 1898 ceteri
1062 1844 1225 1899 mortuum
1245 1856 1317 1898 esse
1344 1836 1377 1896 in
1459 1904 1466 1921 Ι

234 1936 377 2000 Arcadia
398 1938 468 2000 siue
490 1935 674 2001 Leucadiae
699 1936 849 2018 tradunt,
878 1935 936 1999 On.
962 1935 1114 2001 Cornelio
1136 1935 1311 2001 Dolabella
1331 1935 1374 2001 M.
1387 1967 1411 2007 r·

232 2049 436 2061 ——ae-

320 2107 331 2156 l
349 2091 399 2172 ac]
420 2102 450 2152 ct
466 2096 495 2150 Ε
505 2088 518 2172 Η
535 2079 593 2152 deo
608 2098 633 2150 A
647 2088 660 2173 Η
676 2102 693 2153 2
714 2092 875 2170 designare
891 2111 954 2166 sup.
975 2112 1033 2155 scr.
1051 2098 1086 2152 F.
1109 2093 1286 2171 designasse
1302 2095 1354 2152 ΕΖ
1368 2087 1377 2173 Η

234 2180 372 2242 adiuuari
388 2184 423 2236 B.
448 2178 612 2237 adiuuasse
630 2181 668 2235 E.
694 2176 849 2237 adiuuisse
875 2180 898 2235 Z
921 2173 934 2258 Η
957 2177 1094 2237 dicantur
1117 2182 1249 2239 Rolliias.
1272 2177 1375 2236 dicun-

234 2276 282 2325 tur
301 2268 334 2322 A.
355 2264 588 2339 designarentur
605 2266 642 2319 D.
665 2262 838 2322 dicerentur
857 2269 961 2329 ceteri,
983 2267 1012 2319 iu
1025 2281 1085 2321 ruo.
1107 2267 1135 2320 Ε
1154 2258 1167 2343 Η
1189 2263 1283 2324 3ocio
1299 2273 1330 2320 ct
1344 2264 1375 2319 in

232 2338 362 2426 negocio
385 2350 491 2408 CDEF
509 2345 522 2430 Η
544 2360 561 2409 4
580 2347 734 2407 comedias
754 2350 880 2405 ABCDZ
900 2344 911 2428 Η
933 2347 1065 2431 nondrmr
1082 2352 1121 2417 A,
1138 2349 1178 2405 Su
1195 2367 1249 2405 om.
1264 2351 1354 2404 ceteri
1365 2342 1374 2426 Η

235 2438 329 2515 quatit
345 2437 389 2492 B:
405 2438 482 2507 quod
499 2442 654 2512 quartum,
671 2452 727 2490 non
744 2442 899 2511 quantum,
915 2434 1288 2505 interpretabaturHarius
1302 2427 1317 2512 Η
1330 2432 1374 2487 ui—

236 2522 381 2579 cesimum
392 2524 424 2587 A,
438 2522 569 2576 Rotkiur.
584 2512 822 2593 uigessimumD.
836 2517 1040 2592 trigassimum
1052 2518 1082 2573 θ.
1093 2517 1279 2592 trigesimum
1288 2518 1378 2573 ceteri

235 2604 273 2682 Η5
295 2605 451 2679 ingressus
475 2604 657 2661 Bitscheliua
678 2620 819 2676 egressus
835 2605 902 2658 iibri
915 2586 928 2682 Η
945 2598 1069 2678 annum]
1090 2613 1201 2659 annum
1219 2601 1310 2659 animi
1329 2595 1378 2679 ΑΗ

234 2687 378 2748 uitandac
393 2690 426 2744 A.
448 2684 609 2745 euitandae
623 2688 687 2745 EF.
708 2685 851 2743 euitandc
866 2691 955 2744 reteri
970 2682 982 2763 ¹]
998 2706 1059 2767 qua
1084 2687 1143 2743 Vei.
1160 2686 1212 2764 qui
1226 2689 1287 2743 AB.
1304 2686 1380 2764 quia·

234 2777 323 2830 ceteri
336 2765 350 2852 Η
364 2780 381 2833 6
394 2790 516 2849 prorsus
531 2772 558 2826 I)
573 2765 586 2848 Η
601 2769 789 2846 percipiendi
806 2772 939 2828 CDEGZ.
956 2768 1232 2849 percipiendaAB.
1253 2769 1292 2827 ad
1307 2789 1374 2847 per·
1446 2800 1449 2806 ·

235 2855 377 2935 cipienda
392 2859 420 2913 F
433 2850 446 2936 Η
461 2873 619 2932 grecorum
635 2859 659 2910 A
664 2856 761 2911 BCDZ
775 2850 787 2935 Η
803 2863 919 2914 statuta
932 2859 959 2913 D
973 2851 986 2935 Η
1002 2863 1017 2918 7
1034 2876 1096 2913 non
1116 2857 1151 2926 A,
1172 2857 1302 2911 notium.
1322 2874 1375 2910 om.

234 2945 323 3000 ceteri
336 2936 349 3020 Η
366 2943 570 3018 exprimerent
585 2942 611 2995 Ι)
627 2933 639 3020 Η
655 2940 700 2996 ira
716 2940 835 3016 scriptis
857 2943 897 3011 B,
909 2945 960 2998 sed
983 2941 1136 3017 inscriptis
1156 2958 1226 3012 mrp.
1243 2934 1256 3018 Η
1270 2949 1288 2999 8
1301 2937 1376 2995 urbo

234 3029 383 3083 Muretus:
402 3024 508 3082 urbem
524 3024 566 3081 St.
586 3043 638 3081 om.
655 3027 721 3082 libri
735 3020 747 3103 Η
763 3024 861 3082 redite
880 3032 903 3081 A
918 3020 1103 3105 llVolcatius
1125 3025 1156 3080 Z.
1173 3023 1320 3080 uulc'anus
1339 3024 1375 3081 Ι).

234 3110 386 3169 nulcatius
406 3113 495 3168 ceteri
515 3103 529 3189 Η
551 3109 595 3166 sic
618 3128 672 3166 om.
692 3111 768 3165 EGZ
787 3104 800 3188 Η
825 3119 856 3169 10
878 3129 932 3167 sex
949 3109 1062 3187 populo
1082 3110 1132 3165 ΕΖ
1145 3103 1159 3185 Η
1175 3106 1259 3165 dedit
1278 3126 1375 3164 corne-

236 3196 302 3254 dias
325 3195 401 3252 Bul>
424 3204 465 3263 et,
488 3197 543 3251 nisi
561 3198 637 3267 quod
662 3192 814 3264 comoed,
830 3196 919 3251 EFG.
939 3192 1034 3252 edidit
1055 3193 1208 3252 eomedias
1225 3194 1257 3248 Z.
1277 3210 1374 3249 come-

235 3280 301 3339 dias
318 3278 356 3336 de
374 3276 395 3335 [l
409 3283 432 3336 A
454 3273 467 3360 Η
492 3289 521 3338 ll
538 3279 580 3335 ite
593 3277 664 3335 hinc
680 3285 713 3334 A.
730 3277 808 3335 inter
824 3278 896 3337 hinc
912 3281 942 3335 Z.
960 3280 1039 3342 inter
1054 3277 1125 3335 hinc
1140 3279 1219 3335 inter
1233 3276 1303 3333 hinc
1324 3278 1350 3331 l)
1368 3274 1375 3355 Η

234 3384 343 3423 nauem
360 3372 460 3421 autom
476 3372 508 3420 ut
522 3364 704 3420 Bitscdclr‘us.
726 3381 835 3419 nauem
857 3372 890 3420 ut
904 3366 963 3420 AG.
980 3362 1083 3421 nauim
1097 3370 1130 3419 ut
1145 3363 1262 3419 BCDF..
1273 3361 1381 3418 nanim·

237 3470 304 3507 cum
326 3450 385 3506 ΕΖ.
407 3457 437 3506 et
451 3467 560 3505 nauem
575 3454 609 3504 ut
624 3449 745 3504 Rothiua
761 3441 774 3527 Η
791 3456 823 3508 12
839 3446 991 3505 inscendit
1008 3448 1034 3504 B
1049 3442 1061 3527 Η
1077 3442 1191 3525 nude
1203 3442 1216 3525 Η
1234 3456 1266 3507 13
1278 3444 1376 3521 Quin-

234 3545 282 3593 tus
299 3538 323 3591 A
344 3532 356 3612 Η
380 3533 538 3591 cosconius
554 3535 614 3589 AG.
632 3534 805 3603 conscotius
827 3536 861 3589 B.
878 3533 1044 3591 constotius
1061 3533 1118 3589 CB.
1136 3531 1295 3589 consectus
1316 3532 1374 3585 ΕΖ.

235 3621 404 3678 cossentius
417 3621 445 3675 F
457 3611 470 3697 Η
486 3613 517 3694 c]
531 3615 569 3674 dc
583 3620 615 3673 G.
634 3618 886 3675 abindeirtrticliii
900 3621 943 3674 ed.
958 3618 1229 3689 Frurccofurtensir,
1247 3617 1375 3697 nonm-

235 3709 341 3761 risinu:
354 3706 431 3777 quod
437 3704 570 3759 linthium
582 3701 688 3774 fefellit
704 3695 717 3780 Η
731 3701 835 3775 grecia
846 3704 955 3759 BCDZ.
973 3695 1039 3775 goia
1053 3704 1077 3756 A
1092 3694 1105 3779 Η
1120 3701 1238 3778 perisse
1246 3701 1308 3755 AB.
1322 3718 1375 3775 pe-

235 3790 323 3846 riisse
337 3791 426 3845 reteri
440 3780 453 3865 Η
469 3785 543 3844 dicit
558 3805 609 3843 om.
626 3789 651 3844 A
665 3781 677 3861 Η
691 3776 729 3846 ⁴ll
744 3804 811 3842 cum
827 3785 937 3844 fabulis
954 3787 1135 3843 Ritrclioiius.
1153 3781 1202 3842 cti.
1225 3803 1252 3841 c.
1276 3793 1307 3841 et
1326 3800 1383 3839 utu

235 3872 346 3932 sabulis
362 3878 395 3930 A.
414 3891 481 3928 cum
497 3891 520 3927 e.
542 3880 573 3929 et
589 3882 646 3922 Vm.
670 3867 780 3929 fabulis
800 3873 837 3927 li.
859 3890 926 3929 cum
942 3890 969 3928 c.
990 3878 1020 3928 et
1040 3880 1109 3927 octo
1123 3868 1235 3927 fabulis
1251 3864 1287 3925 Β.
1310 3886 1377 3924 cum

236 3966 357 4016 centum
380 3965 411 4014 et
433 3966 501 4013 octo
523 3954 634 4014 fabulis
656 3959 757 4023 ceteri,
779 3959 834 4011 nisi
850 3958 927 4028 quod
943 3964 1005 4013 otto
1028 3948 1077 4034 ΕΗ
1092 3973 1112 4011 e
1125 3953 1290 4011 menandro
1305 3955 1341 4008 E.
1359 3969 1377 4008 a
1452 3968 1456 3975 ’

234 4041 399 4101 menandro
420 4046 521 4108 ceteri,
546 4041 704 4113 Modeipius
718 4044 747 4095 in
764 4041 818 4096 Cic.
834 4043 869 4097 de
886 4044 935 4112 fin.
952 4043 981 4108 Ι,
998 4046 1029 4107 3,
1045 4045 1061 4095 7
1082 4034 1102 4121 Η
1118 4037 1300 4101 ltArcadia
1316 4038 1376 4093 Rit-

234 4131 371 4186 schelius:
383 4136 469 4199 atquc
484 4130 523 4182 ita
540 4127 743 4198 Hieronymus.
756 4122 901 4181 archadia
913 4122 1068 4200 stimphali
1083 4127 1161 4192 lii'ri,
1182 4125 1377 4195 interpolatio

226 4232 264 4286 p.
291 4219 341 4281 28,
366 4218 399 4268 3:
433 4214 489 4268 nisi
507 4215 584 4282 quod
603 4207 730 4266 arcadia
745 4210 811 4278 EZ,
834 4208 998 4288 stymphali
1020 4212 1088 4280 AB,
1111 4208 1142 4265 in
1160 4204 1315 4284 stimphali
1340 4208 1375 4263 Ε.

235 4295 389 4355 Arcadiae
407 4293 588 4373 Stymplralo
605 4297 746 4351 Erasmus
761 4289 775 4374 Η
790 4293 853 4350 siue
864 4291 1005 4350 leucadia
1019 4296 1054 4350 A.
1071 4294 1138 4353 sinu
1154 4288 1316 4349 leocadiae
1330 4307 1375 4347 ce-

235 4385 303 4452 teri,
322 4385 377 4439 uiri
389 4383 466 4454 quod
474 4376 613 4437 leocadie
626 4380 711 4450 ΕΒΖ,
728 4376 890 4437 leuchadia
901 4381 936 4435 B.
953 4379 1017 4437 siue
1032 4375 1190 4437 Leucadia
1203 4380 1346 4434 Erasmus
