3200 4992
250 423 309 488 132
627 442 667 484 nu
690 442 777 487 virus
801 444 1014 487 intremuere
1066 412 1072 425 ’

246 590 388 654 Liuiana
415 589 457 655 ob
484 590 638 655 honorem
664 591 791 655 Liuiae.
835 594 932 656 tertia
958 592 1116 656 hieratica
1138 592 1224 655 dicta
1245 612 1282 656 eo
1302 568 1388 678 quod

247 692 289 756 ad
316 713 425 755 sacros
456 690 556 756 libros
580 692 780 775 eligebatur,
810 691 926 755 similis
948 694 1137 777 Augusteae
1158 691 1216 756 scd
1240 691 1387 757 subcolo-

246 803 328 857 rata.
372 802 489 879 quarta
504 785 701 856 ¹'l'aeniotica
724 814 744 855 a
762 792 833 856 loco
853 793 1076 857 Alexandriae
1099 796 1154 880 qui
1175 794 1221 872 ita
1242 804 1387 874 uocatur,

88 910 98 923 ⁸
175 911 179 917 ’
245 894 303 957 ubi
326 893 436 957 fiebat.
479 894 593 979 quinta
615 893 738 958 Saitica
759 894 801 957 ab
824 894 942 981 oppido
966 894 1032 958 Sai.
1074 904 1169 958 sexta
1193 894 1388 958 Corneliana

246 1016 266 1057 a
279 994 432 1059 Cornelio
448 993 545 1058 Gallo
561 994 727 1080 praefecto
741 996 886 1081 Aegypti
899 996 1038 1081 primum
1054 995 1215 1059 confecta.
1248 996 1409 1080 septimas

246 1098 457 1182 emporetica,
487 1094 575 1182 quod
598 1116 637 1159 ea
659 1117 782 1160 merces
806 1097 1033 1177 inuoluuntur,
1062 1118 1136 1161 cum
1154 1097 1197 1160 sit
1217 1080 1387 1180 scripturis

245 1196 353 1260 minus
375 1195 503 1261 idonea.

330 1296 526 1381 Pergameni
555 1318 650 1381 reges
678 1320 751 1361 cum
784 1306 875 1361 carta
903 1298 1091 1383 indigerent
1112 1297 1301 1362 membrana
1321 1297 1386 1382 pri·

245 1420 332 1462 mum
362 1399 643 1483 excogitauerunt.
694 1397 883 1461 membrana
909 1397 1078 1481 dicuntur,
1114 1401 1191 1486 quia
1217 1420 1259 1462 ex
1287 1420 1386 1461 mem·

244 1500 314 1564 bris
343 1498 505 1584 pecudum
532 1498 758 1563 detrahuntur.
807 1499 931 1563 fiebant
963 1508 1071 1562 autem
1100 1501 1240 1586 primum
1267 1498 1420 1563 colorisw

245 1592 339 1680 lutei,
369 1599 402 1663 id
426 1611 476 1664 est
497 1600 621 1681 crecei3
652 1608 768 1686 postca
788 1621 865 1664 uero
890 1600 1013 1663 Romae
1038 1599 1179 1664 candida
1198 1600 1387 1664 membrana

244 1710 374 1787 reperta
393 1711 478 1765 sunt.
518 1699 607 1787 quod
621 1701 773 1787 apparuit
788 1699 933 1765 inhabile
948 1722 1030 1781 esse,
1050 1700 1137 1786 quod
1155 1711 1188 1764 ct
1206 1700 1303 1763 facile
1320 1721 1386 1764 sor-

244 1802 380 1865 dcscant
412 1805 581 1887 aciemque
610 1800 787 1885 legentium
809 1801 958 1878 laedant,
988 1823 1061 1864 cum
1083 1802 1255 1889 peritiores
1281 1798 1386 1864 archi·
1481 1849 1488 1857 .

242 1903 321 1995 tecti
341 1924 446 1989 neque
472 1922 572 1966 aurea
599 1901 766 1966 lacunaria
793 1900 945 1989 ponenda
972 1904 1006 1966 in
1034 1901 1242 1967 bibliothecis
1271 1907 1387 1987 putent

243 2125 304 2174 beia
322 2124 522 2186 uoluminibus,
546 2141 606 2174 mox
631 2129 659 2173 et
676 2123 787 2189 priuata
804 2123 900 2173 linteis
919 2125 1018 2174 conlici
1036 2131 1135 2190 coepta
1154 2130 1202 2174 aut
1220 2124 1301 2174 ceris.
1335 2137 1384 2189 pu-

243 2192 383 2257 gillarium
402 2193 473 2242 enirn
492 2208 570 2241 usum
582 2193 668 2241 fuisse
688 2192 772 2241 etiam
785 2197 850 2241 ante
868 2192 990 2241 Troiana
1003 2198 1126 2258 tempora
1144 2192 1299 2242 iuuenimus
1312 2190 1384 2254 apud

243 2261 405 2320 Homerum3
429 2259 477 2307 illo
496 2274 562 2309 uero
586 2259 719 2324 prodente
742 2275 777 2308 ne
797 2264 898 2308 terram
917 2260 1026 2323 quidem
1045 2262 1132 2325 ipsam
1151 2275 1222 2323 quae
1241 2274 1313 2307 nunc
1331 2260 1382 2306 Ae-

243 2334 343 2392 gyptus
362 2326 518 2392 appelletur
535 2326 719 2390 intellegitur,
744 2342 805 2375 cum
824 2328 852 2375 in
872 2326 1056 2390 Sebennytico
1080 2334 1107 2376 et
1125 2328 1201 2376 Saite
1227 2327 1286 2375 eius
1304 2340 1383 2375 nomo

243 2396 330 2444 omnis
349 2394 445 2443 charta
464 2400 603 2453 nascatur,
622 2398 721 2459 postca
740 2394 940 2458 adaggeratum
958 2395 1030 2456 Nilo,
1049 2395 1184 2459 siquidem
1203 2410 1220 2443 a
1235 2393 1325 2443 Pharo
1343 2393 1384 2441 in·
1408 2442 1413 2450 ,

243 2462 303 2511 sula
322 2477 393 2527 quae
410 2477 482 2510 nunc
503 2461 689 2510 Alexandriae
702 2471 784 2525 ponte
799 2462 922 2525 iungitur
939 2464 1028 2511 noctis
1042 2462 1152 2526 dieique
1166 2460 1275 2511 uelifico
1288 2461 1384 2525 narrigi

243 2544 324 2578 eursu
343 2529 446 2579 afuisse
463 2528 592 2593 prodidit.
628 2544 690 2579 mox
708 2528 894 2578 aemulatione
916 2530 992 2579 circa
1009 2528 1196 2578 bibliothecas
1213 2543 1306 2591 regum
1319 2529 1383 2576 Pto-

240 2596 345 2645 lemaei
369 2602 396 2645 et
419 2596 550 2646 Eumenis
572 2597 759 2660 supprimente
779 2595 891 2646 chartas
913 2596 1072 2645 Ptolemaeo
1095 2597 1168 2645 idem
1190 2596 1277 2645 Varro
1300 2610 1383 2643 mem·

240 2664 344 2713 branae
361 2664 491 2727 Pergami
510 2663 595 2711 tradit
618 2669 751 2727 repertas.
791 2668 890 2727 postea
908 2664 1062 2728 promiscue
1080 2664 1172 2728 patuit
1188 2678 1253 2712 usus
1271 2663 1311 2711 rei
1330 2677 1384 2726 qua

243 2735 353 2779 constat
377 2730 563 2779 inmortalitas
586 2729 732 2778 hominum.
774 2732 912 2796 Papyrum
936 2747 1000 2795 crgo
1023 2732 1148 2780 nascitur
1169 2731 1197 2779 in
1215 2729 1383 2794 palustribus

242 2798 362 2862 Aegypti
381 2803 429 2846 aut
447 2797 652 2860 quiescentibus
670 2797 728 2846 Nili
746 2799 825 2862 aquis
844 2833 939 2848 .......
964 2799 1087 2848 nascitur
1108 2804 1139 2847 et
1161 2799 1189 2846 in
1208 2798 1288 2861 Syria
1306 2798 1384 2847 circa

243 2880 323 2929 quem
343 2862 473 2913 odoratus
491 2863 539 2913 ille
552 2864 675 2913 calamus
697 2864 786 2914 lacum
881 2881 969 2931 nuper
997 2873 1024 2914 et
1049 2866 1076 2914 in
1098 2864 1239 2930 Euphrate
1263 2879 1383 2914 nascerm

243 2933 321 2982 circa
338 2931 509 2995 Babylonem
528 2945 659 2995 papyrum
678 2931 850 2982 intellectum
875 2939 917 2982 est
936 2933 1051 2982 eundem
1075 2948 1155 2982 usum
1178 2931 1280 2982 habere
1304 2931 1383 2982 char-

241 3005 339 3048 tae...
367 3000 554 3063 Praeparatur
577 3014 610 3048 ex
633 3014 664 3048 eo
689 3000 786 3049 charta
809 3001 898 3050 diuiso
921 3016 973 3049 acu
996 3001 1024 3049 iu
1048 2997 1207 3065 praetenuis
1230 3000 1278 3050 scd
1302 3014 1382 3063 quam
1455 3058 1459 3067 ι

241 3067 394 3115 latissimas
423 3063 554 3131 philyrae.
595 3066 769 3131 principatus
792 3067 883 3119 medio
911 3075 994 3132 atque
1022 3068 1085 3117 inde
1112 3069 1250 3117 scissurae
1277 3067 1382 3117 ordine.

188 3168 196 3177 .
240 3133 378 3183 hieratica
398 3133 592 3198 appellabatur
611 3135 764 3198 antiquitus
782 3135 920 3199 religiosis
943 3140 1049 3184 tantum
1072 3135 1258 3185 uoluminibus
1278 3135 1382 3194 dicata,

242 3215 313 3266 quac
332 3200 491 3250 adulatione
510 3202 627 3265 Augusti
640 3217 738 3250 nomen
752 3203 871 3267 accepit,
890 3202 963 3252 sicut
975 3202 1099 3252 secunda
1110 3203 1210 3252 Liuiae
1230 3218 1246 3251 a
1265 3202 1381 3266 coniuge

241 3270 309 3317 eius.
347 3270 387 3317 ita
405 3267 549 3317 descendit
567 3268 703 3318 hieratica
721 3269 749 3319 iu
768 3272 879 3319 tertium
897 3286 1004 3319 nomen.
1033 3285 1192 3334 proxumum
1211 3268 1382 3334 amphithea-

240 3337 330 3385 tricac
343 3336 435 3385 datum
449 3335 541 3384 luerat
554 3351 570 3384 a
584 3337 764 3386 confecturae
777 3336 846 3387 loco.
872 3339 981 3401 excepit
996 3336 1178 3387 hancRomae
1192 3338 1282 3386 Fanni
1295 3350 1383 3400 sagax

239 3402 361 3463 officina,
381 3408 577 3467 tenuatamque
596 3405 705 3453 curiosa
723 3404 935 3469 interpolatione
954 3405 1136 3470 principalem
1149 3406 1218 3454 iecit
1237 3421 1251 3454 e
1270 3404 1382 3469 plebeia

241 3476 269 3519 et
287 3486 386 3519 nomen
404 3470 480 3520 dedit
499 3471 534 3519 ei.
572 3486 642 3534 quae
660 3486 715 3520 uon
734 3478 808 3522 essct
825 3473 866 3521 ita
884 3478 1021 3533 resumta,
1042 3475 1069 3522 in
1087 3488 1136 3522 suo
1156 3474 1257 3522 mansit
1276 3471 1382 3536 amphi-

239 3537 387 3587 theatrica.
423 3542 486 3602 post
503 3537 575 3586 hanc
589 3538 696 3587 Saitica
715 3540 750 3587 ab
768 3540 867 3604 oppido
886 3540 933 3588 ubi
952 3555 1079 3590 maxuma
1098 3540 1230 3590 fertilitas
1250 3557 1282 3590 cx
1301 3539 1380 3588 uilio·

239 3605 315 3655 ribus
333 3607 478 3665 renuentis,
503 3606 665 3671 propiorque
690 3606 839 3656 etiamnum
857 3606 955 3656 cortici
973 3606 1140 3658 Taeniotica
1164 3610 1291 3658 auicino
1309 3606 1380 3668 loce,

240 3673 360 3737 pondere
384 3674 438 3722 iam
461 3672 532 3722 haec
555 3688 610 3722 uon
624 3673 753 3724 bonitate
772 3672 888 3724 uenalis.
925 3689 987 3724 nam
1007 3676 1170 3741 emporitica
1189 3676 1295 3725 inutilis
1313 3674 1380 3724 scri·

325 3859 487 3921 lLiuiana
511 3863 668 3918 Arcaolas:
697 3860 812 3920 libiana
831 3862 945 3921 Monac.
969 3861 1112 3943 Libyana
1138 3866 1218 3938 culpo
1238 3857 1252 3944 11
1272 3862 1381 3922 Liuiae

239 3947 396 4001 Arcoulas:
428 3941 547 4022 Libyae
568 3942 688 4022 (libiae)
717 3947 894 4025 prouinciae
915 3950 983 4006 libri
1000 3942 1014 4025 11
1036 3948 1191 4007 hieranica
1213 3950 1265 4005 Gu.
1294 3941 1382 4028 1113

239 4027 384 4085 tcniotica
409 4029 523 4086 Monac.
551 4032 735 4089 ceoueocica
762 4033 814 4089 Ga.
843 4026 897 4112 111
923 4048 940 4092 4
968 4030 1020 4090 ubi
1045 4052 1098 4089 om.
1126 4034 1240 4089 Moaoc.
1271 4036 1323 4089 Gu.
1353 4038 1378 4092 1.

241 4106 296 4193 211
328 4111 444 4170 Saltica
470 4115 552 4186 vulpe
580 4109 594 4193 11
627 4112 699 4173 Salo
733 4119 815 4190 culpo
839 4109 852 4196 11
883 4125 900 4179 6
929 4117 1095 4195 emptorica
1127 4118 1180 4174 Ga.
1212 4111 1260 4196 lll
1285 4118 1379 4196 scrip·

238 4198 297 4255 tori
326 4199 363 4254 ul.
405 4191 418 4279 11
453 4200 672 4275 Spargameni
701 4201 815 4259 Monac.
850 4218 1035 4279 pergamena
1060 4203 1112 4259 Ga.
1146 4206 1162 4256 1
1196 4202 1381 4278 pergamena

238 4351 291 4493 gu.
306 4353 327 4491 21
340 4343 353 4428 11
371 4347 497 4417 cartulis
513 4353 552 4406 al.
567 4345 581 4431 11
597 4351 684 4429 primi
702 4356 753 4410 Ga.
770 4356 840 4411 2ol.
857 4346 871 4433 11
890 4360 920 4413 la
935 4296 1047 4410 inllibile
1063 4352 1176 4410 Monac.
1192 4320 1256 4433 1114
1271 4361 1381 4431 putent

264 4454 292 4494 u.
