3220 5022
233 428 296 490 294
393 385 404 413 ⁹
742 438 874 479 enarra

319 603 442 650 vunnu
458 608 498 650 ae
509 601 717 649 sponsorum
740 594 772 647 et
794 586 975 666 rauunnu]
998 605 1058 647 uas
1077 583 1171 647 nadis
1194 589 1250 671 qui
1270 588 1378 671 ipsum

236 714 271 755 se
296 697 352 753 aut
381 687 463 751 aliut
489 686 660 772 quodlibet
690 708 749 774 pre
778 685 843 748 alio
876 686 992 767 tradit,
1028 707 1164 771 sponsor
1192 688 1246 773 qui
1277 687 1377 751 alium

235 791 410 877 sponsione
432 810 492 852 sua
511 789 663 875 suscipit,
686 808 780 874 praes
802 788 934 872 praedis
957 789 1013 873 qui
1029 808 1087 873 pre
1109 809 1144 849 se
1165 788 1265 851 alium
1287 810 1378 874 prae-

235 914 310 956 sens
334 892 498 978 praesenti
521 891 601 954 dicit
622 888 655 953 id
680 899 730 953 est
749 888 815 952 dat.

319 1010 458 1057 vesunu
487 1000 520 1055 et
545 992 784 1073 vusrruuura]
814 991 915 1053 uestis
943 991 1073 1076 proprie
1097 990 1290 1054 feminarum
1319 999 1402 1073 est-'v

235 1097 466 1159 uestimentum
488 1095 643 1157 uirorum.

320 1210 458 1258 vvrnvu
479 1211 647 1258 uvurnvu
664 1211 762 1256 vnvu
780 1202 811 1256 et
826 1194 1009 1275 uanrnvu]
1028 1194 1164 1256 auidum
1186 1195 1315 1279 penitus
1332 1197 1379 1258 in-

236 1299 358 1361 feetum
381 1306 446 1381 est,
468 1296 636 1360 madidum
658 1318 699 1359 ex
722 1316 789 1357 una
810 1305 917 1380 parte,
941 1294 1108 1358 humidum
1130 1296 1217 1381 quod
1246 1296 1288 1359 ad
1315 1318 1381 1360 me-

237 1400 326 1463 dium
347 1421 451 1485 usque
473 1399 639 1484 peruenit,
666 1396 767 1460 udum
791 1418 951 1460 sumtuum
971 1404 1094 1459 tactum
1120 1406 1246 1460 tantum
1273 1400 1379 1462 euius·

238 1522 301 1586 que
323 1502 381 1563 rei.
1150 1529 1153 1535 >
1391 1512 1416 1551 *⁰

324 1617 435 1664 vurvs
457 1608 489 1664 et
510 1600 711 1685 vurvsrvu]
734 1608 935 1665 ueturnoue
956 1608 1233 1684 eomparatur-ex
1255 1608 1380 1664 eontra-

239 1704 302 1783 ri0,
323 1710 485 1766 uetustum
510 1701 551 1765 ad
571 1702 798 1786 antiquitatem
822 1700 970 1764 refertur.

325 1820 387 1866 vlu
409 1819 510 1866 vlnus
530 1813 562 1866 et
585 1805 778 1886 vrnrv'ruu]
800 1803 852 1865 uis
871 1803 1010 1866 iniuriae
1026 1810 1093 1885 est,
1116 1803 1204 1865 uires
1227 1805 1381 1888 eorporis,

239 1907 344 1969 uirtus
368 1906 478 1987 animi.

325 2023 494 2071 vnrouuu
520 2016 553 2070 et
574 2007 762 2088 vrunrcuu]
790 2005 977 2068 ulciscimur
999 2026 1059 2069 nes
1086 2014 1224 2092 aeeepta
1250 2007 1381 2090 iniuria,
1392 2027 1415 2066 a

238 2110 445 2174 uindiesmus
468 2130 508 2170 ue
531 2109 739 2194 accipiamus.

323 2225 464 2273 vaauen
486 2219 518 2273 et
539 2211 739 2293 Ruvuunou]
759 2229 876 2271 uereor
896 2208 937 2271 ad
959 2216 1081 2272 metum
1102 2209 1260 2292 refertur,
1291 2234 1382 2275 reue-

239 2333 313 2375 reor
334 2311 377 2374 ad
397 2312 560 2375 affectum.

323 2501 435 2551 Vestem
454 2506 482 2550 et
499 2497 678 2567 uestimenta]
695 2500 718 2547 G
736 2517 761 2564 p.
781 2498 814 2547 92
832 2515 858 2548 n.
872 2498 918 2549 3⁴:
939 2499 1046 2549 ‘Vestes
1065 2499 1228 2550 feminarum
1246 2502 1382 2564 dicuntur,

239 2571 407 2619 uestimenta
424 2566 562 2619 uirorum.'
598 2569 625 2618 H
643 2585 669 2633 p.
692 2567 731 2617 ll:
759 2568 866 2617 ‘Vestes
890 2567 1050 2616 feminarum
1068 2568 1210 2631 dicuntur,
1234 2570 1382 2620 uestimen-
1445 2586 1447 2590 ·

237 2642 295 2686 turn
313 2636 452 2686 uirorum.'

325 2705 443 2753 Vuidum
465 2703 603 2753 humidum
627 2704 708 2753 udum
733 2708 761 2752 et
783 2697 934 2767 madidum]
956 2702 979 2751 G
1003 2719 1029 2767 p.
1047 2700 1081 2751 92
1105 2718 1131 2752 n.
1151 2702 1196 2753 35:
1222 2704 1383 2755 ‘Humidum

240 2772 350 2822 omniuo
368 2772 533 2836 permaduit,
552 2772 664 2820 uuidum
683 2771 753 2835 quod
772 2771 806 2819 sd
825 2769 943 2819 medium
961 2784 1047 2834 usque
1066 2771 1212 2835 peruenit’
1247 2772 1273 2820 H
1293 2790 1317 2837 p.
1339 2773 1382 2822 ll:

241 2840 350 2888 uuidurn
369 2840 480 2904 penitus
502 2839 671 2903 permaduit,
696 2837 834 2887 humidum
853 2838 924 2902 quod
942 2853 1027 2902 usque
1047 2838 1082 2887 ad
1100 2839 1217 2889 medium
1237 2840 1382 2905 peruenit)

325 2908 411 2954 Vetus
431 2912 458 2955 et
475 2903 626 2969 uetustum]
639 2906 663 2955 G
681 2923 707 2970 p.
725 2903 759 2953 92
776 2922 802 2954 n.
822 2903 867 2955 dd:
889 2906 984 2954 ‘Vetus
1002 2921 1072 2955 neue
1092 2913 1267 2970 eomparatur
1285 2924 1299 2957 e
1319 2924 1382 2958 eon·

241 2976 327 3024 trsrie
346 2974 385 3034 (id
405 2980 447 3023 est
470 2975 608 3022 centrario
634 2973 777 3036 domasa),
806 2978 944 3023 uetustum
968 2974 1003 3021 ad
1026 2974 1222 3037 antiquitatem
1244 2975 1382 3025 refertur)

241 3043 268 3091 H
280 3059 306 3106 p.
329 3040 372 3089 12:
393 3042 488 3090 ‘Vetus
506 3057 577 3091 nouo
596 3046 771 3106 eomparatur
788 3041 816 3090 id
830 3047 873 3091 est
891 3041 1044 3101 centrario,
1063 3047 1202 3091 uetustum
1215 3043 1250 3092 ad
1264 3045 1382 3108 antiqui·-

240 3114 328 3159 tatem
346 3108 485 3158 refertur)

327 3177 397 3236 Vim,
416 3177 490 3227 uires
509 3182 538 3225 et
554 3177 686 3227 uirtutem
713 3176 738 3226 G
755 3193 782 3242 p.
804 3175 850 3225 101
863 3192 890 3225 n.
912 3174 972 3225 176:
993 3177 1082 3226 ‘Vires
1096 3178 1218 3242 eorporis
1237 3184 1308 3239 suut,
1327 3180 1382 3228 uir-

241 3249 316 3294 tutes
334 3243 438 3294 animi)
459 3245 482 3293 G
500 3261 527 3309 p.
549 3243 597 3293 102
615 3261 640 3294 n.
663 3244 673 3293 l
718 3263 723 3293 :
750 3246 808 3293 ‘Vis
825 3245 931 3309 impetu
950 3249 978 3293 et
995 3244 1098 3293 iniuria
1117 3252 1237 3303 constat,
1256 3249 1330 3295 uires
1349 3246 1383 3297 ud

241 3313 341 3362 benum
361 3317 390 3404 et
406 3313 594 3362 fortitudinem
606 3313 728 3377 corperis
740 3313 909 3373 referuntum
927 3312 1024 3382 ita-uis
1037 3312 1107 3361 fauit
1120 3313 1291 3375 uiolentiam,
1310 3314 1385 3363 uires

240 3380 379 3430 uitiosum.

326 3447 448 3498 Vltorem
472 3453 500 3497 et
523 3443 675 3513 uindicem]
696 3446 719 3497 G
743 3466 767 3512 p.
788 3446 835 3496 101
861 3464 886 3495 n.
915 3444 974 3496 179:
1002 3447 1183 3497 ‘Vleiseimur
1200 3465 1249 3499 nos
1268 3456 1385 3515 accepta

161 3534 165 3540 ·
241 3516 358 3576 iniuria,
382 3515 555 3565 uindieamus
574 3532 607 3565 ne
628 3513 817 3579 accipiamus)
854 3515 919 3580 Hp.
938 3514 985 3563 ⁴21:
1005 3514 1180 3566 ‘Vleiseimur
1198 3532 1247 3567 nos
1267 3518 1401 3581 aecepta'

235 3584 358 3643 iniuria,
378 3583 550 3633 uindicemus
568 3599 619 3632 nee
639 3581 828 3648 accipiamus)
864 3582 875 3631 l
895 3580 957 3631 580:
985 3582 1159 3633 ‘Viciseimur
1176 3584 1306 3634 iniuriam
1326 3586 1383 3633 fae-

241 3656 308 3711 tarn,
326 3651 500 3700 uindieamus
517 3667 552 3699 ue
571 3649 640 3700 fiat!
675 3651 698 3700 F
717 3668 743 3715 p.
762 3650 824 3700 347:
846 3650 929 3700 ‘Vltio
947 3650 1073 3699 uindicat
1092 3651 1211 3705 factunm
1230 3650 1384 3703 uindicatie

241 3720 333 3767 futura
351 3719 492 3783 prohibet,
518 3719 580 3767 ideo
599 3718 674 3768 Mars
693 3718 765 3767 ultor
783 3734 837 3767 uon
854 3718 956 3768 uindex
974 3716 1095 3768 dieitur)

325 3786 429 3835 Vereor
447 3791 475 3835 et
492 3781 632 3852 reuereor]
653 3784 677 3835 G
695 3804 720 3851 p.
743 3784 788 3835 101
808 3802 834 3835 n.
856 3784 916 3835 187:
942 3786 1055 3835 ‘Vereor
1077 3787 1112 3836 ad
1137 3793 1237 3837 metum
1256 3788 1383 3849 refertur,

240 3867 371 3903 reuereor
388 3853 424 3902 ad
442 3852 590 3904 effectum!

330 4023 434 4083 luade
448 4026 481 4081 M
500 4017 514 4103 ΙΙ
534 4043 680 4101 sponsore
695 4024 729 4080 M
748 4016 761 4103 ΙΙ
781 4042 836 4081 uas
854 4020 941 4080 uadis
958 4024 1009 4102 qui
1024 4024 1122 4102 ipsum
1139 4030 1260 4099 scripsi:
1289 4023 1387 4083 uades

243 4109 294 4186 qui
308 4127 363 4165 uas
376 4108 475 4187 ipsum
487 4110 520 4164 M
532 4128 588 4166 uas
604 4109 656 4188 qui
673 4108 771 4186 ipsum
788 4109 909 4165 Retdius
924 4103 937 4188 il
952 4117 969 4168 2
984 4109 1077 4166 tardit
1094 4112 1127 4167 M
1140 4104 1153 4189 ΙΙ
1169 4120 1286 4187 3praes
1299 4130 1386 4186 prae-

243 4192 289 4250 dis
304 4196 425 4265 scripsi:
445 4190 576 4269 praedes
588 4194 620 4249 M
633 4212 723 4270 praes
740 4195 861 4250 liutbtus
877 4186 890 4273 11
908 4206 925 4252 4
940 4192 1013 4250 dicit
1029 4194 1060 4251 id
1077 4202 1123 4252 est
1138 4197 1275 4251 Mettius:
1293 4193 1387 4252 du.et

242 4275 321 4334 idem
339 4279 373 4334 M
384 4271 427 4357 ΙΙΊ
447 4276 572 4335 uuidum
585 4279 708 4355 penitus
724 4278 871 4337 infectum
890 4286 937 4334 est
953 4280 1090 4335 Rutilius:
1116 4277 1251 4336 umidum
1264 4279 1387 4357 ponitur

242 4361 389 4419 infectum
408 4369 438 4418 et
457 4363 490 4417 M
503 4355 549 4441 118
568 4361 802 4441 quodemedium
817 4364 852 4418 M
869 4361 883 4433 V
907 4372 940 4424 13
953 4363 1013 4420 uim
1030 4364 1168 4420 aarum:
1201 4364 1248 4421 uis
1266 4364 1299 4420 M
1317 4356 1331 4444 ΙΙ
1356 4370 1386 4424 17

242 4463 369 4503 uereeer
391 4447 425 4503 M
437 4440 450 4529 {l
467 4465 627 4505 reuereeer
648 4449 681 4503 M
693 4442 707 4529 ΙΙ
721 4464 850 4504 uereeor
866 4446 899 4503 M
909 4441 924 4527 l}
938 4466 1101 4507 reuereeor
1116 4448 1151 4506 M
