3186 4996
240 408 281 480 ll)
613 434 656 481 aa
680 438 766 481 vrars
790 438 1004 484 ranvsrmnvs

240 585 408 649 ehilochus
431 596 463 649 et
484 584 679 672 Hipponax,
712 585 799 672 apud
821 586 985 651 Romanos
1008 587 1156 653 Lucilius
1179 600 1210 654 ot
1233 585 1383 655 Catullus

239 695 271 749 et
292 686 450 751 Horatius
469 697 502 750 et
522 685 712 751 Bibaculus.
801 696 806 707 '

324 815 361 852 *r
385 786 504 852 Satara
526 788 646 851 dicitur
671 811 800 853 carmen
825 788 917 874 apud
942 789 1107 854 Romanos
1138 813 1225 856 nunc
1251 792 1380 878 quidem

238 887 434 951 maledicum
456 889 553 952 etad
582 890 747 975 carpenda
770 890 935 953 hominum
964 893 1045 955 uitia
1072 892 1229 957 archaeae
1255 910 1380 957 comoe-

238 989 311 1053 diae
339 987 527 1054 charactere
556 993 774 1076 conpositum,
815 992 912 1076 quale
942 993 1145 1078 scripserunt
1171 994 1319 1057 Lucilius
1348 1002 1402 1057 ets

236 1089 394 1155 Horatius
416 1100 460 1154 et'
476 1090 620 1155 Persius.
665 1092 723 1156 sed
750 1092 827 1156 olim
850 1114 981 1156 carmen
1010 1094 1097 1179 qaod
1117 1078 1283 1161 uiuariis
1306 1112 1380 1181 poa·

236 1191 378 1256 mutibus
407 1192 579 1256 constabat
608 1203 719 1257 satura
740 1194 936 1275 uocabatur,
968 1194 1062 1280 quale
1088 1192 1290 1281 scripserunt
1318 1194 1380 1257 Pa·

236 1293 351 1357 caaius
375 1302 408 1355 et
428 1292 567 1357 Ennius.
611 1304 721 1358 satura
743 1303 850 1363 autom
873 1295 961 1358 dicta
988 1298 1059 1360 siue
1083 1318 1104 1359 a
1126 1298 1260 1383 satyris,
1292 1295 1380 1383 qaod

217 1392 386 1481 ‚similiter
406 1394 440 1456 in
459 1394 520 1458 hoc
543 1391 687 1458 carmine
709 1394 869 1459 ridiculae
891 1417 943 1459 res
964 1396 1200 1483 pudendaeque
1217 1396 1379 1474 dicuntur,

236 1516 320 1581 qaae
351 1494 442 1558 uelat
475 1516 495 1558 a
528 1495 648 1582 satyris
681 1495 891 1581 proferuntur
917 1505 950 1561 et
975 1496 1071 1561 fiunt:
1114 1499 1184 1563 siue
1217 1506 1342 1578 satura*¹
1358 1518 1413 1563 aro

148 1642 151 1653 .
235 1595 344 1676 lance,
376 1617 460 1682 qaae
481 1597 604 1660 referta
626 1598 729 1661 uariis
751 1597 927 1684 multisque
949 1584 1102 1685 primitiis
1124 1599 1157 1662 in
1178 1619 1272 1663 sacro
1291 1598 1378 1686 apud

233 1699 359 1782 priscos
380 1696 431 1761 dis
449 1697 667 1777 inferebatur,
689 1708 753 1765 eta
772 1699 867 1786 copia
885 1721 924 1763 ac
940 1701 1108 1763 saturitate
1129 1702 1176 1763 rei
1197 1709 1308 1764 satura
1323 1721 1378 1763 uo·

234 1797 386 1879 sabatar3
431 1800 524 1863 caius
556 1800 687 1884 generis
717 1790 860 1863 lancium
894 1809 928 1865 et
956 1799 1122 1884 Vergilias
1151 1801 1185 1864 in
1214 1802 1377 1885 georgicis

234 1900 397 1978 meminit,
421 1921 495 1963 cum
515 1901 576 1964 hoc
598 1899 697 1965 modo'
717 1900 812 1964 dicit:

332 2066 337 2077 ,
385 2001 534 2065 lancibus
557 2011 590 2064 et
610 2000 727 2087 pandis
751 2002 912 2066 laniantia
935 2000 1100 2066 reddimus
1122 2011 1199 2069 exta
1226 2070 1231 2080 ,
1326 2029 1331 2035 ·
1388 2030 1411 2070 a

232 2108 265 2164 et

688 2203 864 2292 lancesque
887 2215 918 2268 et
939 2204 1006 2269 liba
1029 2204 1185 2267 feremus:

302 2390 362 2457 lsq.
382 2393 571 2454 Quintilianus
589 2394 613 2442 X
635 2392 661 2455 1,
681 2392 728 2442 titt:
767 2394 888 2443 ‘iambus
906 2409 960 2443 non
978 2408 1046 2442 sans
1066 2406 1082 2440 s
1101 2392 1230 2441 Romanis
1250 2392 1374 2441 celebra·

231 2464 275 2508 tas
294 2464 337 2509 est
359 2465 390 2508 ut
408 2461 546 2525 proprium
569 2476 647 2525 opus,
675 2461 846 2525 quibusdam.
858 2462 1050 2526 interpositus;
1088 2460 1167 2509 cuias
1186 2460 1326 2509 acerbitas
1346 2461 1373 2509 in

192 2557 196 2563 -
231 2525 342 2618 Catullo
360 2528 496 2576 Bibaculo
520 2528 650 2590 Horatio,
676 2544 841 2594 quamquam
865 2529 905 2577 illi
930 2529 1031 2593 epodos
1051 2528 1234 2590 interueniat‚
1253 2529 1373 2592 reperie-

226 2599 280 2643 tar.

314 2662 390 2726 3-p.
404 2663 475 2723 ‘22⁸2
493 2661 584 2711 Scirol.
598 2663 674 2711 Pers.
690 2664 749 2713 cod.
763 2665 846 2711 llern.
860 2662 909 2711 oon
923 2680 937 2711 e
951 2664 1136 2729 descriptione
1150 2661 1244 2712 lebni:
1259 2662 1374 2726 ‘Satyra

230 2744 316 2793 genus
336 2736 378 2778 est
395 2730 485 2778 lancis
503 2730 590 2779 uariis
612 2730 719 2793 frugum
744 2730 893 2794 generibus
912 2730 1022 2795 plenum
1046 2746 1116 2795 quas
1139 2732 1244 2780 referta
1267 2730 1373 2779 sacrifi·

231 2798 283 2845 ciis
306 2798 408 2846 Veneri
432 2798 577 2846 consueuit
600 2798 705 2846 inferri.
731 2798 806 2847 diota
831 2804 923 2847 autem
942 2799 1030 2848 satira
1048 2815 1065 2847 a
1083 2799 1233 2848 saturitate
1256 2798 1274 2846 i.
1295 2813 1318 2846 e.
1338 2798 1373 2845 ab

229 2864 435 2926 habundantia,
461 2865 531 2913 unde
556 2865 584 2913 in
609 2864 691 2913 clroro
714 2866 811 2921 Liberi
834 2867 921 2930 patris
947 2868 1064 2915 ministri
1087 2867 1152 2914 uino
1177 2870 1259 2929 atque
1284 2864 1373 2929 opalis

228 2931 304 3045 ploni
327 2934 414 2981 saturi
434 2931 659 2996 appellabantur:
692 2933 754 2982 inde
778 2933 910 2998 scriptum
929 2935 1064 2997 poematis
1083 2934 1190 2982 satirici
1215 2933 1287 2981 hunc
1307 2933 1372 2981 titu-

240 3014 285 3046 um
311 3000 419 3063 accepit
444 3000 514 3062 qaod
538 3000 663 3063 personis
687 3002 827 3065 factisque
854 3002 959 3050 satiata
979 3002 1119 3050 abundare
1139 3000 1220 3049 uideo
1238 3002 1268 3063 (i.
1289 3016 1311 3049 c.
1331 3001 1372 3048 ai·

228 3064 330 3127 detur).
362 3066 412 3114 Vel
432 3072 527 3129 satyra
546 3067 648 3116 dicitur
667 3069 738 3133 apud
753 3070 890 3117 Romanos
905 3070 1015 3117 carmen
1027 3068 1193 3117 maledicum
1212 3074 1240 3116 et
1258 3068 1293 3116 ad
1313 3083 1372 3116 car·

227 3133 317 3196 penda
335 3132 474 3182 homiuum
492 3135 563 3182 uitia
583 3137 762 3200 compositum
782 3136 862 3200 quale
882 3138 1052 3200 scripserunt
1065 3136 1189 3185 Lucilius
1207 3136 1331 3195 horatius
1345 3140 1373 3184 et

227 3201 342 3264 persius.
368 3205 398 3250 at
416 3201 479 3251 olim
499 3218 610 3251 cannen
630 3203 700 3267 quod
720 3220 734 3251 e
753 3205 841 3251 trariis
859 3205 1032 3268 poematibus
1051 3203 1200 3252 constabat
1218 3203 1306 3253 satira
1324 3218 1371 3251 uo·

228 3267 345 3317 sabatur
369 3269 450 3334 quale
474 3270 644 3334 scripserant
667 3272 801 3335 poouuius
827 3277 855 3320 et
874 3271 982 3320 emilius
1006 3273 1088 3333 (trama
1107 3268 1234 3325 Eunias).
1272 3270 1373 3333 Satyra

228 3339 320 3384 autem
339 3337 415 3386 dicta
434 3338 493 3385 siue
513 3353 529 3385 a
548 3339 649 3401 satyris
668 3338 739 3402 quod
757 3338 886 3388 similiter
904 3339 931 3387 in
952 3338 1004 3388 hoc
1029 3340 1151 3387 carmine
1171 3337 1305 3387 ridiculae
1330 3354 1371 3387 rc·

226 3405 402 3469 spuendeque
422 3402 453 3469 (1.
472 3421 494 3454 e.
516 3421 561 3453 res
580 3405 797 3476 pudendaeque)
817 3407 944 3455 dicuntur
963 3407 1041 3470 quasi
1061 3406 1137 3454 uelut
1157 3421 1172 3454 a
1191 3407 1293 3469 satyris
1310 3422 1370 3470 pro·
1414 3410 1424 3426 ’

227 3472 352 3521 serantur
374 3474 434 3521 siue
458 3488 475 3520 a
499 3478 593 3522 satura
618 3472 713 3533 lance,
738 3489 808 3537 quae
834 3476 938 3523 referta
960 3474 1047 3522 uariis
1071 3473 1217 3538 multisque
1242 3474 1371 3538 primitiis

226 3538 279 3588 diis
303 3541 475 3589 inserebatur
498 3546 526 3589 ot
550 3556 566 3589 s
590 3541 671 3604 copia
695 3548 723 3589 ct
747 3556 763 3589 a
787 3542 920 3590 satietate
946 3543 984 3590 rei
1000 3547 1104 3615 ⁸satura
1122 3541 1284 3590 uocabatur.
1322 3540 1371 3589 alii

226 3612 318 3657 satem
337 3608 439 3657 dictam
458 3614 557 3673 patant
576 3623 592 3656 a
610 3608 672 3671 lege
692 3610 793 3669 satira,
819 3623 889 3672 quae
909 3624 962 3658 uno
987 3614 1086 3674 rogatu
1111 3609 1197 3658 multa
1221 3607 1299 3657 simul
1324 3624 1369 3655 oa·

224 3675 333 3739 piabat,
355 3676 425 3740 quod
443 3675 554 3725 scilicet
572 3675 600 3724 in
618 3675 773 3724 huiusmodi
793 3677 914 3726 carmine
939 3676 1025 3733 mults
1043 3682 1174 3742 poemata
1192 3674 1369 3740 comprehen-

310 3875 323 3924 1
341 3863 459 3921 catulus
474 3865 561 3921 ΑΒΜ
573 3858 586 3944 11
602 3872 618 3923 2
632 3864 792 3922 uiuaculus
816 3866 902 3921 ΑΒΜ
921 3858 934 3944 11
956 3874 973 3927 3
987 3865 1101 3943 Satyra
1123 3864 1210 3920 ΑΒΜ
1228 3856 1241 3943 11
1257 3848 1369 3941 Satyra

225 3954 272 4004 est
288 3951 409 4005 carmen
427 3948 509 4026 apud
526 3968 666 4006 romanos
687 3969 746 4006 noa
764 3948 886 4028 quidem
908 3948 988 4026 apud
1005 3968 1142 4025 graecos·
1150 3946 1333 4005 maledicum
1353 3965 1371 4015 ς

222 4029 231 4109 11
250 4031 412 4091 sareheae
428 4035 515 4089 ΑΒΜ
525 4026 571 4114 115
589 4034 696 4113 quales
711 4035 770 4090 AM
782 4029 826 4114 115
845 4032 900 4091 sed
916 4038 1037 4106 scripsi:
1057 4041 1088 4090 et
1107 4021 1194 4089 ΑΒΜ
1205 4026 1248 4112 117
1264 4040 1369 4111 satyra

226 4117 287 4172 ΒΜ
302 4116 396 4174 satira
411 4122 434 4174 A
454 4111 467 4198 11
488 4117 595 4196 quales
612 4121 665 4175 AB
679 4112 692 4196 11
707 4128 725 4179 8
743 4126 848 4197 satyra
869 4119 957 4175 ΑΒΜ
967 4111 980 4197 11
999 4128 1031 4177 10
1047 4126 1153 4192 satyra
1171 4136 1190 4174 a
1207 4117 1294 4173 lance
1316 4118 1369 4172 AB

222 4210 329 4280 satyra
340 4201 422 4259 laute
439 4204 472 4258 Μ
486 4222 504 4259 a
516 4210 621 4279 satyra
635 4201 724 4259 lance
744 4223 761 4271 ς
775 4199 788 4281 11
805 4213 831 4262 11
852 4203 883 4259 in
899 4203 994 4259 sacris
1011 4192 1132 4259 Cereris
1148 4199 1336 4258 inferebatur
1353 4221 1370 4269 ς

221 4280 230 4366 11
252 4294 283 4345 12
297 4287 412 4364 priscos
428 4286 485 4345 diis
508 4288 571 4342 ΒΜ
585 4285 749 4364 priscordis
767 4292 790 4344 A
811 4282 824 4368 11
846 4306 883 4345 ac
902 4305 953 4344 om.
974 4288 1036 4342 ΒΜ
1048 4282 1061 4366 11
1076 4296 1182 4363 satyra
1197 4286 1255 4341 AM
1275 4283 1369 4343 satira

222 4459 280 4513 394

223 4373 250 4426 Β
265 4365 279 4450 11
296 4383 325 4433 15
338 4367 486 4449 lancibus]
511 4372 594 4444 Verp.
605 4388 703 4446 paorp.
720 4373 757 4429 II
773 4366 857 4460 19st
872 4378 904 4433 17
919 4367 1097 4450 lancesque]
1121 4371 1206 4445 Verp.
1220 4388 1318 4444 peorp.
1336 4372 1373 4427 II

1489 3215 1500 3241 l
