3220 5022
252 419 314 482 354
530 432 723 474 onssaoavu
746 433 911 473 nisaoavu
935 432 1109 480 ascrovrns

252 582 329 666 quia
358 581 400 642 sit
428 581 639 663 conspositurn
668 601 688 641 a
714 578 794 642 chao
822 580 915 641 initio
939 601 1057 641 rerum.
1107 577 1165 640 sed
1194 577 1329 641 Verrius
1358 586 1390 639 et

252 680 391 743 Flaccus
420 682 454 743 in
476 690 641 765 postrema
668 678 796 763 syllaba
823 678 1034 765 aspirandum
1057 679 1293 764 probauerunt:
1337 678 1389 740 co·
1419 745 1426 757 ι

251 782 328 845 hum
357 783 441 845 onim
472 781 561 867 apud
587 792 714 844 ueteres
741 781 898 844 mundum
928 779 1107 864 significat3
1145 779 1220 841 inde
1248 786 1389 840 tractum

252 882 415 946 incohare.
464 881 675 969 Tranquillus
708 905 836 969 quoque
865 882 914 943 his
948 881 1180 957 adsentiens†
1209 881 1272 942 iam
1302 878 1389 942 bello

251 1005 310 1047 suo
332 982 520 1069 plenissime
543 984 638 1046 edere
661 985 812 1046 incohata
832 984 996 1046 disseruit.
1316 1013 1336 1053 ‚
1398 1001 1410 1038 s

252 1239 534 1313 HISTORIAE
565 1239 717 1314 CVIVS
750 1238 975 1317 TITVLVS
1001 1238 1261 1312 INCERTVS
1290 1236 1388 1311 EST

675 1376 959 1466 RELIQVIAE

144 1530 248 1602 208*
342 1544 402 1605 On.
426 1542 599 1628 Pompeius
621 1544 760 1628 hlagnus
783 1546 884 1607 oritur
905 1549 943 1620 (a.
967 1552 1048 1622 648).

253 1731 355 1781 Paulus
373 1730 451 1780 Festi
468 1747 494 1795 p.
513 1730 558 1779 39:
579 1730 692 1779 ‘Cohum
711 1738 811 1796 poetas
830 1731 934 1781 eoelum
948 1732 1074 1781 dixerunt
1093 1747 1110 1780 a
1128 1731 1205 1791 chao,
1227 1747 1260 1779 ex
1278 1745 1330 1793 quo
1343 1734 1389 1793 pu·

254 1805 314 1848 tant
333 1799 438 1847 coelum
457 1797 579 1847 lactum'
616 1800 662 1847 uhi
681 1800 711 1848 (3.
731 1800 763 1847 Ο.
784 1800 915 1849 Miillerus
934 1800 1003 1848 haec
1023 1800 1151 1847 adnotat:
1172 1798 1324 1855 ‘Turnebus
1343 1796 1390 1845 ad·

253 1883 324 1916 vers.
344 1867 392 1914 XX
412 1866 456 1927 29,
476 1867 522 1914 ubi
541 1867 672 1915 Varronis
691 1867 724 1915 de
744 1867 819 1915 Chao
838 1873 865 1915 et
884 1868 962 1915 caelo
981 1868 1069 1915 locum
1089 1866 1228 1925 emendat,
1248 1870 1390 1929 postquam

254 1934 287 1983 do
310 1934 415 1982 serbis:
455 1935 515 1997 Ego
539 1935 628 1998 magis
653 1951 676 1982 c.
701 1951 727 1998 q.
746 1950 766 1983 s.
798 1935 886 1993 dixit,
917 1936 1020 1998 pergit:
1057 1935 1085 1982 iu
1109 1934 1298 1997 antiquissimo
1322 1931 1391 1980 libro

254 2001 400 2050 clarissimi
424 2002 475 2049 viri
499 2002 613 2050 llcnrici
632 2003 753 2051 Memmii
771 2003 811 2051 ita
829 2003 959 2067 scriptum
985 2003 1086 2064 reperi:
1111 2016 1176 2049 cous
1199 2007 1240 2049 est
1259 2015 1311 2063 quo
1329 2015 1390 2047 oae-

253 2069 308 2117 lum
332 2070 499 2130 continetur,
531 2070 600 2117 unde
623 2070 741 2118 Ennius:
784 2070 835 2118 Vis
858 2071 946 2119 solum
968 2069 1104 2133 complere
1129 2069 1224 2117 cohum
1243 2068 1391 2116 terroribus

255 2134 347 2185 each!
384 2136 476 2201 glossa
499 2142 614 2201 recepta
638 2142 680 2185 est
704 2154 736 2186 ex
759 2137 858 2186 Isidori
882 2138 928 2185 lib.
953 2137 986 2185 de
1010 2143 1110 2185 natura
1132 2152 1220 2185 rerum
1243 2134 1286 2194 12,
1314 2134 1338 2183 3.
1358 2135 1390 2195 Q.

253 2203 400 2252 Terentius
419 2203 537 2253 Scaurus
556 2204 589 2252 de
609 2204 805 2269 orthographia
823 2222 849 2269 p.
869 2204 933 2251 ‘2251
948 2204 983 2253 P:
1015 2204 1218 2267 ‘Recorrigitur
1236 2218 1299 2250 uero
1318 2203 1391 2263 (seri-

254 2271 330 2320 demli
351 2272 431 2332 ratio)
455 2272 557 2335 regulis
583 2273 682 2320 tribus:
708 2272 824 2321 historia
846 2272 1045 2333 originatione,
1071 2286 1150 2334 quam
1170 2271 1270 2319 Graeci
1295 2260 1390 2333 ἔτυμο-

254 2337 355 2403 teylav
373 2339 524 2403 appellant,
543 2341 728 2403 proportione,
748 2356 818 2404 quae
838 2340 943 2388 Graece
963 2331 1104 2402 ἀναλογία
1123 2338 1230 2386 dieitur.
1262 2343 1290 2385 ct
1308 2337 1391 2385 histo-

255 2408 297 2455 ria
316 2406 432 2469 quidem,
451 2413 483 2455 ut
501 2422 561 2455 oum
579 2408 627 2455 scd
646 2423 694 2470 per
713 2408 890 2456 nouissimam
908 2407 1028 2457 litteram
1048 2405 1239 2465 ascribimus,
1265 2405 1392 2469 quoniam

256 2474 362 2537 antiqui
386 2474 479 2522 sedum
497 2475 624 2523 dixerunt
648 2480 677 2523 et
700 2491 748 2539 per
767 2476 949 2524 abscisionem
967 2489 1032 2538 pars
1055 2474 1225 2521 remanserit.
1263 2478 1292 2520 at
1309 2472 1391 2535 origi-

255 2542 381 2602 natione,
407 2545 437 2588 ut
460 2556 519 2590 cum
544 2542 659 2591 dicimus
677 2542 809 2591 inchoare
834 2558 894 2591 eum
914 2542 1102 2604 adspiratione
1120 2540 1307 2600 scribendum,
1328 2555 1392 2603 quo·

254 2611 328 2658 ulam
342 2623 358 2656 a
372 2607 441 2656 chao
455 2609 566 2670 dietum,
587 2609 657 2675 quod
677 2610 760 2658 fuerit
772 2611 879 2658 initIum
893 2611 1011 2659 omnium
1024 2606 1131 2658 rerum?
1158 2608 1266 2657 »Probus
1279 2620 1391 2671 gramm.

157 2686 164 2699 ¹
256 2678 320 2725 inst.
333 2676 361 2723 II
374 2692 400 2740 p.
417 2675 481 2724 1486
493 2677 527 2723 P:
549 2677 601 2725 ‘Ho
613 2677 718 2741 primae
732 2684 783 2739 est,
798 2677 954 2738 bonifacia,
973 2684 1003 2725 ut
1015 2676 1113 2725 incoho
1127 2675 1241 2724 incohas
1254 2674 1391 2723 ineohauI.

256 2743 365 2807 quidam
384 2748 482 2806 putant
500 2743 630 2793 inchoare
649 2744 705 2793 diei
724 2745 936 2808 imperitissime.
972 2760 1036 2792 narn
1053 2758 1140 2808 neque
1160 2748 1221 2807 post
1240 2742 1391 2790 elittcram

255 2811 273 2858 h
291 2810 379 2858 latins
397 2810 482 2858 uerba
500 2818 600 2873 regunt
617 2812 740 2875 canopus
757 2812 912 2860 nominibus
929 2813 1025 2871 trihus,
1045 2826 1116 2875 quae
1134 2811 1316 2875 supraposui,
1334 2809 1393 2873 pul·

257 2877 323 2926 cher
341 2876 438 2925 orchus
456 2878 560 2939 lurcho,
580 2894 668 2941 nequo
688 2896 703 2927 o
721 2878 815 2928 littera
834 2886 898 2929 ante
917 2896 932 2929 o
951 2880 1067 2928 alterum
1085 2879 1231 2927 latInorum
1249 2878 1392 2926 uerborum

256 2945 345 3009 prima
363 2959 481 3007 persona
499 2947 642 3009 reperitur,
663 2946 711 2994 sed
730 2947 795 2995 illac
814 2953 870 2996 tres
887 2947 1010 3008 uocales,
1031 2962 1098 3011 quas
1117 2951 1181 2994 ante
1200 2946 1281 2993 docui
1300 2961 1314 2993 o
1334 2945 1342 2992 i
1360 2960 1392 3001 u;

256 3027 320 3061 narn
343 3026 395 3059 uec
419 3026 436 3059 a
459 3028 511 3061 nee
535 3029 559 3061 o.
601 3014 686 3089 igitur
709 3014 778 3077 quod
802 3015 915 3064 Plautus
939 3016 1030 3079 posuit
1051 3014 1134 3063 reboo
1157 3028 1211 3062 non
1235 3013 1320 3061 latiae
1345 3011 1393 3060 sed

257 3094 357 3144 graece
376 3081 479 3142 posuit:
500 3078 557 3144 doni
574 3078 643 3144 βοᾳς
661 3081 731 3129 unde
751 3081 932 3130 deriuatiuunr
951 3082 1035 3130 reboo
1053 3082 1160 3130 reboas.
1197 3096 1258 3128 narn
1278 3080 1393 3128 latinum

255 3147 369 3195 uerbum
388 3162 403 3194 o
423 3152 487 3195 ante
506 3164 521 3197 o
539 3148 644 3197 habens
664 3165 807 3213 numquam
820 3151 962 3214 reperitur.
1000 3149 1099 3197 tertiae
1112 3163 1178 3197 rrero
1191 3147 1394 3211 coniugatiouis

257 3218 399 3277 correptae
424 3215 510 3263 uerba
532 3216 567 3265 ho
590 3217 738 3265 terminata
755 3219 784 3266 xi
802 3217 909 3266 faciunt
931 3218 1024 3281 specie
1042 3215 1182 3281 perlecta:
1210 3214 1289 3263 traho
1307 3214 1394 3277 trahis}

256 3283 339 3345 traxi,
358 3282 428 3331 ueho
447 3283 525 3333 uehis
542 3283 625 3333 uerri)

341 3346 414 3403 208*
431 3351 615 3416 Hieronymus
634 3351 677 3400 Ol.
699 3350 755 3413 168,
775 3351 800 3401 3.
835 3352 942 3403 Plinius
959 3352 991 3400 N.
1010 3352 1046 3401 H.
1064 3350 1202 3413 XXXVII,
1224 3349 1263 3399 ll.

346 3516 354 3565 1
377 3525 396 3562 a
415 3505 491 3564 chao
510 3526 541 3574 ς.·
571 3505 647 3565 acho
663 3526 737 3564 acoo
759 3508 821 3562 ΒΜ
841 3500 854 3585 ll
876 3507 977 3565 verius
994 3513 1024 3563 et
1041 3505 1152 3563 flaccus
1170 3505 1256 3561 ΑΒΜ
1270 3504 1394 3563 Verrius

256 3590 386 3648 Flaccus
402 3591 516 3669 aliique
531 3595 573 3648 vel
588 3590 712 3649 Verrius
731 3589 1180 3667 h‘laccus-probauit-buic
1195 3593 1268 3647 coni.
1287 3593 1395 3647 Casuu-

256 3677 346 3732 honus
363 3678 392 3733 in
414 3677 490 3732 Suet.
518 3678 597 3732 Caes.
619 3683 669 3735 46.
707 3677 845 3749 ‘priorum
867 3680 1013 3748 posterius
1031 3679 1212 3747 probandum
1233 3675 1307 3746 suit,
1341 3678 1398 3731 nisi

254 3764 438 3833 prammoticr'
459 3777 588 3817 errorem
610 3764 773 3833 relinquere
792 3761 971 3818 moluissem'
994 3763 1105 3816 Keilz'us
1124 3753 1137 3840 ll
1158 3758 1396 3836 hprobauerunt

257 3846 317 3900 ΑΜ
329 3852 512 3921 putauerunt
531 3846 556 3900 Β
571 3838 584 3924 [l
599 3854 615 3905 3
631 3845 737 3902 cohum
756 3847 910 3902 Pulschius
921 3845 1256 3917 praeeuntcCosaubono
1270 3845 1309 3916 cf.
1325 3846 1394 3900 Fes-

256 3938 302 3986 tus
314 3947 345 4000 p.
364 3936 414 3985 39.-
434 3930 543 3987 choum
554 3931 643 3985 ΑΒΜ
655 3929 782 3987 cohaum
798 3950 816 3997 ς
829 3926 841 4009 Η
858 3929 936 3986 enirn
955 3930 1006 3986 AB
1021 3939 1122 3987 sutem
1137 3930 1170 3984 M
1187 3922 1201 4007 ll
1222 3937 1239 3986 4
1252 3927 1395 3984 incohare

256 4014 410 4069 Putschius
425 4023 453 4071 et
465 4016 665 4071 Carantonus:
678 4013 821 4071 inchoare
833 4016 919 4070 ΑΒΜ
930 4009 943 4094 ll
959 4012 1111 4071 adsentiat
1125 4033 1202 4070 corr.
1220 3993 1396 4069 adsentiens

256 4102 281 4154 Α
296 4089 309 4177 ΙΙ
325 4096 383 4154 iam
401 4097 483 4156 bello
499 4118 552 4156 suo
567 4098 741 4175 plenissime
760 4098 851 4156 edere
871 4097 1013 4156 inchoata
1033 4098 1177 4155 disseruit
1198 4097 1284 4152 ΑΒΜ
1303 4106 1331 4152 et
1349 4114 1395 4153 co·

257 4185 316 4238 des
339 4184 466 4256 Scioppii
487 4201 566 4254 susp.
598 4187 661 4242 lect.
689 4185 726 4240 II
750 4190 768 4240 2
791 4181 896 4240 libello
926 4202 979 4240 sno
1002 4182 1177 4260 plenissime
1205 4180 1395 4257 (plenissimo

258 4266 424 4341 Pulsclu'us)
442 4266 549 4325 aedem
567 4267 739 4325 inchoatam
762 4269 804 4325 ita
821 4267 964 4325 disseruit
984 4269 1052 4340 §Cs-
1073 4268 1149 4323 Suet.
1167 4274 1236 4338 Aup.
1262 4271 1300 4321 {50
1314 4264 1409 4338 ‘sor--

257 4360 333 4407 tasse
350 4352 380 4409 in
394 4351 497 4409 libello
515 4371 568 4408 suo
584 4352 759 4429 plenissime
778 4373 814 4410 ca
831 4352 869 4411 dc
885 4372 917 4411 re
931 4351 1093 4410 disseruit’
1108 4353 1219 4408 Keilr'us
1234 4344 1247 4429 ΙΙ
1262 4358 1278 4410 6
1297 4348 1357 4407 Gn.
1372 4351 1396 4405 B

254 4437 297 4510 cf.
305 4455 338 4508 p.
358 4443 395 4493 22
406 4440 501 4494 adiret.
