3218 5000
610 440 653 483 ne
676 434 816 482 aluums
840 438 948 481 anavus
1286 418 1350 486 209

212 588 332 653 habore
354 587 509 686 globique
532 588 602 653 eius
624 608 723 653 unam
742 596 866 675 partem
880 601 954 652 'esse
968 585 1132 651 lucifluam
1155 585 1250 651 aliam
1271 609 1351 651 uero

212 690 382 756 obscuram
404 700 438 754 et
459 688 619 778 paulatim
641 711 676 754 sc
703 689 861 754 uertendo
889 688 1037 754 diuersas
1059 688 1181 753 formas
1209 689 1350 759 efficere,

212 898 257 947 dic
280 897 442 948 tricensima
461 896 559 947 exilem
578 895 651 959 ficri,
678 900 706 946 et
724 897 749 946 si
766 911 815 946 suo
833 896 936 947 lumine
953 900 1085 957 uteretur,
1105 896 1185 945 huius
1203 910 1350 960 numquam

213 965 325 1031 eclipsis
344 964 441 1015 δοιοί]
478 965 647 1031 Augustinus
666 979 755 1015 enarr.
775 966 804 1014 in
821 965 918 1030 psalm.
937 965 962 1014 X
980 964 1010 1015 3:
1040 965 1133 1015 ‘Duae
1151 970 1214 1013 sunt
1232 964 1265 1013 de
1284 962 1350 1012 luna

212 1034 356 1098 opiniones
375 1032 544 1099 probabiles.
579 1032 674 1082 barum
694 1038 786 1082 autem
805 1048 875 1097 quae
893 1048 960 1083 uera
978 1033 1023 1095 sit,
1042 1037 1162 1082 autnon
1180 1030 1289 1081 omnino
1302 1037 1351 1081 aut

213 1100 378 1151 difficillime
401 1101 521 1151 arbitror
544 1117 624 1167 posse
647 1101 784 1151 hominem
808 1103 888 1151 scire.
933 1114 994 1150 cunr
1019 1102 1091 1150 euim
1114 1100 1255 1165 quaeritur
1278 1099 1349 1148 unde

211 1169 304 1220 lumen
321 1169 439 1233 habeat,
459 1168 509 1219 alii
527 1168 622 1219 dicunt
641 1184 717 1219 suum
736 1169 855 1232 habere,
875 1169 924 1218 sed
945 1168 1054 1235 globum
1073 1169 1131 1217 ciue
1149 1167 1292 1217 dimidium
1309 1166 1349 1216 lu-

213 1252 276 1289 cere
295 1237 438 1287 dimidium
458 1242 551 1287 utitem
574 1237 718 1287 obscurum
746 1252 820 1295 osse,
844 1238 907 1286 dum
930 1242 1022 1287 autern
1046 1241 1170 1286 mouetur
1195 1236 1224 1285 in
1246 1235 1350 1285 circulo

212 1320 269 1365 uuo,
291 1305 405 1355 candem
423 1312 597 1371 partemque
615 1304 690 1355 lucet
707 1305 843 1370 paulatim
857 1305 892 1354 ad
910 1310 998 1355 terras
1017 1306 1152 1367 conuerti,
1175 1310 1206 1353 ut
1223 1303 1314 1353 uideri
1333 1319 1349 1353 a

211 1373 292 1423 nobis
310 1375 398 1438 possit
416 1378 444 1423 et
462 1373 525 1422 ideo
543 1374 619 1439 prius
638 1374 717 1437 quasi
736 1373 937 1423 corniculatam
956 1388 1099 1437 apparere.
1136 1387 1199 1421 nam
1219 1372 1288 1421 etsi
1307 1371 1348 1420 fa-

212 1442 272 1490 cias
290 1441 375 1506 pilam
394 1457 428 1491 ex
446 1440 560 1491 dimidia
578 1447 657 1507 parts
676 1441 822 1491 candidam
847 1448 875 1490 et
893 1456 926 1490 cx
944 1440 1058 1490 dimidiu
1071 1440 1225 1501 obscuram,
1245 1440 1269 1489 si
1288 1454 1348 1488 eum

211 1515 317 1574 partem
341 1524 411 1575 quae
435 1509 551 1559 obscura
575 1514 618 1558 est
640 1516 704 1559 ante
728 1508 821 1559 oculoe
839 1508 958 1571 habeas,
982 1507 1050 1558 nihil
1074 1508 1202 1558 candoris
1224 1507 1351 1557 uideant

213 1592 274 1626 cum
298 1579 424 1642 coeperis
448 1577 525 1627 illam
544 1577 690 1627 candidam
713 1582 820 1642 partem
839 1577 875 1626 ad
892 1577 986 1627 oeulos
1005 1583 1182 1639 conuertere,
1205 1576 1230 1625 si
1252 1575 1348 1640 paula-

212 1646 261 1694 tim
279 1645 379 1707 facias,
398 1646 485 1711 primo
504 1660 607 1695 cornua
626 1645 753 1695 candoris
771 1645 887 1705 uidebis,
907 1645 1006 1697 deinde
1023 1645 1158 1711 paulatim
1172 1646 1282 1705 crescit,
1302 1644 1348 1694 do—

212 1726 265 1763 nec
282 1717 344 1762 tota
360 1728 425 1779 pars
444 1713 566 1763 candens
583 1718 738 1778 opponatur
755 1712 850 1773 oculis,
870 1718 899 1763 ot
915 1713 983 1763 nihil
1002 1713 1136 1763 obscurae
1155 1712 1269 1762 alterius
1286 1727 1349 1777 par-

213 1781 249 1832 tis
272 1781 412 1831 uideatur:
440 1781 511 1845 quod
534 1782 558 1831 si
581 1797 743 1848 perseucrcs
771 1780 860 1830 adbuc
887 1781 1022 1846 paulatim
1046 1786 1220 1842 conuertere,
1250 1780 1350 1845 Incipit

213 1848 368 1899 obscuritas
392 1865 526 1916 apparere
550 1856 579 1899 et
603 1850 706 1899 candor
723 1849 822 1912 minui,
850 1849 937 1899 donec
962 1851 1060 1899 iterum
1079 1849 1114 1899 ad
1132 1864 1236 1898 cornua
1253 1849 1350 1898 redeat

213 1922 242 1966 et
258 1922 396 1982 postremo
412 1922 488 1967 totus
506 1918 543 1967 ab
560 1917 648 1967 oculis
666 1922 821 1977 auertatur‚
841 1933 875 1967 ac
893 1933 986 1967 rursus
1004 1918 1121 1968 obscura
1138 1916 1188 1966 illa
1206 1932 1270 1982 pars
1288 1916 1349 1966 sola

212 1986 300 2050 possit
317 1985 421 2035 uideri:
440 1985 511 2050 quod
529 1985 587 2035 lieri
606 1985 716 2047 dicunt,
741 2000 801 2034 cum
824 1986 915 2035 lumen
932 1985 1014 2035 lunas
1033 1986 1143 2034 uidetur
1161 2000 1289 2053 creseere
1304 1998 1348 2033 us-

212 2067 264 2118 que
288 2053 324 2102 ad
347 2053 623 2118 quintamdecimam
645 2052 737 2102 lunam
756 2058 784 2102 et
806 2067 898 2104 rursus
918 2069 1004 2118 usque
1024 2053 1059 2102 ad
1075 2053 1245 2102 tricesimam
1263 2052 1350 2101 minui

213 2126 241 2171 et
258 2121 348 2171 redire
367 2122 402 2170 ad
420 2134 530 2183 cornua,
550 2121 637 2170 donec
656 2122 767 2186 penitus
785 2120 853 2169 nihil
871 2121 900 2170 in
919 2136 953 2169 ea
971 2120 1041 2170 lucis
1055 2125 1189 2185 appareat
1191 2155 1345 2170 ........

213 2189 263 2238 alii
282 2195 374 2239 autern
393 2190 487 2239 dicunt
505 2204 560 2239 non
578 2189 680 2239 habere
703 2188 796 2238 lunam
813 2188 904 2238 lumen
928 2191 1065 2254 proprium
1088 2188 1136 2237 sed
1160 2204 1177 2237 ο
1195 2188 1252 2238 sole
1271 2186 1348 2237 illus·

211 2258 294 2317 trari3
318 2256 367 2307 sed
392 2258 500 2321 quando
524 2273 585 2306 cunr
608 2257 656 2305 illo
675 2264 729 2317 est,
755 2273 815 2305 cam
837 2263 944 2322 partem
968 2258 1002 2306 ad
1026 2273 1075 2306 nos
1097 2256 1200 2306 habore
1242 2271 1276 2305 ua
1293 2271 1348 2305 non

212 2323 375 2388 illustratur,
390 2330 418 2375 ot
435 2325 496 2374 idco
508 2324 576 2374 nihil
591 2326 619 2374 in
632 2340 666 2375 ca
678 2324 749 2374 lucis
761 2325 858 2385 uideri3
876 2341 936 2374 cum
949 2331 1041 2374 autem
1053 2324 1151 2388 incipit
1162 2326 1197 2373 ab
1210 2273 1259 2374 ibo
1272 2340 1347 2373 rece-

213 2391 285 2455 dere,
296 2392 430 2443 illustrari
441 2393 475 2442 ab
488 2408 522 2443 ea
531 2394 616 2443 etiam
625 2397 704 2458 parte
715 2408 795 2457 quam
803 2393 891 2442 habet
901 2393 935 2442 ad
949 2399 1050 2441 terram
1065 2397 1093 2440 et
1105 2395 1265 2442 necessario
1279 2392 1347 2441 inci·

212 2476 278 2525 pere
288 2477 305 2511 a
315 2461 454 2524 cornibus,
464 2460 551 2513 donec
562 2460 611 2510 fiat
621 2461 835 2525 quintadecima
845 2465 941 2510 contra
954 2461 1047 2510 solem.
1072 2466 1137 2509 tunc
1150 2461 1221 2509 enirn
1231 2459 1289 2511 sole
1303 2476 1348 2510 oc·

214 2527 321 2579 uidente
332 2531 419 2579 oritur
427 2535 457 2578 nt
467 2529 589 2594 quisquis
602 2528 773 2578 occidentem
783 2529 869 2579 solent
882 2529 1081 2589 obseruauerit‚
1102 2544 1162 2578 cum
1176 2544 1236 2579 curn
1250 2543 1347 2593 coepe·

212 2598 249 2647 rit
260 2612 314 2647 non
326 2597 422 2647 uidere
432 2612 581 2647 conuersus
593 2597 627 2646 ad
639 2598 770 2646 orientem
782 2597 874 2646 lunsrn
887 2612 999 2661 surgere
1011 2598 1116 2646 uideat.
1136 2602 1219 2662 atque
1238 2596 1300 2646 inde
1314 2611 1348 2645 ex

212 2665 270 2716 alia
292 2671 370 2730 parte
395 2681 455 2716 cum
479 2666 504 2713 ei
529 2666 652 2730 coeperit
668 2665 867 2730 propinquare,
892 2664 967 2714 illam
987 2671 1092 2730 purtem
1112 2665 1146 2714 ad
1166 2680 1216 2715 nos
1235 2679 1348 2714 conuer-

211 2744 274 2783 tere
290 2748 344 2799 qua
367 2749 421 2783 non
444 2732 611 2793 illustratur,
635 2733 722 2782 ‹loneo
747 2733 782 2781 ad
805 2747 908 2783 cornua
931 2733 1028 2783 redeat
1045 2739 1128 2797 atque
1151 2730 1215 2782 inde
1239 2733 1348 2783 omniuo

212 2816 267 2851 non
285 2808 433 2865 appareat3
463 2800 527 2865 quia
546 2806 611 2850 tuuc
629 2816 692 2865 pars
712 2799 760 2850 illa
779 2817 848 2867 quae
865 2801 1033 2864 illustratur,
1053 2816 1158 2851 sursum
1177 2806 1219 2850 cst
1232 2801 1266 2850 ad
1285 2816 1347 2851 cac-

211 2869 276 2930 lum,
296 2869 440 2919 adterram
454 2874 545 2919 autem
557 2868 607 2918 illa
625 2884 706 2933 quam
724 2869 832 2919 radiare
849 2869 891 2919 sol
908 2885 962 2919 non
978 2868 1087 2934 potest'
1123 2869 1249 2933 Hyginus
1267 2871 1297 2919 Ρ.
1313 2869 1346 2918 Α.

212 2936 269 2987 ΙΙΠ
290 2935 333 2986 142
369 2937 410 2986 ‘ui
430 2939 502 2987 enirn
529 2952 578 2986 suo
596 2936 697 2987 lumine
714 2943 852 3000 uteretur,
876 2937 944 2987 illud
967 2952 1072 3002 quoque
1096 2937 1264 3001 sequebatur
1286 2953 1347 2986 cam

212 3020 321 3070 semper
351 3020 384 3054 ac
403 3006 495 3055 nalem
527 3020 587 3054 csse
615 3010 741 3069 oportere
769 3020 821 3054 nec
844 3006 888 3054 die
916 3006 1057 3055 tricesimo
1086 3010 1142 3055 tarn
1171 3005 1271 3054 exilem
1300 3010 1348 3055 aut

212 3073 322 3124 omnino
349 3022 452 3123 nuliam
480 3071 587 3123 ruderi)
611 3100 643 3109 -
666 3073 830 3123 Plutarchus
853 3075 883 3123 P.
907 3076 937 3124 P.
962 3074 991 3124 II
1016 3074 1062 3123 28:
1098 3067 1170 3136 ssepi
1197 3073 1348 3139 φωτισμῶν

213 3133 342 3207 σελήνης.
384 3134 615 3205 Ἀναξίμανδρος,
642 3138 718 3191 ίδιον
735 3131 827 3206 αότήν
852 3135 927 3221 ἔχειν
942 3140 1017 3206 φῶς,
1040 3131 1210 3205 όραιότερον
1228 3135 1261 3191 δέ
1278 3158 1345 3201 πως.

209 3199 357 3274 Ἀντιφῶν,
383 3203 449 3273 ίδίφ
473 3202 571 3273 φέγγει
595 3204 718 3272 λα’μπειν
740 3202 793 3287 τήν
815 3210 952 3275 σεληνην,
980 3202 1011 3259 τό
1036 3201 1068 3258 δ’
1091 3201 1348 3275 ἀποκρυπτόμενον

211 3273 277 3341 περὶ
295 3267 387 3343 αότήν
404 3267 461 3326 όπό
478 3276 529 3342 τής
547 3275 705 3343 προσβολῆς
723 3291 773 3328 του
792 3268 876 3343 ἡλίου
888 3267 1102 3343 οἷμαυροόσδαι,
1121 3270 1283 3341 πεφυκότος
1295 3275 1347 3327 τοῦ

212 3339 396 3411 ἰσχυροτέρου
418 3336 508 3409 πυρός
534 3338 566 3394 τὸ
593 3335 802 3408 α’σθενὲστερον
824 3337 984 3410 οἶμαυροῦν·
1008 3332 1024 3395 ὃ
1047 3338 1083 3410 δή
1106 3342 1276 3411 συμβαίνειν
1298 3344 1347 3395 καί

212 3416 278 3477 περὶ
296 3409 331 3463 τό
348 3403 421 3463 ἄλλα
438 3405 536 3491 ἄστρα.
557 3410 654 3488 Θαλῆς
671 3409 721 3464 καὶ
739 3404 769 3463 οἷ
785 3404 834 3463 α’π’
852 3404 950 3475 αὐτοῦ,
968 3405 1025 3462 όπό
1044 3411 1095 3463 τοῦ
1111 3403 1196 3489 ἡλίου
1215 3411 1347 3477 φωτίζεσ·

212 3481 267 3532 θαι
284 3474 338 3547 τήν
356 3473 486 3547 σελήνην.
526 3480 711 3545 Ηρακλειτος,
730 3474 762 3531 τό
780 3473 851 3531 αότό
868 3474 1048 3533 πεπονθέναι
1067 3473 1116 3530 τόν
1133 3480 1216 3546 ηλιον
1228 3476 1277 3530 καὶ
1294 3474 1348 3546 τήν

213 3541 344 3667 σελήνην·
363 3547 548 3613 σκαφοειδεῖς
566 3542 620 3629 poio
646 3539 732 3607 ὄντας
754 3552 814 3608 τοῖς
836 3543 958 3616 σχήμασι
981 3542 1048 3608 τούς
1070 3539 1205 3612 α’στίρας,
1231 3544 1347 3614 δεχομέ-

213 3632 280 3675 νους
319 3610 331 3667 ὲ
350 3611 400 3675 τὰς
418 3608 476 3666 α’πό
494 3615 545 3681 τῆς
563 3615 652 3681 υγρᾶς
669 3606 891 3681 οἷναδυμιόσεως
909 3608 1000 3683 ου’γόις
1019 3616 1194 3681 φωτίζεσθαι
1212 3632 1233 3665 π
1252 3609 1282 3673 ὸς
1294 3610 1348 3681 τὴν

213 3684 387 3751 φαντασίαν·
406 3676 601 3750 λαμπρότερον
618 3678 671 3750 μὲν
688 3678 738 3735 τόν
755 3682 851 3751 ἥλιον,
878 3677 910 3737 ἐν
927 3679 1119 3750 καθαρωτέρῳ
1137 3678 1191 3749 γὰρ
1209 3632 1273 3748 cifos
1296 3679 1347 3749 φί-

213 3753 327 3817 ρεσδαι·
351 3746 404 3820 τήν
427 3746 459 3803 δὲ
484 3745 606 3819 σελήνην
623 3744 661 3831 ,ἐν
684 3748 880 3819 θολερωτέρφ,
906 3746 955 3803 διό
978 3752 1062 3804 τοῦτο
1079 3747 1129 3803 καί
1147 3741 1292 3819 α’μαυροτὲ
1310 3769 1347 3803 αν

237 3819 383 3872 αίνεσδαι.
419 3822 464 3871 25:
494 3817 567 3884 Περὶ
595 3813 694 3879 ουσιοίς
722 3815 850 3887 σελήνης.
891 3811 1123 3888 Ἀναξίμανδρος,
1146 3812 1252 3870 κύκλον
1270 3770 1346 3872 εἶναι

213 3838 564 3941 ίννιακαιδεκαπλασίονα
587 3887 637 3955 τῆς
660 3887 725 3954 γῆς,
753 3879 847 3953 ὥσπερ
873 3882 924 3939 τόν
951 3888 1001 3941 τοῦ
1024 3880 1108 3955 ήλίσυ
1131 3881 1224 3954 πλήρη
1247 3883 1346 3953 πυρός·

213 3948 355 4008 ἐκλείπειν
374 3950 406 4008 cl
424 3949 496 4008 κατὰ
516 3950 566 4015 τός
585 3949 758 4021 ἐπιστροφὰς
776 3956 827 4007 tori
844 3956 956 4022 τροχοῦ·
975 3946 1076 4023 όμοιον
1094 3950 1147 4021 γὰρ
1167 3950 1243 4006 εἶναι
1255 3949 1347 4024 οἳρμα-

211 4025 278 4089 τείῳ
301 4024 392 4090 τροχῷ
413 4023 514 4092 κοίλην
538 4018 630 4091 ἔχοντι
654 4018 707 4091 τήν
729 4015 826 4088 οἱφῖδα
849 4022 898 4074 καλ
921 4017 1014 4091 πλήρη
1038 4016 1140 4088 πυρός,
1166 4018 1257 4089 ἔχοντι
1275 4025 1348 4091 μίαν

213 4083 347 4159 ἐκπνοήν.
384 4091 459 4148 Savo
484 4084 567 4159 οἱνης,
585 4087 674 4174 νέφος
692 4086 768 4143 εἶναι
786 4087 987 4159 πεπιλημένον.
1025 4087 1065 4143 Oi
1080 4091 1216 4155 Στωικοί,
1244 4087 1348 4160 μικτήν

213 4151 245 4212 ότι
263 4154 419 4226 πυρόςκαὶ
436 4109 531 4226 οἶόρος.
566 4160 696 4221 Πλατων,
716 4152 747 4213 ἐκ
766 4153 897 4219 πλειόνος
919 4160 971 4211 τοῦ
993 4153 1126 4226 γεώδους.
1161 4150 1347 4227 Ἀναξαγόρας

213 4223 399 4294 Δημόκριτος,
418 4223 560 4295 στερέωμα
579 4223 732 4294 διάπυρον,
752 4223 818 4295 ἔχον
836 4220 868 4280 ἐν
886 4219 979 4293 ἑαυτοῦ
996 4226 1084 4279 πεδία
1101 4225 1152 4278 καί
1164 4219 1216 4293 όρη
1229 4227 1279 4280 καὶ
1292 4222 1346 4295 φά-

212 4470 240 4527 B
261 4394 313 4525 mel
328 4382 441 4442 habere
457 4386 601 4460 Surinpor
615 4386 654 4459 cf.
668 4387 797 4461 Breyslp.
810 4387 910 4443 Philet.
924 4385 1005 4443 XIII
1014 4404 1045 4458 μ.
1061 4389 1130 4443 667.-
1156 4403 1215 4442 non
1234 4381 1348 4442 babere

241 4488 260 4526 ιι

248 4583 368 4619 svsrour
387 4584 450 4618 nun.
1105 4570 1140 4628 1.]
