<?xml version="1.0" encoding="UTF-8"?>
<!DOCTYPE html PUBLIC "-//W3C//DTD XHTML 1.0 Transitional//EN"
    "http://www.w3.org/TR/xhtml1/DTD/xhtml1-transitional.dtd">
<html xmlns="http://www.w3.org/1999/xhtml" xml:lang="en" lang="en">
 <head>
  <title>
</title>
<meta http-equiv="Content-Type" content="text/html;charset=utf-8" />
  <meta name='ocr-system' content='tesseract 3.04.00' />
  <meta name='ocr-capabilities' content='ocr_page ocr_carea ocr_par ocr_line ocrx_word'/>
</head>
<body>
  <div class='ocr_page' id='page_1' title='image "./csuetonitranqui01ritsgoog_0303.png"; bbox 0 0 3220 5022; ppageno 0'>
   <div class='ocr_carea' id='block_1_1' title="bbox 258 407 896 474">
    <p class='ocr_par' dir='ltr' id='par_1_1' title="bbox 258 407 896 474">
     <span class='ocr_line' id='line_1_1' title="bbox 258 407 896 474; baseline -0.014 0"><span class='ocrx_word' id='word_1_1' title='bbox 258 407 320 474; x_wconf 80' lang='lat'>276</span> <span class='ocrx_word' id='word_1_2' title='bbox 765 424 896 468; x_wconf 76' lang='lat' dir='ltr'>ensrvn</span> 
     </span>
    </p>
   </div>
   <div class='ocr_carea' id='block_1_2' title="bbox 203 568 1444 2280">
    <p class='ocr_par' dir='ltr' id='par_1_2' title="bbox 203 568 1425 1160">
     <span class='ocr_line' id='line_1_2' title="bbox 257 568 1404 660; baseline -0.006 -22"><span class='ocrx_word' id='word_1_3' title='bbox 257 593 398 660; x_wconf 88' lang='lat' dir='ltr'>persona</span> <span class='ocrx_word' id='word_1_4' title='bbox 427 581 484 635; x_wconf 92' lang='lat' dir='ltr'>aut</span> <span class='ocrx_word' id='word_1_5' title='bbox 510 592 562 634; x_wconf 88' lang='lat' dir='ltr'>res</span> <span class='ocrx_word' id='word_1_6' title='bbox 593 580 753 651; x_wconf 83' lang='lat' dir='ltr'>mutatur,</span> <span class='ocrx_word' id='word_1_7' title='bbox 785 572 879 657; x_wconf 80' lang='lat' dir='ltr'><strong>quasi</strong></span> <span class='ocrx_word' id='word_1_8' title='bbox 908 570 1007 633; x_wconf 91' lang='lat' dir='ltr'>initus</span> <span class='ocrx_word' id='word_1_9' title='bbox 1034 570 1068 632; x_wconf 92' lang='lat' dir='ltr'>in</span> <span class='ocrx_word' id='word_1_10' title='bbox 1091 568 1226 633; x_wconf 80' lang='lat' dir='ltr'>alteram</span> <span class='ocrx_word' id='word_1_11' title='bbox 1249 592 1328 635; x_wconf 87' lang='lat' dir='ltr'>rem.</span> <span class='ocrx_word' id='word_1_12' title='bbox 1372 577 1404 632; x_wconf 88' lang='lat' dir='ltr'>et</span> 
     </span>
     <span class='ocr_line' id='line_1_3' title="bbox 203 670 1405 762; baseline -0.004 -25"><span class='ocrx_word' id='word_1_13' title='bbox 203 696 207 701; x_wconf 75' lang='grc'><em>“</em></span> <span class='ocrx_word' id='word_1_14' title='bbox 258 674 453 762; x_wconf 88' lang='lat' dir='ltr'>principium</span> <span class='ocrx_word' id='word_1_15' title='bbox 488 670 604 750; x_wconf 87' lang='lat' dir='ltr'>semel,</span> <span class='ocrx_word' id='word_1_16' title='bbox 637 672 766 735; x_wconf 90' lang='lat' dir='ltr'>initium</span> <span class='ocrx_word' id='word_1_17' title='bbox 802 672 953 757; x_wconf 81' lang='lat' dir='ltr'>saepius:</span> <span class='ocrx_word' id='word_1_18' title='bbox 1001 671 1195 756; x_wconf 87' lang='lat' dir='ltr'>principium</span> <span class='ocrx_word' id='word_1_19' title='bbox 1226 680 1262 735; x_wconf 89' lang='lat' dir='ltr'>ut</span> <span class='ocrx_word' id='word_1_20' title='bbox 1295 676 1405 734; x_wconf 72' lang='lat' dir='ltr'>‘arma</span> 
     </span>
     <span class='ocr_line' id='line_1_4' title="bbox 257 772 1404 862; baseline -0.005 -23"><span class='ocrx_word' id='word_1_21' title='bbox 257 777 430 862; x_wconf 88' lang='lat' dir='ltr'>uirumque</span> <span class='ocrx_word' id='word_1_22' title='bbox 458 781 572 855; x_wconf 83' lang='lat' dir='ltr'>cano&#39;,</span> <span class='ocrx_word' id='word_1_23' title='bbox 602 773 731 837; x_wconf 90' lang='lat' dir='ltr'>initium</span> <span class='ocrx_word' id='word_1_24' title='bbox 759 780 870 837; x_wconf 73' lang='lat' dir='ltr'>‘musa</span> <span class='ocrx_word' id='word_1_25' title='bbox 891 772 971 836; x_wconf 92' lang='lat' dir='ltr'>mihi</span> <span class='ocrx_word' id='word_1_26' title='bbox 1001 794 1118 836; x_wconf 84' lang='lat' dir='ltr'>causes</span> <span class='ocrx_word' id='word_1_27' title='bbox 1140 781 1313 836; x_wconf 85' lang='lat' dir='ltr'>memora&#39;.</span> <span class='ocrx_word' id='word_1_28' title='bbox 1356 774 1404 835; x_wconf 95' lang='lat' dir='ltr'>in·</span> 
     </span>
     <span class='ocr_line' id='line_1_5' title="bbox 259 874 1404 959; baseline -0.005 -18"><span class='ocrx_word' id='word_1_29' title='bbox 259 877 438 941; x_wconf 88' lang='lat' dir='ltr'>ueniuntur</span> <span class='ocrx_word' id='word_1_30' title='bbox 457 887 565 939; x_wconf 85' lang='lat' dir='ltr'>temen</span> <span class='ocrx_word' id='word_1_31' title='bbox 585 875 762 959; x_wconf 86' lang='lat' dir='ltr'>principie,</span> <span class='ocrx_word' id='word_1_32' title='bbox 785 895 868 959; x_wconf 83' lang='lat' dir='ltr'>quae</span> <span class='ocrx_word' id='word_1_33' title='bbox 883 882 1001 936; x_wconf 84' lang='lat' dir='ltr'>natura</span> <span class='ocrx_word' id='word_1_34' title='bbox 1016 875 1068 937; x_wconf 90' lang='lat' dir='ltr'>sui</span> <span class='ocrx_word' id='word_1_35' title='bbox 1086 882 1199 938; x_wconf 83' lang='lat' dir='ltr'><strong>carent</strong></span> <span class='ocrx_word' id='word_1_36' title='bbox 1214 883 1246 936; x_wconf 89' lang='lat' dir='ltr'>et</span> <span class='ocrx_word' id='word_1_37' title='bbox 1261 874 1404 958; x_wconf 88' lang='lat' dir='ltr'>speciem</span> 
     </span>
     <span class='ocr_line' id='line_1_6' title="bbox 259 974 1425 1058; baseline -0.003 -17"><span class='ocrx_word' id='word_1_38' title='bbox 259 978 343 1041; x_wconf 89' lang='lat' dir='ltr'>initii</span> <span class='ocrx_word' id='word_1_39' title='bbox 366 976 504 1058; x_wconf 86' lang='lat' dir='ltr'>habent,</span> <span class='ocrx_word' id='word_1_40' title='bbox 535 986 571 1038; x_wconf 92' lang='lat' dir='ltr'>nt</span> <span class='ocrx_word' id='word_1_41' title='bbox 593 982 646 1038; x_wconf 77' lang='lat' dir='ltr'>‘at</span> <span class='ocrx_word' id='word_1_42' title='bbox 670 975 786 1058; x_wconf 84' lang='lat' dir='ltr'>regina</span> <span class='ocrx_word' id='word_1_43' title='bbox 812 976 907 1058; x_wconf 88' lang='lat' dir='ltr'>graui</span> <span class='ocrx_word' id='word_1_44' title='bbox 928 976 993 1037; x_wconf 82' lang='lat' dir='ltr'>ism</span> <span class='ocrx_word' id='word_1_45' title='bbox 1018 974 1140 1040; x_wconf 89' lang='lat' dir='ltr'>dudum</span> <span class='ocrx_word' id='word_1_46' title='bbox 1164 979 1278 1042; x_wconf 81' lang='lat' dir='ltr'>saucia</span> <span class='ocrx_word' id='word_1_47' title='bbox 1304 983 1425 1039; x_wconf 81' lang='lat' dir='ltr'>cura’5</span> 
     </span>
     <span class='ocr_line' id='line_1_7' title="bbox 261 1064 1405 1160; baseline -0.003 -17"><span class='ocrx_word' id='word_1_48' title='bbox 261 1091 293 1144; x_wconf 91' lang='lat' dir='ltr'>et</span> <span class='ocrx_word' id='word_1_49' title='bbox 316 1081 380 1143; x_wconf 71' lang='lat' dir='ltr'>‘sio</span> <span class='ocrx_word' id='word_1_50' title='bbox 404 1079 492 1141; x_wconf 86' lang='lat' dir='ltr'>fatur</span> <span class='ocrx_word' id='word_1_51' title='bbox 516 1077 691 1140; x_wconf 87' lang='lat' dir='ltr'>lacrimans</span> <span class='ocrx_word' id='word_1_52' title='bbox 712 1074 876 1160; x_wconf 82' lang='lat' dir='ltr'><strong>classique</strong></span> <span class='ocrx_word' id='word_1_53' title='bbox 897 1077 1043 1140; x_wconf 89' lang='lat' dir='ltr'>immittit</span> <span class='ocrx_word' id='word_1_54' title='bbox 1065 1076 1235 1147; x_wconf 61' lang='lat' dir='ltr'>habenas?</span> <span class='ocrx_word' id='word_1_55' title='bbox 1398 1064 1405 1078; x_wconf 62' lang='lat'>⁸</span> 
     </span>
    </p>

    <p class='ocr_par' dir='ltr' id='par_1_3' title="bbox 260 1175 1406 1366">
     <span class='ocr_line' id='line_1_8' title="bbox 346 1175 1406 1262; baseline -0.001 -20"><span class='ocrx_word' id='word_1_56' title='bbox 346 1196 473 1242; x_wconf 78' lang='lat' dir='ltr'>inmun</span> <span class='ocrx_word' id='word_1_57' title='bbox 483 1175 914 1262; x_wconf 76' lang='lat' dir='ltr'>onvlvnsmvnrnmuvrs]</span> <span class='ocrx_word' id='word_1_58' title='bbox 928 1178 1055 1240; x_wconf 87' lang='lat' dir='ltr'>inuium</span> <span class='ocrx_word' id='word_1_59' title='bbox 1067 1180 1137 1241; x_wconf 90' lang='lat' dir='ltr'>sine</span> <span class='ocrx_word' id='word_1_60' title='bbox 1149 1180 1213 1259; x_wconf 88' lang='lat' dir='ltr'>uia,</span> <span class='ocrx_word' id='word_1_61' title='bbox 1226 1180 1336 1242; x_wconf 81' lang='lat' dir='ltr'>ouium</span> <span class='ocrx_word' id='word_1_62' title='bbox 1348 1176 1406 1241; x_wconf 89' lang='lat' dir='ltr'>fle·</span> 
     </span>
     <span class='ocr_line' id='line_1_9' title="bbox 260 1278 1404 1366; baseline -0.004 -21"><span class='ocrx_word' id='word_1_63' title='bbox 260 1303 415 1360; x_wconf 68' lang='lat' dir='ltr'>mosum,</span> <span class='ocrx_word' id='word_1_64' title='bbox 428 1281 561 1344; x_wconf 82' lang='lat' dir='ltr'>denium</span> <span class='ocrx_word' id='word_1_65' title='bbox 577 1278 726 1342; x_wconf 88' lang='lat' dir='ltr'>desertus</span> <span class='ocrx_word' id='word_1_66' title='bbox 739 1279 843 1358; x_wconf 87' lang='lat' dir='ltr'>locus,</span> <span class='ocrx_word' id='word_1_67' title='bbox 855 1280 1005 1364; x_wconf 89' lang='lat' dir='ltr'>peruium</span> <span class='ocrx_word' id='word_1_68' title='bbox 1020 1302 1078 1366; x_wconf 91' lang='lat' dir='ltr'>per</span> <span class='ocrx_word' id='word_1_69' title='bbox 1094 1278 1181 1365; x_wconf 92' lang='lat' dir='ltr'>quod</span> <span class='ocrx_word' id='word_1_70' title='bbox 1196 1288 1404 1342; x_wconf 86' lang='lat' dir='ltr'>commeatur.</span> 
     </span>
    </p>

    <p class='ocr_par' dir='ltr' id='par_1_4' title="bbox 260 1381 1442 1569">
     <span class='ocr_line' id='line_1_10' title="bbox 345 1381 1405 1463; baseline 0 -18"><span class='ocrx_word' id='word_1_71' title='bbox 345 1396 519 1446; x_wconf 73' lang='lat' dir='ltr'>lnnoctns</span> <span class='ocrx_word' id='word_1_72' title='bbox 542 1386 720 1461; x_wconf 73' lang='lat' dir='ltr'>mmomvs]</span> <span class='ocrx_word' id='word_1_73' title='bbox 741 1381 895 1444; x_wconf 83' lang='lat' dir='ltr'>innocens</span> <span class='ocrx_word' id='word_1_74' title='bbox 924 1396 973 1444; x_wconf 85' lang='lat' dir='ltr'>est</span> <span class='ocrx_word' id='word_1_75' title='bbox 1002 1383 1125 1446; x_wconf 88' lang='lat' dir='ltr'>nemini</span> <span class='ocrx_word' id='word_1_76' title='bbox 1147 1402 1285 1463; x_wconf 89' lang='lat' dir='ltr'>nocens,</span> <span class='ocrx_word' id='word_1_77' title='bbox 1314 1383 1405 1461; x_wconf 61' lang='grc' dir='ltr'><strong>’.ιο-</strong></span> 
     </span>
     <span class='ocr_line' id='line_1_11' title="bbox 260 1481 1442 1569; baseline -0.006 -21"><span class='ocrx_word' id='word_1_78' title='bbox 260 1486 338 1548; x_wconf 85' lang='lat' dir='ltr'>xius</span> <span class='ocrx_word' id='word_1_79' title='bbox 359 1482 457 1569; x_wconf 90' lang='lat' dir='ltr'>culpa</span> <span class='ocrx_word' id='word_1_80' title='bbox 478 1481 655 1546; x_wconf 87' lang='lat' dir='ltr'>cuiuslibet</span> <span class='ocrx_word' id='word_1_81' title='bbox 676 1483 821 1544; x_wconf 89' lang='lat' dir='ltr'>criminis</span> <span class='ocrx_word' id='word_1_82' title='bbox 844 1503 978 1546; x_wconf 88' lang='lat' dir='ltr'>nscuus.</span> <span class='ocrx_word' id='word_1_83' title='bbox 1417 1500 1442 1541; x_wconf 83' lang='lat' dir='ltr'>ro</span> 
     </span>
    </p>

    <p class='ocr_par' dir='ltr' id='par_1_5' title="bbox 261 1582 1444 2280">
     <span class='ocr_line' id='line_1_12' title="bbox 347 1582 1408 1672; baseline -0.001 -25"><span class='ocrx_word' id='word_1_84' title='bbox 347 1600 512 1648; x_wconf 66' lang='lat' dir='ltr'>moveris</span> <span class='ocrx_word' id='word_1_85' title='bbox 535 1599 672 1647; x_wconf 70' lang='lat' dir='ltr'>roenvs</span> <span class='ocrx_word' id='word_1_86' title='bbox 691 1593 722 1646; x_wconf 91' lang='lat' dir='ltr'>et</span> <span class='ocrx_word' id='word_1_87' title='bbox 743 1600 861 1647; x_wconf 72' lang='lat' dir='ltr'>Psonis</span> <span class='ocrx_word' id='word_1_88' title='bbox 884 1582 945 1648; x_wconf 91' lang='lat' dir='ltr'>boo</span> <span class='ocrx_word' id='word_1_89' title='bbox 963 1586 1117 1668; x_wconf 89' lang='lat' dir='ltr'>interest,</span> <span class='ocrx_word' id='word_1_90' title='bbox 1146 1585 1233 1672; x_wconf 90' lang='lat' dir='ltr'>quod</span> <span class='ocrx_word' id='word_1_91' title='bbox 1255 1585 1408 1649; x_wconf 77' lang='lat' dir='ltr'>induciae</span> 
     </span>
     <span class='ocr_line' id='line_1_13' title="bbox 261 1684 1409 1774; baseline -0.002 -23"><span class='ocrx_word' id='word_1_92' title='bbox 261 1710 397 1751; x_wconf 88' lang='lat' dir='ltr'>numero</span> <span class='ocrx_word' id='word_1_93' title='bbox 419 1686 544 1749; x_wconf 83' lang='lat' dir='ltr'>dierum</span> <span class='ocrx_word' id='word_1_94' title='bbox 567 1684 738 1765; x_wconf 86' lang='lat' dir='ltr'>liniuntur,</span> <span class='ocrx_word' id='word_1_95' title='bbox 770 1684 857 1771; x_wconf 91' lang='lat' dir='ltr'>quod</span> <span class='ocrx_word' id='word_1_96' title='bbox 880 1696 912 1749; x_wconf 89' lang='lat' dir='ltr'>et</span> <span class='ocrx_word' id='word_1_97' title='bbox 934 1696 1135 1774; x_wconf 78' lang='lat' dir='ltr'>sequestram</span> <span class='ocrx_word' id='word_1_98' title='bbox 1164 1708 1276 1773; x_wconf 84' lang='lat' dir='ltr'>pacem</span> <span class='ocrx_word' id='word_1_99' title='bbox 1298 1684 1409 1772; x_wconf 80' lang='lat' dir='ltr'>appel·</span> 
     </span>
     <span class='ocr_line' id='line_1_14' title="bbox 263 1785 1407 1875; baseline -0.003 -22"><span class='ocrx_word' id='word_1_100' title='bbox 263 1790 333 1853; x_wconf 83' lang='lat' dir='ltr'>lant</span> <span class='ocrx_word' id='word_1_101' title='bbox 354 1798 391 1851; x_wconf 92' lang='lat' dir='ltr'>ut</span> <span class='ocrx_word' id='word_1_102' title='bbox 421 1796 515 1872; x_wconf 67' lang='lat' dir='ltr'>‘paco</span> <span class='ocrx_word' id='word_1_103' title='bbox 540 1794 712 1871; x_wconf 85' lang='lat' dir='ltr'>sequestra</span> <span class='ocrx_word' id='word_1_104' title='bbox 735 1785 792 1848; x_wconf 88' lang='lat' dir='ltr'>Bis</span> <span class='ocrx_word' id='word_1_105' title='bbox 813 1809 908 1852; x_wconf 86' lang='lat' dir='ltr'>senos</span> <span class='ocrx_word' id='word_1_106' title='bbox 931 1790 1085 1875; x_wconf 81' lang='lat' dir='ltr'>pepigere</span> <span class='ocrx_word' id='word_1_107' title='bbox 1109 1788 1209 1871; x_wconf 80' lang='lat' dir='ltr'>dics&#39;3</span> <span class='ocrx_word' id='word_1_108' title='bbox 1234 1787 1351 1851; x_wconf 83' lang='lat' dir='ltr'>foedus</span> <span class='ocrx_word' id='word_1_109' title='bbox 1373 1789 1407 1850; x_wconf 92' lang='lat' dir='ltr'>in</span> 
     </span>
     <span class='ocr_line' id='line_1_15' title="bbox 262 1887 1407 1979; baseline -0.003 -24"><span class='ocrx_word' id='word_1_110' title='bbox 262 1899 456 1979; x_wconf 88' lang='lat' dir='ltr'>perpetuum</span> <span class='ocrx_word' id='word_1_111' title='bbox 482 1897 553 1949; x_wconf 86' lang='lat' dir='ltr'>aut·</span> <span class='ocrx_word' id='word_1_112' title='bbox 569 1887 603 1950; x_wconf 92' lang='lat' dir='ltr'>in</span> <span class='ocrx_word' id='word_1_113' title='bbox 636 1909 796 1952; x_wconf 88' lang='lat' dir='ltr'>annorum</span> <span class='ocrx_word' id='word_1_114' title='bbox 823 1899 947 1952; x_wconf 87' lang='lat' dir='ltr'>certum</span> <span class='ocrx_word' id='word_1_115' title='bbox 981 1910 1149 1952; x_wconf 91' lang='lat' dir='ltr'>numerum</span> <span class='ocrx_word' id='word_1_116' title='bbox 1178 1890 1310 1971; x_wconf 78' lang='lat' dir='ltr'>feritur3</span> <span class='ocrx_word' id='word_1_117' title='bbox 1342 1908 1407 1975; x_wconf 78' lang='lat' dir='ltr'>pax</span> 
     </span>
     <span class='ocr_line' id='line_1_16' title="bbox 264 1988 1444 2076; baseline -0.003 -20"><span class='ocrx_word' id='word_1_118' title='bbox 264 2016 337 2056; x_wconf 87' lang='lat' dir='ltr'>cnm</span> <span class='ocrx_word' id='word_1_119' title='bbox 367 2014 405 2054; x_wconf 92' lang='lat' dir='ltr'>eo</span> <span class='ocrx_word' id='word_1_120' title='bbox 434 1988 555 2076; x_wconf 91' lang='lat' dir='ltr'>populo</span> <span class='ocrx_word' id='word_1_121' title='bbox 583 1991 794 2074; x_wconf 86' lang='lat' dir='ltr'>conponitur‚</span> <span class='ocrx_word' id='word_1_122' title='bbox 821 1991 876 2074; x_wconf 91' lang='lat' dir='ltr'>qui</span> <span class='ocrx_word' id='word_1_123' title='bbox 903 1990 1098 2054; x_wconf 81' lang='lat' dir='ltr'>imbecillior</span> <span class='ocrx_word' id='word_1_124' title='bbox 1119 2000 1170 2054; x_wconf 85' lang='lat' dir='ltr'>est</span> <span class='ocrx_word' id='word_1_125' title='bbox 1191 1990 1296 2054; x_wconf 88' lang='lat' dir='ltr'>altero</span> <span class='ocrx_word' id='word_1_126' title='bbox 1314 2012 1407 2076; x_wconf 88' lang='lat' dir='ltr'>prae·</span> <span class='ocrx_word' id='word_1_127' title='bbox 1420 2012 1444 2052; x_wconf 86' lang='grc' dir='ltr'>ιι</span> 
     </span>
     <span class='ocr_line' id='line_1_17' title="bbox 265 2079 1409 2177; baseline -0.003 -20"><span class='ocrx_word' id='word_1_128' title='bbox 265 2093 412 2169; x_wconf 81' lang='lat' dir='ltr'>valente,</span> <span class='ocrx_word' id='word_1_129' title='bbox 440 2092 497 2177; x_wconf 92' lang='lat' dir='ltr'>qui</span> <span class='ocrx_word' id='word_1_130' title='bbox 522 2092 688 2153; x_wconf 85' lang='lat' dir='ltr'>existimet</span> <span class='ocrx_word' id='word_1_131' title='bbox 714 2091 815 2153; x_wconf 89' lang='lat' dir='ltr'>tutius</span> <span class='ocrx_word' id='word_1_132' title='bbox 843 2112 914 2154; x_wconf 89' lang='lat' dir='ltr'>esse</span> <span class='ocrx_word' id='word_1_133' title='bbox 935 2092 998 2156; x_wconf 92' lang='lat' dir='ltr'>sibi</span> <span class='ocrx_word' id='word_1_134' title='bbox 1021 2079 1220 2156; x_wconf 84' lang='lat' dir='ltr'>descendere</span> <span class='ocrx_word' id='word_1_135' title='bbox 1243 2094 1278 2155; x_wconf 91' lang='lat' dir='ltr'>in</span> <span class='ocrx_word' id='word_1_136' title='bbox 1299 2092 1409 2156; x_wconf 92' lang='lat' dir='ltr'>condi·</span> 
     </span>
     <span class='ocr_line' id='line_1_18' title="bbox 263 2190 1217 2280; baseline -0.002 -21"><span class='ocrx_word' id='word_1_137' title='bbox 263 2198 369 2260; x_wconf 84' lang='lat' dir='ltr'>tiones</span> <span class='ocrx_word' id='word_1_138' title='bbox 392 2193 482 2280; x_wconf 88' lang='lat' dir='ltr'>pacis</span> <span class='ocrx_word' id='word_1_139' title='bbox 505 2213 602 2278; x_wconf 90' lang='lat' dir='ltr'>quam</span> <span class='ocrx_word' id='word_1_140' title='bbox 624 2190 755 2255; x_wconf 88' lang='lat' dir='ltr'>dubiam</span> <span class='ocrx_word' id='word_1_141' title='bbox 779 2190 857 2255; x_wconf 90' lang='lat' dir='ltr'>belli</span> <span class='ocrx_word' id='word_1_142' title='bbox 877 2193 1041 2256; x_wconf 89' lang='lat' dir='ltr'>sortunsm</span> <span class='ocrx_word' id='word_1_143' title='bbox 1063 2195 1217 2278; x_wconf 85' lang='lat' dir='ltr'>experiri.</span> 
     </span>
    </p>
   </div>
   <div class='ocr_carea' id='block_1_3' title="bbox 267 2331 1415 3687">
    <p class='ocr_par' dir='ltr' id='par_1_6' title="bbox 267 2331 1414 3211">
     <span class='ocr_line' id='line_1_19' title="bbox 268 2331 1410 2400; baseline -0.004 -15"><span class='ocrx_word' id='word_1_144' title='bbox 268 2335 348 2400; x_wconf 85' lang='lat' dir='ltr'>qussi</span> <span class='ocrx_word' id='word_1_145' title='bbox 364 2334 438 2383; x_wconf 90' lang='lat' dir='ltr'>intus</span> <span class='ocrx_word' id='word_1_146' title='bbox 460 2333 490 2381; x_wconf 91' lang='lat' dir='ltr'>in</span> <span class='ocrx_word' id='word_1_147' title='bbox 509 2331 624 2381; x_wconf 86' lang='lat' dir='ltr'>altersm</span> <span class='ocrx_word' id='word_1_148' title='bbox 643 2348 711 2380; x_wconf 90' lang='lat' dir='ltr'>rem:</span> <span class='ocrx_word' id='word_1_149' title='bbox 732 2336 761 2380; x_wconf 91' lang='lat' dir='ltr'>et</span> <span class='ocrx_word' id='word_1_150' title='bbox 772 2332 938 2397; x_wconf 88' lang='lat' dir='ltr'>principium</span> <span class='ocrx_word' id='word_1_151' title='bbox 951 2333 1045 2391; x_wconf 80' lang='lat' dir='ltr'>semel,</span> <span class='ocrx_word' id='word_1_152' title='bbox 1065 2333 1174 2382; x_wconf 89' lang='lat' dir='ltr'>initium</span> <span class='ocrx_word' id='word_1_153' title='bbox 1190 2334 1310 2399; x_wconf 88' lang='lat' dir='ltr'>saepius.</span> <span class='ocrx_word' id='word_1_154' title='bbox 1336 2333 1410 2398; x_wconf 89' lang='lat' dir='ltr'>prin-</span> 
     </span>
     <span class='ocr_line' id='line_1_20' title="bbox 268 2401 1410 2469; baseline -0.004 -16"><span class='ocrx_word' id='word_1_155' title='bbox 268 2406 383 2469; x_wconf 89' lang='lat' dir='ltr'>cipium:</span> <span class='ocrx_word' id='word_1_156' title='bbox 403 2403 487 2450; x_wconf 77' lang='lat' dir='ltr'>Arma</span> <span class='ocrx_word' id='word_1_157' title='bbox 505 2401 646 2463; x_wconf 88' lang='lat' dir='ltr'>uirumque</span> <span class='ocrx_word' id='word_1_158' title='bbox 666 2415 744 2448; x_wconf 87' lang='lat' dir='ltr'>cano.</span> <span class='ocrx_word' id='word_1_159' title='bbox 774 2401 895 2448; x_wconf 86' lang='lat' dir='ltr'>initium:</span> <span class='ocrx_word' id='word_1_160' title='bbox 914 2402 994 2450; x_wconf 82' lang='lat' dir='ltr'>Musa</span> <span class='ocrx_word' id='word_1_161' title='bbox 1012 2402 1080 2452; x_wconf 73' lang='lat' dir='ltr'>mihi</span> <span class='ocrx_word' id='word_1_162' title='bbox 1097 2416 1198 2451; x_wconf 87' lang='lat' dir='ltr'>causas</span> <span class='ocrx_word' id='word_1_163' title='bbox 1216 2417 1344 2452; x_wconf 88' lang='lat' dir='ltr'>memora.</span> <span class='ocrx_word' id='word_1_164' title='bbox 1370 2402 1410 2449; x_wconf 87' lang='lat' dir='ltr'>in·</span> 
     </span>
     <span class='ocr_line' id='line_1_21' title="bbox 268 2468 1410 2533; baseline -0.004 -11"><span class='ocrx_word' id='word_1_165' title='bbox 268 2473 416 2521; x_wconf 88' lang='lat' dir='ltr'>ueniuntur</span> <span class='ocrx_word' id='word_1_166' title='bbox 433 2476 527 2517; x_wconf 86' lang='lat' dir='ltr'>temen</span> <span class='ocrx_word' id='word_1_167' title='bbox 544 2468 696 2532; x_wconf 82' lang='lat' dir='ltr'>principis,</span> <span class='ocrx_word' id='word_1_168' title='bbox 716 2482 786 2532; x_wconf 84' lang='lat' dir='ltr'>quse</span> <span class='ocrx_word' id='word_1_169' title='bbox 806 2473 906 2517; x_wconf 85' lang='lat' dir='ltr'>natura</span> <span class='ocrx_word' id='word_1_170' title='bbox 923 2470 966 2518; x_wconf 91' lang='lat' dir='ltr'>sui</span> <span class='ocrx_word' id='word_1_171' title='bbox 985 2474 1126 2519; x_wconf 78' lang='lat' dir='ltr'>ostentet</span> <span class='ocrx_word' id='word_1_172' title='bbox 1144 2470 1238 2533; x_wconf 89' lang='lat' dir='ltr'>specie</span> <span class='ocrx_word' id='word_1_173' title='bbox 1262 2469 1344 2518; x_wconf 86' lang='lat' dir='ltr'>initis</span> <span class='ocrx_word' id='word_1_174' title='bbox 1362 2468 1410 2518; x_wconf 85' lang='lat' dir='ltr'>ha·</span> 
     </span>
     <span class='ocr_line' id='line_1_22' title="bbox 267 2534 1410 2599; baseline -0.005 -9"><span class='ocrx_word' id='word_1_175' title='bbox 267 2541 336 2590; x_wconf 89' lang='lat' dir='ltr'>bent</span> <span class='ocrx_word' id='word_1_176' title='bbox 352 2545 395 2587; x_wconf 89' lang='lat' dir='ltr'>ut:</span> <span class='ocrx_word' id='word_1_177' title='bbox 414 2537 451 2585; x_wconf 77' lang='lat' dir='ltr'>At</span> <span class='ocrx_word' id='word_1_178' title='bbox 473 2537 570 2599; x_wconf 82' lang='lat' dir='ltr'>regina</span> <span class='ocrx_word' id='word_1_179' title='bbox 593 2535 673 2599; x_wconf 78' lang='lat' dir='ltr'>graui</span> <span class='ocrx_word' id='word_1_180' title='bbox 691 2534 848 2584; x_wconf 79' lang='lat' dir='ltr'>iamdudum</span> <span class='ocrx_word' id='word_1_181' title='bbox 866 2537 962 2585; x_wconf 81' lang='lat' dir='ltr'>saucio</span> <span class='ocrx_word' id='word_1_182' title='bbox 981 2552 1056 2585; x_wconf 86' lang='lat' dir='ltr'>oure.</span> <span class='ocrx_word' id='word_1_183' title='bbox 1093 2542 1134 2585; x_wconf 85' lang='lat' dir='ltr'>et:</span> <span class='ocrx_word' id='word_1_184' title='bbox 1159 2539 1205 2587; x_wconf 69' lang='lat' dir='ltr'>Sic</span> <span class='ocrx_word' id='word_1_185' title='bbox 1225 2538 1300 2588; x_wconf 86' lang='lat' dir='ltr'>latur</span> <span class='ocrx_word' id='word_1_186' title='bbox 1322 2537 1410 2599; x_wconf 78' lang='lat' dir='ltr'>lacry-</span> 
     </span>
     <span class='ocr_line' id='line_1_23' title="bbox 268 2601 1412 2670; baseline -0.003 -13"><span class='ocrx_word' id='word_1_187' title='bbox 268 2622 362 2667; x_wconf 84' lang='lat' dir='ltr'>mans,</span> <span class='ocrx_word' id='word_1_188' title='bbox 387 2604 524 2668; x_wconf 80' lang='lat' dir='ltr'>classique</span> <span class='ocrx_word' id='word_1_189' title='bbox 544 2603 667 2650; x_wconf 86' lang='lat' dir='ltr'>immittit</span> <span class='ocrx_word' id='word_1_190' title='bbox 684 2601 828 2651; x_wconf 76' lang='lat' dir='ltr'>habenas.¹</span> <span class='ocrx_word' id='word_1_191' title='bbox 866 2603 889 2651; x_wconf 85' lang='lat' dir='ltr'>G</span> <span class='ocrx_word' id='word_1_192' title='bbox 912 2620 939 2668; x_wconf 90' lang='lat' dir='ltr'>p.</span> <span class='ocrx_word' id='word_1_193' title='bbox 958 2602 991 2654; x_wconf 81' lang='lat'>93</span> <span class='ocrx_word' id='word_1_194' title='bbox 1014 2620 1042 2655; x_wconf 88' lang='lat' dir='ltr'>n.</span> <span class='ocrx_word' id='word_1_195' title='bbox 1062 2604 1107 2653; x_wconf 83' lang='lat'>58:</span> <span class='ocrx_word' id='word_1_196' title='bbox 1128 2606 1307 2670; x_wconf 78' lang='lat' dir='ltr'>‘Principium</span> <span class='ocrx_word' id='word_1_197' title='bbox 1326 2605 1412 2654; x_wconf 89' lang='lat' dir='ltr'>totius</span> 
     </span>
     <span class='ocr_line' id='line_1_24' title="bbox 269 2669 1412 2739; baseline -0.003 -14"><span class='ocrx_word' id='word_1_198' title='bbox 269 2675 391 2739; x_wconf 88' lang='lat' dir='ltr'>corporis</span> <span class='ocrx_word' id='word_1_199' title='bbox 410 2678 465 2731; x_wconf 81' lang='lat' dir='ltr'>est,</span> <span class='ocrx_word' id='word_1_200' title='bbox 491 2669 599 2722; x_wconf 89' lang='lat' dir='ltr'>initium</span> <span class='ocrx_word' id='word_1_201' title='bbox 622 2670 702 2734; x_wconf 86' lang='lat' dir='ltr'>quasi</span> <span class='ocrx_word' id='word_1_202' title='bbox 724 2669 858 2736; x_wconf 73' lang='lat' dir='ltr'>primum.¹</span> <span class='ocrx_word' id='word_1_203' title='bbox 900 2671 926 2719; x_wconf 91' lang='lat' dir='ltr'>H</span> <span class='ocrx_word' id='word_1_204' title='bbox 949 2688 975 2737; x_wconf 87' lang='lat' dir='ltr'>p.</span> <span class='ocrx_word' id='word_1_205' title='bbox 997 2670 1024 2720; x_wconf 93' lang='lat' dir='ltr'>l:</span> <span class='ocrx_word' id='word_1_206' title='bbox 1053 2673 1231 2738; x_wconf 80' lang='lat' dir='ltr'>‘Principium</span> <span class='ocrx_word' id='word_1_207' title='bbox 1249 2676 1335 2723; x_wconf 89' lang='lat' dir='ltr'>totius</span> <span class='ocrx_word' id='word_1_208' title='bbox 1354 2687 1412 2722; x_wconf 88' lang='lat' dir='ltr'>cor·</span> 
     </span>
     <span class='ocr_line' id='line_1_25' title="bbox 269 2736 1412 2808; baseline -0.003 -16"><span class='ocrx_word' id='word_1_209' title='bbox 269 2746 358 2808; x_wconf 86' lang='lat' dir='ltr'>poris,</span> <span class='ocrx_word' id='word_1_210' title='bbox 390 2739 500 2788; x_wconf 89' lang='lat' dir='ltr'>initium</span> <span class='ocrx_word' id='word_1_211' title='bbox 528 2736 588 2786; x_wconf 64' lang='lat' dir='ltr'>rei!</span> <span class='ocrx_word' id='word_1_212' title='bbox 629 2738 773 2802; x_wconf 81' lang='lat' dir='ltr'>Appendix</span> <span class='ocrx_word' id='word_1_213' title='bbox 801 2739 836 2787; x_wconf 86' lang='lat' dir='ltr'>sd</span> <span class='ocrx_word' id='word_1_214' title='bbox 859 2739 944 2788; x_wconf 88' lang='lat' dir='ltr'>Probi</span> <span class='ocrx_word' id='word_1_215' title='bbox 972 2746 1060 2789; x_wconf 85' lang='lat' dir='ltr'>artem</span> <span class='ocrx_word' id='word_1_216' title='bbox 1087 2742 1219 2791; x_wconf 87' lang='lat' dir='ltr'>minorem</span> <span class='ocrx_word' id='word_1_217' title='bbox 1248 2739 1354 2805; x_wconf 62' lang='lat' dir='ltr'>peno</span> <span class='ocrx_word' id='word_1_218' title='bbox 1372 2754 1412 2803; x_wconf 89' lang='lat' dir='ltr'>sq.</span> 
     </span>
     <span class='ocr_line' id='line_1_26' title="bbox 269 2806 1412 2873; baseline -0.004 -13"><span class='ocrx_word' id='word_1_219' title='bbox 269 2827 296 2860; x_wconf 86' lang='grc' dir='ltr'>ιι.</span> <span class='ocrx_word' id='word_1_220' title='bbox 318 2808 377 2858; x_wconf 78' lang='lat'>105:</span> <span class='ocrx_word' id='word_1_221' title='bbox 404 2808 489 2855; x_wconf 84' lang='lat' dir='ltr'>‘Inter</span> <span class='ocrx_word' id='word_1_222' title='bbox 507 2806 671 2871; x_wconf 89' lang='lat' dir='ltr'>principium</span> <span class='ocrx_word' id='word_1_223' title='bbox 690 2812 718 2854; x_wconf 89' lang='lat' dir='ltr'>et</span> <span class='ocrx_word' id='word_1_224' title='bbox 742 2806 849 2855; x_wconf 89' lang='lat' dir='ltr'>initium</span> <span class='ocrx_word' id='word_1_225' title='bbox 868 2807 920 2856; x_wconf 89' lang='lat' dir='ltr'>hoc</span> <span class='ocrx_word' id='word_1_226' title='bbox 937 2808 1068 2869; x_wconf 85' lang='lat' dir='ltr'>interest,</span> <span class='ocrx_word' id='word_1_227' title='bbox 1088 2809 1158 2872; x_wconf 90' lang='lat' dir='ltr'>quod</span> <span class='ocrx_word' id='word_1_228' title='bbox 1176 2809 1340 2873; x_wconf 88' lang='lat' dir='ltr'>principium</span> <span class='ocrx_word' id='word_1_229' title='bbox 1358 2809 1412 2872; x_wconf 87' lang='lat' dir='ltr'>pri-</span> 
     </span>
     <span class='ocr_line' id='line_1_27' title="bbox 270 2872 1413 2940; baseline -0.003 -14"><span class='ocrx_word' id='word_1_230' title='bbox 270 2892 342 2926; x_wconf 88' lang='lat' dir='ltr'>mam</span> <span class='ocrx_word' id='word_1_231' title='bbox 365 2880 472 2940; x_wconf 88' lang='lat' dir='ltr'>partem</span> <span class='ocrx_word' id='word_1_232' title='bbox 496 2874 626 2929; x_wconf 77' lang='lat' dir='ltr'>carminis</span> <span class='ocrx_word' id='word_1_233' title='bbox 648 2872 800 2937; x_wconf 84' lang='lat' dir='ltr'>significat,</span> <span class='ocrx_word' id='word_1_234' title='bbox 826 2875 936 2924; x_wconf 86' lang='lat' dir='ltr'>initium</span> <span class='ocrx_word' id='word_1_235' title='bbox 960 2891 1024 2924; x_wconf 86' lang='lat' dir='ltr'>uero</span> <span class='ocrx_word' id='word_1_236' title='bbox 1048 2876 1261 2939; x_wconf 87' lang='lat' dir='ltr'>uniuscuiusque</span> <span class='ocrx_word' id='word_1_237' title='bbox 1284 2877 1325 2925; x_wconf 88' lang='lat' dir='ltr'>rei</span> <span class='ocrx_word' id='word_1_238' title='bbox 1344 2874 1413 2924; x_wconf 91' lang='lat' dir='ltr'>inci-</span> 
     </span>
     <span class='ocr_line' id='line_1_28' title="bbox 271 2939 1412 3008; baseline -0.003 -14"><span class='ocrx_word' id='word_1_239' title='bbox 271 2945 363 2994; x_wconf 88' lang='lat' dir='ltr'>dentis</span> <span class='ocrx_word' id='word_1_240' title='bbox 386 2948 514 3008; x_wconf 88' lang='lat' dir='ltr'>coeptum</span> <span class='ocrx_word' id='word_1_241' title='bbox 538 2956 598 2990; x_wconf 87' lang='lat' dir='ltr'>esse</span> <span class='ocrx_word' id='word_1_242' title='bbox 625 2939 816 2990; x_wconf 86' lang='lat' dir='ltr'>demonstrat.’</span> <span class='ocrx_word' id='word_1_243' title='bbox 856 2943 870 2992; x_wconf 90' lang='lat'>1</span> <span class='ocrx_word' id='word_1_244' title='bbox 893 2941 956 2991; x_wconf 72' lang='lat'>289:</span> <span class='ocrx_word' id='word_1_245' title='bbox 984 2944 1110 2992; x_wconf 87' lang='lat' dir='ltr'>‘Initium</span> <span class='ocrx_word' id='word_1_246' title='bbox 1135 2949 1178 2993; x_wconf 89' lang='lat' dir='ltr'>est</span> <span class='ocrx_word' id='word_1_247' title='bbox 1195 2960 1300 3006; x_wconf 87' lang='lat' dir='ltr'>rerum,</span> <span class='ocrx_word' id='word_1_248' title='bbox 1325 2960 1342 2992; x_wconf 85' lang='lat' dir='ltr'>s</span> <span class='ocrx_word' id='word_1_249' title='bbox 1360 2957 1412 3006; x_wconf 88' lang='lat' dir='ltr'>quo</span> 
     </span>
     <span class='ocr_line' id='line_1_29' title="bbox 271 3008 1414 3077; baseline -0.003 -16"><span class='ocrx_word' id='word_1_250' title='bbox 271 3013 336 3077; x_wconf 90' lang='lat' dir='ltr'>quid</span> <span class='ocrx_word' id='word_1_251' title='bbox 348 3011 455 3074; x_wconf 85' lang='lat' dir='ltr'>incipit,</span> <span class='ocrx_word' id='word_1_252' title='bbox 473 3014 504 3058; x_wconf 89' lang='lat' dir='ltr'>ut</span> <span class='ocrx_word' id='word_1_253' title='bbox 516 3008 697 3058; x_wconf 79' lang='lat' dir='ltr'>fundamenta</span> <span class='ocrx_word' id='word_1_254' title='bbox 709 3009 813 3067; x_wconf 83' lang='lat' dir='ltr'>domus,</span> <span class='ocrx_word' id='word_1_255' title='bbox 834 3011 930 3059; x_wconf 87' lang='lat' dir='ltr'>carina</span> <span class='ocrx_word' id='word_1_256' title='bbox 947 3012 1041 3072; x_wconf 87' lang='lat' dir='ltr'>nauis;</span> <span class='ocrx_word' id='word_1_257' title='bbox 1060 3012 1224 3076; x_wconf 89' lang='lat' dir='ltr'>principium</span> <span class='ocrx_word' id='word_1_258' title='bbox 1243 3018 1335 3061; x_wconf 86' lang='lat' dir='ltr'>sutem</span> <span class='ocrx_word' id='word_1_259' title='bbox 1353 3025 1414 3059; x_wconf 88' lang='lat' dir='ltr'>uer·</span> 
     </span>
     <span class='ocr_line' id='line_1_30' title="bbox 270 3073 1413 3145; baseline -0.003 -15"><span class='ocrx_word' id='word_1_260' title='bbox 270 3081 367 3130; x_wconf 89' lang='lat' dir='ltr'>borum</span> <span class='ocrx_word' id='word_1_261' title='bbox 390 3078 528 3127; x_wconf 82' lang='lat' dir='ltr'>exordium</span> <span class='ocrx_word' id='word_1_262' title='bbox 554 3073 616 3125; x_wconf 82' lang='lat' dir='ltr'>est&#39;</span> <span class='ocrx_word' id='word_1_263' title='bbox 652 3076 746 3125; x_wconf 76' lang='lat'>1475:</span> <span class='ocrx_word' id='word_1_264' title='bbox 773 3078 954 3144; x_wconf 89' lang='lat' dir='ltr'>‘Principium</span> <span class='ocrx_word' id='word_1_265' title='bbox 978 3082 1068 3143; x_wconf 88' lang='lat' dir='ltr'>prima</span> <span class='ocrx_word' id='word_1_266' title='bbox 1085 3095 1163 3145; x_wconf 86' lang='lat' dir='ltr'>pars,</span> <span class='ocrx_word' id='word_1_267' title='bbox 1189 3080 1299 3129; x_wconf 86' lang='lat' dir='ltr'>initium</span> <span class='ocrx_word' id='word_1_268' title='bbox 1320 3079 1413 3128; x_wconf 86' lang='lat' dir='ltr'>unius·</span> 
     </span>
     <span class='ocr_line' id='line_1_31' title="bbox 270 3143 1206 3211; baseline -0.009 -14"><span class='ocrx_word' id='word_1_269' title='bbox 270 3149 402 3211; x_wconf 84' lang='lat' dir='ltr'>cuiusque</span> <span class='ocrx_word' id='word_1_270' title='bbox 421 3147 462 3195; x_wconf 91' lang='lat' dir='ltr'>rei</span> <span class='ocrx_word' id='word_1_271' title='bbox 480 3145 640 3209; x_wconf 87' lang='lat' dir='ltr'>incipientis</span> <span class='ocrx_word' id='word_1_272' title='bbox 658 3143 805 3208; x_wconf 88' lang='lat' dir='ltr'>coeptum.’</span> <span class='ocrx_word' id='word_1_273' title='bbox 1201 3150 1206 3160; x_wconf 93' lang='grc'>·</span> 
     </span>
    </p>

    <p class='ocr_par' dir='ltr' id='par_1_7' title="bbox 271 3210 1415 3402">
     <span class='ocr_line' id='line_1_32' title="bbox 338 3210 1413 3278; baseline -0.003 -13"><span class='ocrx_word' id='word_1_274' title='bbox 338 3216 447 3265; x_wconf 83' lang='lat' dir='ltr'>Iunium</span> <span class='ocrx_word' id='word_1_275' title='bbox 459 3213 570 3262; x_wconf 85' lang='lat' dir='ltr'>denium</span> <span class='ocrx_word' id='word_1_276' title='bbox 582 3215 672 3261; x_wconf 89' lang='lat' dir='ltr'>auium</span> <span class='ocrx_word' id='word_1_277' title='bbox 684 3210 817 3277; x_wconf 86' lang='lat' dir='ltr'>peruium]</span> <span class='ocrx_word' id='word_1_278' title='bbox 837 3214 861 3262; x_wconf 82' lang='lat' dir='ltr'>G</span> <span class='ocrx_word' id='word_1_279' title='bbox 874 3230 899 3278; x_wconf 92' lang='lat' dir='ltr'>p.</span> <span class='ocrx_word' id='word_1_280' title='bbox 916 3212 964 3262; x_wconf 87' lang='grc'>104</span> <span class='ocrx_word' id='word_1_281' title='bbox 976 3229 1001 3263; x_wconf 90' lang='lat' dir='ltr'>n.</span> <span class='ocrx_word' id='word_1_282' title='bbox 1015 3215 1080 3264; x_wconf 80' lang='lat'>221:</span> <span class='ocrx_word' id='word_1_283' title='bbox 1100 3216 1216 3265; x_wconf 74' lang='lat' dir='ltr'>‘Iunium</span> <span class='ocrx_word' id='word_1_284' title='bbox 1229 3217 1344 3264; x_wconf 87' lang='lat' dir='ltr'>estsine</span> <span class='ocrx_word' id='word_1_285' title='bbox 1357 3215 1413 3275; x_wconf 82' lang='lat' dir='ltr'>uis,</span> 
     </span>
     <span class='ocr_line' id='line_1_33' title="bbox 271 3279 1415 3349; baseline -0.003 -15"><span class='ocrx_word' id='word_1_286' title='bbox 271 3291 418 3341; x_wconf 75' lang='lat' dir='ltr'>secretum3</span> <span class='ocrx_word' id='word_1_287' title='bbox 443 3281 551 3330; x_wconf 85' lang='lat' dir='ltr'>denium</span> <span class='ocrx_word' id='word_1_288' title='bbox 570 3280 695 3330; x_wconf 86' lang='lat' dir='ltr'>desertus</span> <span class='ocrx_word' id='word_1_289' title='bbox 714 3279 803 3341; x_wconf 79' lang='lat' dir='ltr'>locus3</span> <span class='ocrx_word' id='word_1_290' title='bbox 823 3282 914 3330; x_wconf 77' lang='lat' dir='ltr'>smum</span> <span class='ocrx_word' id='word_1_291' title='bbox 933 3286 1011 3332; x_wconf 78' lang='lat' dir='ltr'>estre</span> <span class='ocrx_word' id='word_1_292' title='bbox 1029 3285 1117 3345; x_wconf 76' lang='lat' dir='ltr'>niem3</span> <span class='ocrx_word' id='word_1_293' title='bbox 1140 3284 1265 3348; x_wconf 88' lang='lat' dir='ltr'>peruium</span> <span class='ocrx_word' id='word_1_294' title='bbox 1276 3299 1326 3349; x_wconf 86' lang='lat' dir='ltr'>per</span> <span class='ocrx_word' id='word_1_295' title='bbox 1343 3281 1415 3347; x_wconf 87' lang='lat' dir='ltr'>quod</span> 
     </span>
     <span class='ocr_line' id='line_1_34' title="bbox 273 3347 460 3402; baseline -0.027 0"><span class='ocrx_word' id='word_1_296' title='bbox 273 3347 460 3402; x_wconf 62' lang='lat' dir='ltr'>commeatur)</span> 
     </span>
    </p>

    <p class='ocr_par' dir='ltr' id='par_1_8' title="bbox 273 3413 1415 3687">
     <span class='ocr_line' id='line_1_35' title="bbox 340 3413 1415 3482; baseline -0.002 -14"><span class='ocrx_word' id='word_1_297' title='bbox 340 3420 477 3469; x_wconf 86' lang='lat' dir='ltr'>Innocens</span> <span class='ocrx_word' id='word_1_298' title='bbox 494 3413 631 3480; x_wconf 83' lang='lat' dir='ltr'>innoxius]</span> <span class='ocrx_word' id='word_1_299' title='bbox 652 3415 675 3464; x_wconf 87' lang='lat' dir='ltr'><strong>G</strong></span> <span class='ocrx_word' id='word_1_300' title='bbox 697 3433 722 3482; x_wconf 91' lang='lat' dir='ltr'>p.</span> <span class='ocrx_word' id='word_1_301' title='bbox 742 3414 776 3464; x_wconf 81' lang='lat'>80</span> <span class='ocrx_word' id='word_1_302' title='bbox 799 3432 826 3465; x_wconf 87' lang='grc' dir='ltr'>ιι.</span> <span class='ocrx_word' id='word_1_303' title='bbox 845 3415 876 3466; x_wconf 78' lang='grc' dir='ltr'><strong>9ι</strong></span> <span class='ocrx_word' id='word_1_304' title='bbox 901 3418 1052 3468; x_wconf 81' lang='lat' dir='ltr'>‘Innocens</span> <span class='ocrx_word' id='word_1_305' title='bbox 1070 3421 1223 3469; x_wconf 78' lang='lat' dir='ltr'>sanctitate</span> <span class='ocrx_word' id='word_1_306' title='bbox 1246 3434 1349 3468; x_wconf 89' lang='lat' dir='ltr'>morum</span> <span class='ocrx_word' id='word_1_307' title='bbox 1372 3418 1415 3467; x_wconf 87' lang='lat' dir='ltr'>iu·</span> 
     </span>
     <span class='ocr_line' id='line_1_36' title="bbox 273 3480 1414 3552; baseline -0.003 -15"><span class='ocrx_word' id='word_1_308' title='bbox 273 3488 417 3552; x_wconf 79' lang='lat' dir='ltr'>telligitur‚</span> <span class='ocrx_word' id='word_1_309' title='bbox 438 3487 572 3535; x_wconf 89' lang='lat' dir='ltr'>innocuus</span> <span class='ocrx_word' id='word_1_310' title='bbox 591 3485 636 3548; x_wconf 91' lang='lat' dir='ltr'>qui</span> <span class='ocrx_word' id='word_1_311' title='bbox 654 3500 708 3533; x_wconf 90' lang='lat' dir='ltr'>non</span> <span class='ocrx_word' id='word_1_312' title='bbox 726 3484 812 3533; x_wconf 84' lang='lat' dir='ltr'>habet</span> <span class='ocrx_word' id='word_1_313' title='bbox 830 3486 949 3534; x_wconf 83' lang='lat' dir='ltr'>nocendi</span> <span class='ocrx_word' id='word_1_314' title='bbox 966 3486 1157 3537; x_wconf 61' lang='lat' dir='ltr'>uoluntatem)</span> <span class='ocrx_word' id='word_1_315' title='bbox 1181 3487 1205 3536; x_wconf 86' lang='lat' dir='ltr'>R</span> <span class='ocrx_word' id='word_1_316' title='bbox 1222 3480 1328 3551; x_wconf 82' lang='lat' dir='ltr'><strong>p.‘314:</strong></span> <span class='ocrx_word' id='word_1_317' title='bbox 1348 3486 1414 3549; x_wconf 75' lang='lat' dir='ltr'>l‘In-</span> 
     </span>
     <span class='ocr_line' id='line_1_37' title="bbox 273 3552 1415 3619; baseline -0.004 -13"><span class='ocrx_word' id='word_1_318' title='bbox 273 3561 419 3606; x_wconf 82' lang='lat' dir='ltr'>nocentem</span> <span class='ocrx_word' id='word_1_319' title='bbox 442 3560 470 3602; x_wconf 89' lang='lat' dir='ltr'>et</span> <span class='ocrx_word' id='word_1_320' title='bbox 493 3554 647 3601; x_wconf 88' lang='lat' dir='ltr'>innocuum.</span> <span class='ocrx_word' id='word_1_321' title='bbox 677 3552 810 3601; x_wconf 81' lang='lat' dir='ltr'>innocens</span> <span class='ocrx_word' id='word_1_322' title='bbox 834 3554 985 3603; x_wconf 80' lang='lat' dir='ltr'>sanctitate</span> <span class='ocrx_word' id='word_1_323' title='bbox 1004 3556 1119 3617; x_wconf 74' lang='lat' dir='ltr'>morum)</span> <span class='ocrx_word' id='word_1_324' title='bbox 1137 3554 1317 3619; x_wconf 76' lang='lat' dir='ltr'>intellegitur,</span> <span class='ocrx_word' id='word_1_325' title='bbox 1336 3554 1415 3603; x_wconf 89' lang='lat' dir='ltr'>inno·</span> 
     </span>
     <span class='ocr_line' id='line_1_38' title="bbox 274 3618 1413 3687; baseline -0.002 -14"><span class='ocrx_word' id='word_1_326' title='bbox 274 3639 340 3675; x_wconf 86' lang='lat' dir='ltr'>cuns</span> <span class='ocrx_word' id='word_1_327' title='bbox 354 3624 401 3687; x_wconf 89' lang='lat' dir='ltr'>qui</span> <span class='ocrx_word' id='word_1_328' title='bbox 417 3636 472 3670; x_wconf 87' lang='lat' dir='ltr'>non</span> <span class='ocrx_word' id='word_1_329' title='bbox 489 3620 576 3669; x_wconf 87' lang='lat' dir='ltr'>habet</span> <span class='ocrx_word' id='word_1_330' title='bbox 594 3621 650 3669; x_wconf 90' lang='lat' dir='ltr'>uim</span> <span class='ocrx_word' id='word_1_331' title='bbox 668 3618 805 3669; x_wconf 88' lang='lat' dir='ltr'>nocendi.&#39;</span> <span class='ocrx_word' id='word_1_332' title='bbox 836 3619 924 3671; x_wconf 78' lang='lat'>1293:</span> <span class='ocrx_word' id='word_1_333' title='bbox 945 3623 1091 3673; x_wconf 81' lang='lat' dir='ltr'>‘innocuus</span> <span class='ocrx_word' id='word_1_334' title='bbox 1105 3628 1148 3673; x_wconf 89' lang='lat' dir='ltr'>est</span> <span class='ocrx_word' id='word_1_335' title='bbox 1166 3623 1211 3672; x_wconf 87' lang='lat' dir='ltr'>eui</span> <span class='ocrx_word' id='word_1_336' title='bbox 1223 3638 1278 3671; x_wconf 89' lang='lat' dir='ltr'>non</span> <span class='ocrx_word' id='word_1_337' title='bbox 1290 3626 1413 3684; x_wconf 83' lang='lat' dir='ltr'>nocetur,</span> 
     </span>
    </p>
   </div>
   <div class='ocr_carea' id='block_1_4' title="bbox 274 3736 1421 4253">
    <p class='ocr_par' dir='ltr' id='par_1_9' title="bbox 274 3736 1421 4253">
     <span class='ocr_line' id='line_1_39' title="bbox 360 3736 1415 3825; baseline -0.001 -25"><span class='ocrx_word' id='word_1_338' title='bbox 360 3752 425 3805; x_wconf 69' lang='lat' dir='ltr'>tut</span> <span class='ocrx_word' id='word_1_339' title='bbox 438 3744 472 3799; x_wconf 92' lang='lat' dir='ltr'><em>M</em></span> <span class='ocrx_word' id='word_1_340' title='bbox 488 3736 503 3824; x_wconf 76' lang='lat' dir='ltr'>ll</span> <span class='ocrx_word' id='word_1_341' title='bbox 524 3738 621 3819; x_wconf 87' lang='lat' dir='ltr'>arma]</span> <span class='ocrx_word' id='word_1_342' title='bbox 645 3742 727 3814; x_wconf 81' lang='lat' dir='ltr'>Verp.</span> <span class='ocrx_word' id='word_1_343' title='bbox 743 3742 814 3798; x_wconf 80' lang='lat' dir='ltr'>Aen.</span> <span class='ocrx_word' id='word_1_344' title='bbox 836 3743 856 3799; x_wconf 87' lang='lat' dir='ltr'><em>I</em></span> <span class='ocrx_word' id='word_1_345' title='bbox 871 3749 886 3798; x_wconf 86' lang='grc'><em>1</em></span> <span class='ocrx_word' id='word_1_346' title='bbox 901 3738 914 3823; x_wconf 76' lang='lat' dir='ltr'>ll</span> <span class='ocrx_word' id='word_1_347' title='bbox 934 3744 1091 3822; x_wconf 73' lang='lat' dir='ltr'>auitoque</span> <span class='ocrx_word' id='word_1_348' title='bbox 1108 3739 1151 3801; x_wconf 89' lang='lat' dir='ltr'>M¹</span> <span class='ocrx_word' id='word_1_349' title='bbox 1173 3738 1186 3825; x_wconf 76' lang='lat' dir='ltr'>ll</span> <span class='ocrx_word' id='word_1_350' title='bbox 1208 3740 1307 3821; x_wconf 86' lang='lat' dir='ltr'>musa]</span> <span class='ocrx_word' id='word_1_351' title='bbox 1332 3746 1415 3817; x_wconf 81' lang='lat' dir='ltr'>Vcrp.</span> 
     </span>
     <span class='ocr_line' id='line_1_40' title="bbox 274 3819 1417 3911; baseline -0.003 -22"><span class='ocrx_word' id='word_1_352' title='bbox 274 3834 345 3890; x_wconf 76' lang='lat' dir='ltr'>Aen.</span> <span class='ocrx_word' id='word_1_353' title='bbox 362 3832 382 3888; x_wconf 88' lang='lat' dir='ltr'><em>I</em></span> <span class='ocrx_word' id='word_1_354' title='bbox 390 3836 407 3887; x_wconf 77' lang='grc'><em>8</em></span> <span class='ocrx_word' id='word_1_355' title='bbox 424 3823 437 3909; x_wconf 74' lang='lat' dir='ltr'>ll</span> <span class='ocrx_word' id='word_1_356' title='bbox 452 3828 603 3885; x_wconf 88' lang='lat' dir='ltr'>inuenitur</span> <span class='ocrx_word' id='word_1_357' title='bbox 611 3828 649 3882; x_wconf 90' lang='lat' dir='ltr'><em>M</em></span> <span class='ocrx_word' id='word_1_358' title='bbox 660 3819 674 3906; x_wconf 78' lang='lat' dir='ltr'>H</span> <span class='ocrx_word' id='word_1_359' title='bbox 688 3826 859 3904; x_wconf 71' lang='lat' dir='ltr'>tinitiaque</span> <span class='ocrx_word' id='word_1_360' title='bbox 870 3829 901 3884; x_wconf 88' lang='lat' dir='ltr'><em>M</em></span> <span class='ocrx_word' id='word_1_361' title='bbox 914 3822 927 3910; x_wconf 78' lang='grc' dir='ltr'>ΙΙ</span> <span class='ocrx_word' id='word_1_362' title='bbox 942 3837 1079 3890; x_wconf 77' lang='lat' dir='ltr'>naturam</span> <span class='ocrx_word' id='word_1_363' title='bbox 1093 3831 1123 3887; x_wconf 91' lang='lat' dir='ltr'><em>M</em></span> <span class='ocrx_word' id='word_1_364' title='bbox 1136 3823 1150 3911; x_wconf 74' lang='lat' dir='ltr'>{l</span> <span class='ocrx_word' id='word_1_365' title='bbox 1165 3830 1303 3903; x_wconf 69' lang='lat' dir='ltr'>‘fortasse</span> <span class='ocrx_word' id='word_1_366' title='bbox 1315 3838 1417 3888; x_wconf 91' lang='lat' dir='ltr'>tamen</span> 
     </span>
     <span class='ocr_line' id='line_1_41' title="bbox 274 3911 1416 3996; baseline -0.004 -21"><span class='ocrx_word' id='word_1_367' title='bbox 274 3915 425 3996; x_wconf 83' lang='lat' dir='ltr'>principis</span> <span class='ocrx_word' id='word_1_368' title='bbox 440 3924 467 3971; x_wconf 81' lang='lat' dir='ltr'>et</span> <span class='ocrx_word' id='word_1_369' title='bbox 481 3912 613 3990; x_wconf 87' lang='lat' dir='ltr'>speciem</span> <span class='ocrx_word' id='word_1_370' title='bbox 629 3911 724 3967; x_wconf 88' lang='lat' dir='ltr'>initii&#39;</span> <span class='ocrx_word' id='word_1_371' title='bbox 736 3913 874 3970; x_wconf 73' lang='lat' dir='ltr'>Bellias.-</span> <span class='ocrx_word' id='word_1_372' title='bbox 890 3921 993 3972; x_wconf 83' lang='lat' dir='ltr'>temen</span> <span class='ocrx_word' id='word_1_373' title='bbox 1007 3916 1094 3975; x_wconf 88' lang='lat' dir='ltr'>initia</span> <span class='ocrx_word' id='word_1_374' title='bbox 1110 3926 1139 3973; x_wconf 82' lang='lat' dir='ltr'>et</span> <span class='ocrx_word' id='word_1_375' title='bbox 1153 3915 1286 3993; x_wconf 88' lang='lat' dir='ltr'>speciem</span> <span class='ocrx_word' id='word_1_376' title='bbox 1305 3914 1416 3993; x_wconf 89' lang='lat' dir='ltr'>princi·</span> 
     </span>
     <span class='ocr_line' id='line_1_42' title="bbox 275 3992 1415 4081; baseline -0.001 -24"><span class='ocrx_word' id='word_1_377' title='bbox 275 4002 319 4079; x_wconf 94' lang='lat' dir='ltr'>pii</span> <span class='ocrx_word' id='word_1_378' title='bbox 331 4001 367 4057; x_wconf 90' lang='lat' dir='ltr'><em>M</em></span> <span class='ocrx_word' id='word_1_379' title='bbox 378 3995 392 4081; x_wconf 69' lang='lat' dir='ltr'>ll</span> <span class='ocrx_word' id='word_1_380' title='bbox 406 4011 422 4061; x_wconf 71' lang='grc' dir='ltr'>ὁ</span> <span class='ocrx_word' id='word_1_381' title='bbox 436 3993 481 4077; x_wconf 86' lang='lat' dir='ltr'>at]</span> <span class='ocrx_word' id='word_1_382' title='bbox 504 3998 588 4069; x_wconf 78' lang='lat' dir='ltr'>Verp.</span> <span class='ocrx_word' id='word_1_383' title='bbox 605 4000 676 4052; x_wconf 82' lang='lat' dir='ltr'>Aen.</span> <span class='ocrx_word' id='word_1_384' title='bbox 694 3998 764 4053; x_wconf 85' lang='lat' dir='ltr'><em>IIII</em></span> <span class='ocrx_word' id='word_1_385' title='bbox 777 4003 792 4053; x_wconf 83' lang='lat'><em>1</em></span> <span class='ocrx_word' id='word_1_386' title='bbox 807 3992 819 4077; x_wconf 77' lang='lat' dir='ltr'>{l</span> <span class='ocrx_word' id='word_1_387' title='bbox 835 3994 922 4078; x_wconf 74' lang='lat' dir='ltr'>esic]</span> <span class='ocrx_word' id='word_1_388' title='bbox 945 4001 1026 4074; x_wconf 78' lang='lat' dir='ltr'>Verp.</span> <span class='ocrx_word' id='word_1_389' title='bbox 1047 4006 1116 4059; x_wconf 80' lang='lat' dir='ltr'>Aea.</span> <span class='ocrx_word' id='word_1_390' title='bbox 1143 4002 1186 4059; x_wconf 81' lang='lat' dir='ltr'>VI</span> <span class='ocrx_word' id='word_1_391' title='bbox 1200 4006 1215 4057; x_wconf 83' lang='lat'><em>1</em></span> <span class='ocrx_word' id='word_1_392' title='bbox 1230 3997 1242 4078; x_wconf 81' lang='grc' dir='ltr'>ΙΙ</span> <span class='ocrx_word' id='word_1_393' title='bbox 1260 4002 1339 4059; x_wconf 81' lang='lat' dir='ltr'>fatus</span> <span class='ocrx_word' id='word_1_394' title='bbox 1356 4000 1389 4056; x_wconf 90' lang='lat' dir='ltr'><em>M</em></span> <span class='ocrx_word' id='word_1_395' title='bbox 1403 3994 1415 4079; x_wconf 74' lang='lat' dir='ltr'>ll</span> 
     </span>
     <span class='ocr_line' id='line_1_43' title="bbox 276 4076 1421 4165; baseline -0.003 -21"><span class='ocrx_word' id='word_1_396' title='bbox 276 4086 404 4145; x_wconf 88' lang='lat' dir='ltr'>immitet</span> <span class='ocrx_word' id='word_1_397' title='bbox 420 4080 580 4155; x_wconf 72' lang='lat' dir='ltr'>abeenens</span> <span class='ocrx_word' id='word_1_398' title='bbox 596 4082 629 4136; x_wconf 94' lang='lat' dir='ltr'><em>M</em></span> <span class='ocrx_word' id='word_1_399' title='bbox 647 4076 661 4161; x_wconf 76' lang='lat' dir='ltr'>l}</span> <span class='ocrx_word' id='word_1_400' title='bbox 685 4092 710 4142; x_wconf 89' lang='lat' dir='ltr'>ll</span> <span class='ocrx_word' id='word_1_401' title='bbox 729 4080 867 4141; x_wconf 83' lang='lat' dir='ltr'>inducias</span> <span class='ocrx_word' id='word_1_402' title='bbox 885 4086 1023 4143; x_wconf 70' lang='lat' dir='ltr'>noturus.-</span> <span class='ocrx_word' id='word_1_403' title='bbox 1037 4087 1162 4145; x_wconf 90' lang='lat' dir='ltr'>inducia</span> <span class='ocrx_word' id='word_1_404' title='bbox 1178 4088 1211 4144; x_wconf 94' lang='lat' dir='ltr'><em>M</em></span> <span class='ocrx_word' id='word_1_405' title='bbox 1222 4080 1236 4165; x_wconf 74' lang='lat' dir='ltr'>ll</span> <span class='ocrx_word' id='word_1_406' title='bbox 1251 4085 1373 4145; x_wconf 88' lang='lat' dir='ltr'>inducie</span> <span class='ocrx_word' id='word_1_407' title='bbox 1387 4085 1421 4141; x_wconf 95' lang='lat' dir='ltr'><em>M</em></span> 
     </span>
     <span class='ocr_line' id='line_1_44' title="bbox 277 4165 1418 4253; baseline -0.003 -24"><span class='ocrx_word' id='word_1_408' title='bbox 277 4167 289 4253; x_wconf 73' lang='grc' dir='ltr'>Ι.</span> <span class='ocrx_word' id='word_1_409' title='bbox 311 4179 341 4231; x_wconf 76' lang='lat' dir='ltr'>lt</span> <span class='ocrx_word' id='word_1_410' title='bbox 358 4187 482 4231; x_wconf 84' lang='lat' dir='ltr'>numero</span> <span class='ocrx_word' id='word_1_411' title='bbox 495 4168 632 4223; x_wconf 71' lang='lat' dir='ltr'>sossius.-</span> <span class='ocrx_word' id='word_1_412' title='bbox 650 4167 771 4225; x_wconf 89' lang='lat' dir='ltr'>nomine</span> <span class='ocrx_word' id='word_1_413' title='bbox 787 4188 908 4228; x_wconf 83' lang='lat' dir='ltr'>numero</span> <span class='ocrx_word' id='word_1_414' title='bbox 922 4171 956 4226; x_wconf 92' lang='lat' dir='ltr'><em>M</em></span> <span class='ocrx_word' id='word_1_415' title='bbox 975 4165 988 4251; x_wconf 71' lang='lat' dir='ltr'>ll</span> <span class='ocrx_word' id='word_1_416' title='bbox 1013 4182 1046 4233; x_wconf 81' lang='lat'>13</span> <span class='ocrx_word' id='word_1_417' title='bbox 1059 4192 1168 4251; x_wconf 89' lang='lat' dir='ltr'>pacem</span> <span class='ocrx_word' id='word_1_418' title='bbox 1183 4174 1216 4229; x_wconf 96' lang='lat' dir='ltr'><em>M</em></span> <span class='ocrx_word' id='word_1_419' title='bbox 1233 4167 1247 4252; x_wconf 73' lang='lat' dir='ltr'>ll</span> <span class='ocrx_word' id='word_1_420' title='bbox 1266 4167 1358 4249; x_wconf 76' lang='lat' dir='ltr'>pace]</span> <span class='ocrx_word' id='word_1_421' title='bbox 1377 4169 1418 4243; x_wconf 76' lang='lat' dir='ltr'>cf.</span> 
     </span>
    </p>
   </div>
   <div class='ocr_carea' id='block_1_5' title="bbox 284 4241 1519 4421">
    <p class='ocr_par' dir='ltr' id='par_1_10' title="bbox 284 4241 1519 4421">
     <span class='ocr_line' id='line_1_45' title="bbox 284 4241 1519 4421; baseline -0.003 -107"><span class='ocrx_word' id='word_1_422' title='bbox 284 4259 368 4329; x_wconf 76' lang='lat' dir='ltr'>Verp.</span> <span class='ocrx_word' id='word_1_423' title='bbox 379 4257 448 4310; x_wconf 70' lang='lat' dir='ltr'>Aere.</span> <span class='ocrx_word' id='word_1_424' title='bbox 465 4252 515 4308; x_wconf 83' lang='lat' dir='ltr'>XI</span> <span class='ocrx_word' id='word_1_425' title='bbox 525 4257 580 4307; x_wconf 80' lang='grc'>135</span> <span class='ocrx_word' id='word_1_426' title='bbox 595 4245 608 4331; x_wconf 77' lang='lat' dir='ltr'>ll</span> <span class='ocrx_word' id='word_1_427' title='bbox 625 4252 831 4330; x_wconf 88' lang='lat' dir='ltr'>sequestrabis</span> <span class='ocrx_word' id='word_1_428' title='bbox 844 4255 878 4311; x_wconf 89' lang='lat' dir='ltr'><em>M</em></span> <span class='ocrx_word' id='word_1_429' title='bbox 890 4249 903 4334; x_wconf 78' lang='lat' dir='ltr'>ll</span> <span class='ocrx_word' id='word_1_430' title='bbox 918 4254 1063 4421; x_wconf 79' lang='lat' dir='ltr'>pepigere</span> <span class='ocrx_word' id='word_1_431' title='bbox 1075 4259 1213 4315; x_wconf 77' lang='lat' dir='ltr'>Rothius:</span> <span class='ocrx_word' id='word_1_432' title='bbox 1225 4257 1417 4335; x_wconf 80' lang='lat' dir='ltr'>pepigessenr</span> <span class='ocrx_word' id='word_1_433' title='bbox 1511 4241 1519 4255; x_wconf 68' lang='lat'><strong>⁹</strong></span> 
     </span>
    </p>
   </div>
   <div class='ocr_carea' id='block_1_6' title="bbox 276 4331 949 4419">
    <p class='ocr_par' dir='ltr' id='par_1_11' title="bbox 276 4331 949 4419">
     <span class='ocr_line' id='line_1_46' title="bbox 276 4331 949 4419; baseline -0.001 -20"><span class='ocrx_word' id='word_1_434' title='bbox 276 4343 310 4398; x_wconf 94' lang='lat' dir='ltr'><em>M</em></span> <span class='ocrx_word' id='word_1_435' title='bbox 322 4336 336 4419; x_wconf 77' lang='grc' dir='ltr'>ΙΙ</span> <span class='ocrx_word' id='word_1_436' title='bbox 354 4348 384 4399; x_wconf 77' lang='grc'>14</span> <span class='ocrx_word' id='word_1_437' title='bbox 398 4337 512 4394; x_wconf 90' lang='lat' dir='ltr'>utinM</span> <span class='ocrx_word' id='word_1_438' title='bbox 523 4331 536 4417; x_wconf 76' lang='lat' dir='ltr'>ll</span> <span class='ocrx_word' id='word_1_439' title='bbox 552 4338 660 4395; x_wconf 89' lang='lat' dir='ltr'>feritur</span> <span class='ocrx_word' id='word_1_440' title='bbox 669 4341 788 4408; x_wconf 72' lang='lat' dir='ltr'>scripsi:</span> <span class='ocrx_word' id='word_1_441' title='bbox 805 4339 901 4398; x_wconf 86' lang='lat' dir='ltr'>fertur</span> <span class='ocrx_word' id='word_1_442' title='bbox 914 4342 949 4398; x_wconf 94' lang='lat' dir='ltr'><em>M</em></span> 
     </span>
    </p>
   </div>
   <div class='ocr_carea' id='block_1_7' title="bbox 275 4335 1421 4503">
    <p class='ocr_par' dir='ltr' id='par_1_12' title="bbox 275 4335 1421 4503">
     <span class='ocr_line' id='line_1_47' title="bbox 969 4335 1421 4421; baseline -0.015 -19"><span class='ocrx_word' id='word_1_443' title='bbox 969 4335 973 4421; x_wconf 79' lang='lat' dir='ltr'>l</span> <span class='ocrx_word' id='word_1_444' title='bbox 992 4351 1022 4402; x_wconf 78' lang='lat'>15</span> <span class='ocrx_word' id='word_1_445' title='bbox 1034 4340 1214 4400; x_wconf 87' lang='lat' dir='ltr'>imbecillior</span> <span class='ocrx_word' id='word_1_446' title='bbox 1225 4349 1272 4399; x_wconf 87' lang='lat' dir='ltr'>est</span> <span class='ocrx_word' id='word_1_447' title='bbox 1283 4342 1421 4399; x_wconf 71' lang='lat' dir='ltr'>Boetius:</span> 
     </span>
     <span class='ocr_line' id='line_1_48' title="bbox 275 4415 778 4503; baseline -0.01 -20"><span class='ocrx_word' id='word_1_448' title='bbox 275 4422 506 4487; x_wconf 89' lang='lat' dir='ltr'>imbecilliorem</span> <span class='ocrx_word' id='word_1_449' title='bbox 522 4423 557 4478; x_wconf 95' lang='lat' dir='ltr'><em>M</em></span> <span class='ocrx_word' id='word_1_450' title='bbox 567 4415 582 4503; x_wconf 73' lang='lat' dir='ltr'>ll</span> <span class='ocrx_word' id='word_1_451' title='bbox 598 4431 630 4484; x_wconf 83' lang='lat'>16</span> <span class='ocrx_word' id='word_1_452' title='bbox 646 4418 732 4482; x_wconf 79' lang='lat' dir='ltr'>esset</span> <span class='ocrx_word' id='word_1_453' title='bbox 744 4426 778 4482; x_wconf 90' lang='lat' dir='ltr'><em>M</em></span> 
     </span>
    </p>
   </div>
   <div class='ocr_carea' id='block_1_8' title="bbox 0 0 1632 5022">
    <p class='ocr_par' dir='ltr' id='par_1_13' title="bbox 0 0 1632 5022">
     <span class='ocr_line' id='line_1_49' title="bbox 0 0 1632 5022; baseline 0 0"><span class='ocrx_word' id='word_1_454' title='bbox 0 0 1632 5022; x_wconf 95' lang='lat' dir='ltr'> </span> 
     </span>
    </p>
   </div>
  </div>
 </body>
</html>
