3186 4996
696 408 739 450 ns
762 408 878 451 rosnrs
1316 387 1353 451 19

209 553 299 640 quod
323 547 480 638 θρήνους
499 553 618 618 Graeci
646 532 711 618 uel
729 552 835 618 ἐλεεῖν
856 555 919 618 isto
944 562 1047 619 metro
1076 554 1353 641 scriptitaueraat.

119 718 129 737 ‚
209 656 262 717 cui
291 655 437 741 opinioni
471 656 654 719 consentire
679 656 812 733 uidetur
836 654 1011 734 Horatius,
1047 677 1121 720 eum
1150 655 1193 719 ad
1218 655 1369 750 Albium

209 754 378 819 Tibullum
398 756 578 839 elegiarum
604 765 770 820 auctorem
792 758 940 821 scribens
968 757 1010 821 ab
1035 778 1073 821 ea
1091 779 1189 844 quam
1211 757 1354 823 diximus

209 858 417 921 miseratione
440 856 776 943 elegosmiserabiles
798 858 879 923 dicit
900 856 962 922 hoe
983 857 1094 922 modo:

184 987 197 1025 ⁵
516 1000 520 1006 ·
861 997 925 1041 neu
945 976 1151 1071 miserabiles

251 1142 261 1155 ,
358 1066 515 1139 'clueantes
537 1075 656 1163 elegos.
683 1168 688 1175 ι

209 1188 297 1279 apud
320 1190 485 1259 Romanos
507 1204 615 1258 autern
637 1193 670 1257 id
690 1215 821 1258 carmen
845 1195 931 1281 quod
955 1216 1028 1259 cum
1044 1195 1276 1259 lamentatione
1298 1217 1353 1260 ex·

209 1303 348 1357 tremum
378 1303 477 1381 atque
500 1295 650 1358 ultimum
672 1306 799 1360 morture
822 1297 981 1360 accinitur
1003 1317 1101 1386 Q&
1122 1296 1242 1360 dicitur
1264 1288 1354 1379 παρὰ

209 1387 419 1475 τδνειάτον,
441 1397 474 1460 id
497 1405 548 1461 est
561 1398 716 1479 ἔσχατονι
742 1397 877 1461 undeet
897 1398 931 1462 in
953 1398 1082 1462 chordis
1099 1390 1264 1462 extremus
1282 1420 1371 1478 ner2
1446 1479 1450 1489 Ι

177 1519 272 1561 nouus
293 1494 476 1583 appellatus
499 1508 549 1561 est
569 1492 663 1580 νήτη.
707 1520 783 1562 nam
805 1508 839 1563 et
860 1497 966 1583 elegia
987 1507 1133 1563 extrema
1151 1509 1279 1564 mortuo
1301 1520 1353 1562 ac·

210 1598 380 1662 emebatur
402 1601 450 1662 sie
475 1600 523 1662 uti
546 1600 656 1662 nenia.
700 1598 851 1686 [ideoque
879 1600 920 1664 ab
947 1600 1061 1665 eodem
1090 1601 1197 1685 elogia
1222 1600 1353 1665 uidetur
1435 1638 1439 1655 ·

209 1708 348 1763 tractum
368 1701 606 1784 cognominari,
634 1701 720 1786 quod
743 1702 879 1765 mortuis
906 1701 958 1766 uel
987 1703 1153 1766 morituris
1178 1701 1353 1766 ascribitur

210 1801 449 1885 nouissimum]
895 1804 898 1813 '
1025 1820 1030 1827 ·

294 1917 428 1983 Iambus
447 1926 498 1982 est
514 1941 645 1983 carmen
668 1920 861 1984 maledicum
878 1920 1069 2010 plerumque
1092 1924 1239 1986 trimetro
1254 1943 1352 1984 uersu

178 2008 366 2106 nct'epode
388 2029 544 2107 sequente
567 2023 787 2106 conpositum,
809 2030 846 2085 ut

514 2137 601 2201 mala
622 2138 729 2203 soluta
751 2141 846 2203 nauis
870 2143 939 2206 exit
961 2140 1038 2206 alite

513 2239 623 2303 ferens
645 2240 785 2304 olentem
809 2241 986 2306 Maeuium.

159 2437 162 2442 Ι
209 2357 407 2444 appellatum
434 2365 484 2421 est
512 2366 620 2421 autem
642 2350 733 2440 παρὰ
758 2351 797 2423 τὰ
820 2359 1000 2442 ἰαμβίζειν,
1036 2356 1123 2444 quod
1146 2366 1195 2422 est
1218 2357 1352 2422 maledi·

210 2481 292 2522 cere.
337 2458 440 2539 euius
453 2460 606 2523 carminis
628 2451 796 2548 praecipui
819 2461 993 2546 scriptores
1014 2459 1100 2545 apud
1123 2459 1268 2523 Graecos
1289 2459 1352 2523 Ar·

209 2706 289 2779 γεῖόν
307 2705 370 2794 ἐστι1
384 2713 495 2794 θρῆνος
514 2705 678 2794 insecutos,
698 2709 789 2767 οἷονεί
807 2709 933 2796 ἐλεεινόν
956 2734 982 2767 τι
1003 2706 1050 2781 ὅν,
1073 2715 1161 2797 τοῦ]
1183 2708 1352 2835 ξνθλήλρμέ-

209 2799 275 2846 νου,
287 2798 423 2861 ,παροντο
442 2775 533 2833 ἐλεεῖν
545 2799 595 2832 τον
613 2776 845 2850 τετελευτηκότα·
864 2802 882 2852 η
901 2775 1048 2850 ον’λογεῖον
1066 2802 1144 2851 παρα
1163 2802 1195 2835 ιο
1214 2800 1246 2835 ευ
1277 2799 1352 2849 εγειν

208 2844 258 2900 τὸν
275 2849 487 2915 αποβιιοσοιντοι.
523 2851 615 2901 Sebol.
634 2852 732 2902 Horat.
753 2868 836 2902 carm.
856 2854 869 2903 l
887 2852 933 2915 b‘l,
954 2854 1234 2919 ‘ltPorpbln‘narn
1259 2862 1286 2901 et
1304 2868 1351 2902 no·
1435 2907 1438 2915 ,

209 2934 271 2968 meu
284 2920 373 3009 ipsum
386 2918 539 2983 elegiarum
556 2913 635 2985 παρὰ
654 2912 686 2969 τδ
702 2914 717 2970 ἒ
736 2913 763 2982 ἔ,
783 2936 853 2985 quas
870 2934 924 2971 uox
942 2925 985 2970 est
1002 2921 1229 2983 lamentantium,
1248 2921 1351 2970 dictum

208 2992 316 3051 putant.

294 3086 394 3136 ls-la
410 3086 526 3139 Proelns
545 3088 691 3139 chrestum.
710 3089 739 3138 7:
768 3079 845 3140 Ἀλλά
864 3083 918 3154 γὰρ
936 3084 986 3139 καὶ
1001 3081 1053 3139 ’τὸν
1073 3086 1124 3156 λαμ
1145 3104 1179 3139 ον
1196 3081 1351 3139 τάττεσθαι

128 3174 145 3191 ·
208 3147 262 3219 μὲν
284 3145 332 3205 inl
357 3153 504 3221 λοιδορίας
527 3149 559 3206 τὸ
582 3149 721 3207 παλαιόν·
758 3154 807 3209 κοιλ
830 3150 885 3222 γὰρ
908 3154 958 3208 καὶ
976 3150 1008 3207 τὸ
1034 3151 1121 3221 ἰαμβί
1135 3172 1178 3207 ειν
1195 3149 1269 3206 κατά
1287 3172 1352 3205 τινα

208 3220 337 3287 γλῶσσαν
354 3220 499 3287 λοιδορεῖν
519 3218 615 3289 ἔλεγον
630 3262 745 3279 ......
766 3218 881 3303 Ιοήμβοιν
907 3218 939 3275 ol
958 3223 1089 3305 ποιρουί,
1114 3216 1270 3290 Ἀρχίλοχός
1288 3238 1317 3274 τε
1336 3215 1351 3274 δ

205 3282 320 3368 ιΜοίριος
341 3280 456 3370 οἷριρτος
484 3287 533 3341 καὶ
561 3291 728 3359 Σιμωνίδης
756 3283 772 3343 δ
796 3286 935 3358 Αμόργιος
964 3282 984 3358 a*
1005 3287 1053 3351 ως
1073 3286 1144 3344 ἔνιοι
1168 3284 1279 3358 Σάμιος
1302 3286 1352 3341 καὶ

157 3383 165 3398 ·
212 3354 348 3419 Ιππῶναξ
365 3374 381 3407 ο
402 3352 536 3422 Εφέσιος.
977 3376 983 3383 ·

403 3468 430 3519 ¹2.

562 3566 579 3601 Ι

296 3657 307 3708 l
326 3646 409 3726 quod
418 3640 552 3722 θρήνους
565 3646 679 3707 Graeci
694 3648 744 3707 uel
761 3643 853 3706 ἐλεεῖν
868 3648 926 3707 isto
938 3656 1033 3706 metro
1045 3650 1157 3706 Kallias
1170 3650 1244 3706 conl.
1261 3648 1350 3705 schol:

209 3734 291 3790 Dion,
313 3732 776 3812 Thracici.c.:quodthre11us
799 3734 904 3810 grecia
920 3751 957 3790 ea
976 3732 1024 3790 eia
1046 3733 1103 3790 ista
1127 3740 1244 3790 metron
1266 3734 1355 3789 ΑΒΜ

209 3816 291 3896 quod
306 3808 442 3891 θρήνους
457 3815 570 3877 Graeci
585 3836 640 3875 seu
652 3813 764 3895 ἐλεγεῖα
777 3819 834 3876 isto
847 3826 942 3875 metro
957 3821 1077 3875 coniecit
1084 3819 1240 3875 Santonica
1251 3822 1280 3874 ia
1298 3820 1349 3875 Tc-

208 3905 330 3958 reatian.
348 3903 447 3963 Maure
462 3921 496 3975 p.
514 3908 571 3960 306
588 3897 633 3982 112
654 3899 812 3982 Horatius]
828 3922 919 3960 carm.
935 3905 956 3960 Ι
969 3908 1022 3979 33,
1042 3908 1060 3960 2
1078 3897 1098 3984 ll
1113 3911 1130 3963 4
1148 3901 1252 3979 ologos
1266 3904 1355 3961 ΑΒΜ

208 3985 250 4065 lit
272 3985 310 4044 sd
336 4005 374 4044 ue
388 3979 455 4067 ΑΗ
475 3995 582 4064 parato
600 3987 705 4045 aiaton
729 3989 790 4045 ΒΜ
806 3987 948 4066 paratoni
967 3986 1060 4045 athon
1081 3992 1105 4049 Α
1131 3981 1145 4069 ll
1170 3996 1187 4050 9
1204 3989 1351 4046 eschaton

208 4072 294 4128 ΑΒΜ
324 4068 329 4152 Ι
373 4080 500 4133 lomete
516 4073 632 4132 Acorr.
655 4080 726 4131 uete
747 4074 811 4129 BM
845 4067 858 4153 {l
892 4083 922 4133 ll
944 4070 1075 4151 ideoque
1092 4104 1135 4115 -
1154 4072 1351 4131 nouissimum

207 4159 311 4213 occlusti
337 4150 402 4235 l⁰b
421 4155 530 4215 eodem
545 4155 626 4214 Bob
643 4156 752 4215 eadem
765 4157 824 4214 ΑΜ
844 4158 857 4233 Η
878 4165 911 4217 la
929 4154 1070 4237 tractum]
1093 4176 1214 4217 carmen
1231 4161 1351 4215 coniecit
1449 4220 1453 4227 ⁴

208 4241 362 4299 Saateaius
375 4245 393 4299 l.
412 4259 438 4301 c.
453 4259 484 4314 p.
502 4234 585 4321 3101.
601 4238 771 4319 ascribitur]
788 4239 936 4299 accinitur
949 4244 1103 4301 sananim
1119 4247 1138 4300 l.
1153 4261 1178 4300 c.
1194 4235 1208 4320 ΙΙ
1225 4250 1256 4303 Η
1269 4241 1348 4298 Iam·

206 4323 260 4385 bus
280 4328 412 4385 Ker'lius:
442 4323 581 4386 lambam
603 4327 692 4383 ΑΒΜ
708 4325 867 4385 iambicum
889 4320 932 4409 ςΙΙ
953 4333 983 4386 16
1000 4324 1093 4405 mala]
1110 4328 1251 4384 Horatius
1265 4328 1349 4397 epod.

208 4416 256 4481 lo,
276 4418 291 4470 1
305 4407 320 4494 Η
337 4417 369 4474 17
385 4410 540 4471 meauium
553 4412 641 4468 ΑΒΜ
649 4406 665 4492 Η
682 4420 715 4474 18
729 4420 837 4490 parato
853 4410 995 4469 iambizin
1010 4412 1098 4470 ΑΒΜ

1092 4507 1137 4567 2*
