3186 4996
455 1341 462 1351 ’
572 1347 988 1434 PRAEFATIO

294 1621 326 1681 Ga
351 1618 473 1682 Suetoui
495 1619 657 1698 Tranquilli
685 1628 803 1699 praeter
826 1622 984 1683 Caesarum
1013 1622 1106 1682 libros
1133 1622 1263 1703 reliquiis
1286 1643 1356 1685 ean·

210 1722 335 1799 ligandis
357 1724 471 1800 primus
486 1722 650 1799 Angelus
669 1722 882 1784 Politianus
904 1738 1025 1802 operam
1047 1726 1171 1785 navavit.
1207 1725 1355 1804 fragmen·

210 1828 309 1885 torum
334 1822 441 1884 deinde
463 1840 620 1884 numerum
644 1825 725 1884 anxit
746 1826 852 1912 lsaao
879 1824 1129 1887 Casanhonus.
1176 1826 1261 1887 euius
1284 1846 1354 1888 eura

211 1930 245 1985 ut
264 1924 317 1985 luit
338 1941 410 1984 sane
431 1923 586 1985 laudabilis
606 1926 644 1985 ita
666 1925 803 1986 omnihus
825 1929 957 1987 numeris
979 1925 1112 1989 absoluta
1134 1946 1150 1987 a
1170 1929 1240 1988 viris
1262 1927 1356 1989 doetis

211 2026 397 2105 superiorum
426 2025 613 2087 saecularum
640 2025 756 2087 ridetur
781 2026 880 2088 hahita
912 2011 993 2099 esse,¹
1018 2036 1051 2089 nt
1073 2047 1160 2089 nemo
1181 2029 1218 2090 de
1240 2031 1355 2108 integro

212 2127 247 2188 ad
278 2118 465 2188 retractanda
492 2126 643 2205 praeclara
674 2127 748 2188 haee
777 2130 955 2206 antiquitatis
984 2137 1175 2191 monumenta
1205 2150 1297 2211 eaque
1326 2134 1355 2192 iu

212 2230 379 2306 integrioris
411 2228 539 2307 aliquam
569 2230 705 2306 eorporis
732 2230 861 2307 speeiem
889 2231 1078 2292 instauranda
1106 2232 1269 2291 recederet.
1313 2234 1356 2292 sie

211 2329 265 2391 soli
286 2332 366 2391 casui
391 2328 572 2398 debehatur,
599 2332 623 2390 si
645 2347 754 2390 aarum
776 2331 976 2408 fragmentum
1000 2312 1147 2391 addebant
1170 2330 1259 2391 relati
1285 2330 1355 2393 illud

212 2431 290 2511 quad
319 2448 353 2493 er
384 2431 485 2491 codiee
513 2428 672 2492 Oxoniensi
701 2431 738 2491 de
765 2437 871 2493 uatrrra
898 2448 1000 2492 rernm
1027 2431 1187 2492 lacobus
1210 2433 1356 2493 Grono-

211 2535 291 2594 vius
313 2532 434 2593 rettulit.
469 2538 570 2592 nostra
593 2532 711 2593 demum
735 2539 844 2605 aetate,
868 2551 925 2612 qua
948 2550 1051 2594 omues
1072 2533 1257 2615 antiquarum
1279 2534 1355 2595 litte·

211 2653 311 2695 rarum
340 2641 438 2713 partes
469 2634 532 2711 pari
560 2635 648 2694 animi
675 2636 837 2697 intentione
866 2641 954 2714 atque
981 2636 1096 2696 serrare
1126 2644 1355 2716 pertractantur,

212 2735 391 2797 intellectum
413 2742 458 2796 est
479 2734 732 2797 Casauhonianam
762 2754 884 2814 operam
912 2735 1065 2798 desideriis
1087 2735 1176 2816 paulo
1200 2739 1355 2799 severiori·

211 2838 267 2900 bus
281 2837 352 2897 satis
372 2854 432 2897 non
448 2836 556 2898 laone.
577 2837 777 2921 qoodvtdisse
799 2838 957 2917 losephi
971 2837 1129 2915 Regenti
1149 2839 1285 2900 meritum
1301 2846 1355 2908 est,

212 2941 263 3017 qui
291 2938 344 3000 ‘de
366 2938 396 3000 C.
419 2939 551 3000 Suetonii
573 2937 736 3018 Tranquilli
755 2940 811 3001 rita
833 2946 863 2999 et
890 2937 1021 3018 seriptis'
1039 2938 1225 3001 Vratislariae
1247 2940 1356 3000 disser-

213 3041 354 3102 tationem
383 3039 585 3119 inauguralem
612 3058 651 3101 m.
682 3040 757 3101 Maio
787 3060 811 3101 a.
839 3052 1019 3100 Mucccnvr
1049 3041 1152 3102 edidit:
1204 3041 1258 3101 etsi
1285 3039 1357 3101 nihil

213 3142 277 3203 lere
299 3160 497 3221 eorumquae
519 3142 549 3202 lu
570 3142 626 3205 hoo
646 3158 756 3219 genere
778 3142 921 3222 praestari
944 3149 972 3203 et
1000 3147 1136 3220 poteraut
1157 3147 1187 3203 et
1209 3140 1357 3203 dehebant

214 3243 347 3305 coniecit.

294 3344 395 3425 ltaque
414 3345 488 3406 ordo
509 3344 755 3425 philosophorum
771 3346 936 3407 Bonnensis
960 3352 1119 3406 anetumno
1138 3344 1268 3406 eiusdem
1288 3347 1356 3406 anni

210 3446 286 3507 hane
310 3448 512 3526 quaestionem
541 3455 574 3507 ut
596 3452 746 3529 eertamen
769 3447 854 3507 deret
875 3449 1045 3525 proposuit:
1091 3446 1144 3508 ‘de
1165 3447 1297 3508 Suetonii
1322 3445 1357 3507 li·

212 3547 277 3609 hris
297 3549 496 3626 grammaticis
519 3554 548 3609 et
568 3550 740 3628 antiquariis
760 3549 892 3628 quaestio
912 3549 1079 3609 instituatur
1107 3549 1145 3609 lta
1173 3553 1205 3607 ut
1227 3545 1357 3627 reliquiis

211 3648 356 3721 lihrornrn
375 3648 412 3710 ah
431 3668 467 3710 eo
488 3657 606 3727 praeter
624 3651 781 3711 Caesarum
796 3651 867 3712 ritas
888 3651 1064 3729 scriptorum
1084 3647 1251 3725 ‹hilgenlius
1268 3666 1357 3727 quam

214 3751 310 3813 adhue
333 3750 444 3812 laetum
460 3758 503 3811 est
519 3750 648 3812 collectis
670 3758 700 3812 et
721 3751 867 3830 dispositis
887 3750 924 3811 de
946 3752 1059 3811 ratione
1079 3757 1167 3829 atque
1184 3751 1357 3812 auctoritate

213 3852 379 3914 studiorum
403 3871 420 3913 a
446 3852 586 3913 Suetonio
615 3855 646 3913 iu
676 3853 733 3914 hoe
759 3871 869 3931 genere
897 3852 1059 3931 positurum
1086 3850 1224 3913 iudloium
1245 3851 1356 3913 forme·

212 3952 280 4013 tur!
311 3955 397 4015 auius
413 3954 592 4032 quaestionis
614 3962 643 4015 et
666 3953 836 4016 dillieullate
851 3961 881 4015 et
902 3954 1045 4033 gravitate
1060 3953 1185 4015 inlectus
1204 3971 1272 4014 eum
1292 3972 1357 4015 eer-

213 4054 293 4115 tandi
313 4053 482 4134 perieulum
500 4054 647 4127 suhirem,
671 4075 707 4117 eo
727 4073 832 4136 passus
854 4073 914 4117 uon
937 4072 1002 4115 sum
1023 4074 1072 4117 me
1094 4056 1253 4124 deterreri,
1277 4055 1356 4135 quod

212 4155 244 4217 C.
271 4157 303 4217 L.
332 4155 473 4217 linthium
508 4172 615 4217 noram
649 4158 772 4219 Suetoni
805 4157 963 4219 editionem
994 4156 1190 4219 bibliothecae
1218 4155 1356 4216 Teubne-

212 4259 311 4319 rianae
334 4257 509 4319 destinatam
531 4274 638 4336 parare
660 4259 789 4338 conpari.
827 4276 895 4320 nam
910 4266 1024 4320 atsere
1047 4260 1167 4319 nuntius
1189 4255 1288 4316 adme
1305 4255 1356 4315 ad·

210 4359 287 4420 latus
304 4366 351 4421 est
372 4376 461 4439 quam
480 4360 613 4438 quirem
636 4377 730 4439 paene
751 4360 808 4419 iam
830 4359 866 4420 ad
883 4361 972 4421 duem
992 4358 1164 4439 perductam
1185 4354 1273 4435 plano
1294 4352 1356 4416 ahi·

212 4478 311 4523 rerem
333 4467 365 4522 et
385 4477 448 4521 uon
469 4458 544 4523 nihil
571 4462 658 4521 etiam
680 4458 923 4539 posthumium,
953 4460 1002 4537 qui
1023 4459 1190 4537 ,quominus
1214 4457 1244 4515 in
1272 4458 1356 4533 parte
