3200 4992
588 445 630 487 nc
654 446 741 489 anno
763 444 966 488 nonancurte
1289 425 1347 489 175

204 592 342 658 Martias
370 600 565 680 permanens
594 591 711 656 diebus
742 590 834 656 XCI.
878 600 986 656 aestas
1017 593 1133 678 incipit
1158 614 1244 657 nono
1270 593 1360 665 Kal„

205 694 334 776 Iunias,
366 702 534 779 permanet
564 692 679 756 diebus
705 688 797 756 XCI.
822 701 997 756 autumnus
1026 694 1125 756 sumit
1151 695 1347 780 principium

201 795 240 858 -X
261 795 336 859 Kal.
367 794 584 879 Septembris,
617 793 733 859 diebus
768 793 895 858 XCIII.
941 793 1068 877 hiemps
1098 795 1230 859 inchoat
1262 795 1347 860 VIII

205 1007 271 1050 tunc
289 1001 417 1051 breuiore
436 1000 477 1050 sol
493 999 616 1049 uoluitur
633 999 745 1049 cuculo.
782 998 854 1048 undc
878 1006 906 1049 et
928 999 981 1049 hoc
1004 1004 1112 1065 tempus
1130 999 1226 1049 bruma
1244 1000 1347 1050 dicitur
1368 986 1372 1005 ⁴

205 1070 284 1132 qnasi
302 1061 410 1134 βραχὺς
428 1067 456 1117 id
475 1073 517 1117 est
535 1068 628 1115 breuis
646 1067 691 1115 uel
710 1082 727 1115 a
746 1066 808 1115 cibo
827 1068 898 1130 qnod
917 1067 1005 1116 maior
1022 1068 1058 1116 sit
1076 1073 1141 1117 tunc
1154 1069 1286 1117 uescendi
1298 1085 1345 1134 ap·

204 1137 318 1201 petitus.
356 1136 481 1185 edacitas
501 1135 572 1183 enlm
592 1136 693 1183 Graeci
712 1132 810 1200 βρῶμα
829 1134 995 1199 appellatur,
1014 1135 1086 1184 unde
1100 1140 1128 1184 et
1140 1135 1287 1185 brumatici
1305 1137 1345 1186 di-

205 1210 304 1253 cuntur
322 1204 419 1268 quibus
438 1203 581 1252 fastidium
599 1208 642 1251 est
660 1203 791 1251 cibonnn.
827 1201 958 1252 hibernus
981 1209 1073 1251 autem
1092 1203 1164 1251 inter
1182 1202 1298 1253 hiemem
1318 1211 1346 1253 ct

204 1287 316 1320 neruum
336 1277 377 1321 cst
395 1271 474 1337 quasi
489 1270 638 1319 hieueruus
663 1271 708 1333 qui
727 1269 885 1334 plerumque
905 1286 922 1318 a
934 1277 1014 1334 parte
1026 1274 1112 1320 totam
1125 1270 1242 1320 hiemem
1260 1271 1345 1335 signi·

204 1338 279 1389 licat.
304 1338 375 1388 haec
387 1344 512 1403 tempora
525 1336 641 1401 singulis
655 1337 738 1386 etiam
752 1337 824 1386 coeli
836 1337 960 1401 partibus
974 1338 1156 1387 ascribuntur.
1183 1354 1232 1387 uer
1244 1339 1344 1404 qnippc

204 1407 303 1455 orienti
322 1406 404 1455 datur
422 1406 486 1470 quia
505 1411 570 1455 tunc
590 1420 623 1453 ex
641 1405 722 1453 terris
735 1405 826 1453 omnia
840 1406 976 1464 oriuntur3
996 1410 1090 1457 aestas
1101 1420 1168 1454 uero
1181 1408 1343 1467 meridiana,

204 1490 237 1522 eo
260 1473 331 1538 qnod
352 1489 416 1538 pars
441 1474 500 1521 eins
519 1472 611 1521 calore
636 1473 797 1535 flagrantior
819 1472 868 1533 sit3
893 1472 979 1522 hiems
1002 1474 1194 1537 septemtrioui
1218 1489 1250 1523 eo
1274 1476 1345 1538 qnod

203 1541 352 1605 frigoribus
370 1546 397 1590 et
414 1545 547 1604 perpetuo
566 1537 630 1604 gelu
649 1544 753 1603 torpet3
774 1544 919 1600 autumnus
937 1540 1051 1589 occiduo
1068 1542 1263 1605 propterquod
1281 1559 1344 1607 gra-

203 1623 252 1657 ues
271 1608 377 1657 morbos
395 1607 496 1667 habet,
514 1607 586 1656 unde
606 1613 634 1655 ct
652 1612 716 1656 tnnc
740 1608 831 1656 omnia
851 1607 919 1657 folia
938 1608 1064 1657 arborum
1082 1608 1212 1657 defluunt.
1248 1616 1278 1658 ut
1297 1625 1344 1659 an-
1409 1608 1414 1617 '
1495 1600 1499 1607 ¹

204 1681 313 1725 tutunus
332 1675 453 1725 abundet
472 1676 581 1733 morbis
601 1676 671 1723 lacit
689 1674 739 1723 hoc
759 1674 904 1724 confinium
928 1675 1039 1737 frigoris
1058 1680 1087 1724 et
1105 1676 1205 1726 caloris
1225 1682 1253 1725 et
1272 1694 1343 1727 corrr-

203 1744 356 1808 pngnantia
374 1745 447 1792 inter
463 1757 493 1791 se
513 1742 709 1791 contrariorum
729 1740 842 1790 aerum?
860 1743 998 1791 —Varro
1013 1744 1046 1791 L.
1060 1743 1092 1791 Is.
1111 1743 1149 1792 VI
1167 1743 1196 1793 3:
1217 1745 1344 1810 ‘Tempus

116 1811 118 1815 ’
204 1827 263 1860 esse
287 1806 383 1860 dicunt
405 1809 581 1859 interuallum
605 1810 697 1858 mundi
721 1814 817 1858 motus.
859 1808 886 1859 id
914 1810 1031 1859 diuisum
1056 1811 1084 1859 in
1110 1812 1215 1879 parteis
1239 1812 1344 1876 aliquot

203 1894 328 1928 maxume
351 1878 386 1926 ab
409 1878 476 1945 solis
501 1882 528 1927 et
551 1877 633 1926 lunae
657 1892 750 1938 cursu3
781 1877 876 1941 itaque
902 1878 936 1925 ab
964 1893 1056 1927 eorum
1077 1882 1172 1928 tenore
1191 1887 1344 1945 temperato

202 1953 310 2010 tempus
327 1946 443 2007 dictum,
464 1945 534 1994 unde
553 1945 732 2009 tempestiua:
759 1951 786 1993 et
808 1959 824 1992 a
843 1950 917 1993 motu
935 1960 1027 1994 eorum
1045 1946 1091 2009 qni
1109 1951 1165 1996 toto
1183 1948 1261 1996 caclo
1280 1963 1343 1997 con-

203 2015 323 2073 iunctus,
341 2011 476 2062 muudus!
506 2011 537 2060 9:
558 2013 655 2062 ‘Huius
673 2013 804 2076 temporis
817 2011 978 2077 (aanilpars
996 2014 1085 2077 prima
1102 2013 1190 2063 hiems
1204 2015 1273 2078 qnod
1287 2021 1343 2065 tam

203 2081 281 2130 multi
293 2082 407 2141 imbrem
420 2080 483 2129 hinc
494 2079 683 2141 hibernacula,
695 2079 852 2139 hibernum
864 2086 972 2144 tempus
983 2080 1132 2129 secuudum
1143 2096 1193 2149 uer
1204 2083 1274 2145 quod
1285 2090 1342 2132 tum

202 2150 298 2197 uiuere
317 2149 455 2213 incipiunt
472 2148 594 2211 uirgulta
608 2163 641 2197 ae
659 2154 767 2197 uertere
781 2162 810 2195 se
824 2152 931 2211 tempus
950 2149 1028 2207 anni3
1048 2148 1101 2196 nisi
1121 2149 1191 2212 quod
1208 2150 1289 2200 Iones
1302 2151 1342 2199 di-

203 2222 268 2266 cunt
290 2202 327 2281 ἦρ
350 2231 407 2265 uer.
442 2216 554 2264 tertium
579 2215 614 2263 ab
638 2220 717 2263 aestu
741 2220 847 2273 aestas3
876 2213 941 2263 hinc
968 2216 1116 2276 aestiuum
1147 2216 1201 2264 nisi
1230 2216 1300 2266 forte
1326 2235 1342 2267 a

203 2284 309 2335 Graeco
327 2280 480 2333 αἴθεσθαι.
518 2288 643 2346 quartum
662 2290 808 2332 autumnus
825 2296 842 2327 a
860 2294 875 2325 s
892 2295 908 2326 s
927 2281 944 2330 .’
985 2280 1093 2332 Plinius
1110 2283 1142 2331 N.
1168 2284 1202 2332 H.
1226 2285 1253 2333 11
1279 2284 1338 2334 105:

202 2351 282 2413 ‘Quis
305 2352 377 2400 enim
401 2357 524 2400 aestates
543 2356 571 2398 et
588 2348 692 2399 hiemes
715 2365 840 2414 quaeque
864 2352 892 2400 in
914 2351 1082 2415 temporibus
1105 2366 1197 2400 annua
1220 2353 1282 2401 nice
1302 2354 1342 2401 in·

203 2418 373 2483 telleguntur
391 2418 510 2469 siderum
529 2422 604 2466 motu
622 2418 681 2466 lieri
699 2418 824 2469 dubitet?
843 2424 873 2468 ut
891 2419 956 2468 solis
975 2433 1040 2481 ergo
1052 2426 1153 2467 natura
1165 2420 1342 2483 temperando

203 2486 374 2550 intellegitur
390 2483 471 2535 anno'
485 2501 508 2534 c.
523 2501 548 2550 q.
561 2500 622 2535 s.-
640 2485 797 2534 Macrobius
813 2486 1027 2546 sat.vl15,2o:
1048 2486 1119 2534 ‘Ver
1135 2485 1254 2536 calidum
1273 2488 1343 2536 fecit

202 2553 288 2616 (derra)
302 2560 330 2603 et
341 2555 507 2615 humectum,
520 2554 598 2603 sicca
611 2558 654 2602 est
670 2559 763 2603 aestas
776 2560 804 2602 et
815 2554 917 2613 calida,
935 2560 1097 2602 auctumnns
1113 2554 1205 2603 siccus
1223 2560 1251 2603 et
1263 2554 1341 2619 frigi-

202 2622 262 2683 dus,
274 2622 361 2671 hiems
372 2621 484 2670 humida
494 2621 599 2685 pariter
612 2627 640 2670 et
653 2621 755 2685 frigida
767 2621 829 2671 est'
843 2650 875 2657 -
888 2622 995 2670 Plinius
1007 2621 1033 2669 Il
1048 2619 1094 2669 122
1106 2637 1179 2685 sqq:
1200 2622 1264 2671 ‘l'er
1276 2638 1341 2687 ergo

202 2690 292 2753 aperit
309 2689 508 2754 nauigantibus
525 2689 623 2749 maria,
643 2690 721 2737 cuius
740 2688 767 2737 i'n
784 2690 919 2755 principio
936 2689 1040 2738 larrouii
1058 2687 1199 2737 hibernum
1217 2690 1342 2739 molliunt

202 2757 309 2805 caelum
320 2757 377 2806 sole
392 2756 487 2821 aquari
499 2756 575 2805 XXV
585 2757 728 2820 optinente
740 2766 855 2821 partem.
886 2758 909 2806 is
920 2757 980 2805 dics
992 2763 1086 2805 sertus
1097 2757 1263 2806 Februarias
1275 2765 1340 2807 ante

202 2824 271 2873 idus.
298 2825 420 2889 conpetit
432 2825 517 2873 ferme
529 2829 557 2871 et
569 2823 620 2872 hoc
631 2824 756 2874 omnihus
766 2840 833 2889 quus
845 2824 943 2874 deinde
955 2839 1054 2888 ponam
1061 2840 1110 2888 per
1121 2824 1243 2887 elngulas
1257 2826 1340 2875 inter·

202 2891 355 2941 calationes
372 2908 425 2941 uno
443 2892 488 2941 die
507 2890 724 2955 anticipantibus
741 2907 887 2957 rursusque
899 2893 985 2941 lustro
1002 2893 1128 2955 sequenti
1145 2892 1267 2941 ordinem
1285 2910 1341 2943 ser-

117 3010 120 3015 ,
200 2959 340 3008 arantibus.
379 2954 520 3009 farldniurn
539 2959 649 3022 qnidam
669 2974 694 3007 a.
718 2959 744 3007 d.
768 2960 843 3009 VIII.
878 2959 1018 3009 Kalendas
1041 2960 1134 3009 Martii
1165 2959 1341 3010 chelidonian

199 3027 309 3076 uocant'
320 3027 355 3076 ab
372 3026 525 3076 hirundinis
543 3026 612 3087 uisu,
632 3025 756 3075 nonnulli
774 3042 839 3076 uero
856 3028 995 3076 ornithian
1012 3042 1066 3075 urio
1085 3035 1112 3076 et
1130 3028 1204 3076 Lxx
1223 3028 1267 3076 dis
1280 3035 1341 3093 post
1422 3052 1427 3063 ·

201 3095 323 3144 brumam
346 3095 381 3144 ab
405 3094 526 3144 aduentu
549 3094 655 3154 auium,
680 3094 791 3143 flantem
813 3111 863 3160 per
884 3095 944 3144 dies
967 3110 1063 3144 nonem
1138 3094 1187 3144 dat
1205 3100 1340 3146 aestatem

201 3167 310 3211 exortus
326 3162 503 3227 uergilisrum
521 3162 550 3209 in
568 3160 681 3210 totidem
699 3162 824 3226 partibus
842 3163 916 3212 tauri
938 3178 986 3211 sex
1004 3162 1100 3211 diebus
1119 3169 1185 3211 ante
1204 3162 1261 3211 Mai
1279 3163 1340 3213 idus

286 3236 348 3295 post
370 3244 417 3279 ecs
435 3229 552 3289 (Etesiae
568 3229 667 3288 ventos)
691 3245 782 3278 rursus
807 3230 893 3279 austri
916 3230 1074 3294 frequentes
1099 3245 1183 3294 usque
1208 3231 1243 3278 ad
1265 3232 1340 3281 sidus

201 3299 302 3347 arcturi
321 3297 391 3362 quod
410 3298 530 3347 exoritur
546 3297 673 3346 undecim
692 3297 788 3346 diebus
808 3304 871 3346 ante
896 3297 1097 3361 aequinoctium
1117 3298 1247 3346 autumni.
1279 3314 1339 3347 cum

199 3364 250 3414 hoc
269 3380 348 3415 corna
366 3365 472 3430 incipit
504 3379 583 3414 corus
596 3370 738 3413 autumnat
756 3399 821 3413 .....
842 3371 903 3430 post
916 3365 942 3413 id
955 3365 1158 3428 aequinoctium
1171 3364 1267 3414 diebus
1280 3366 1339 3415 lere

199 3438 327 3496 quattuor
344 3439 372 3481 et
390 3432 573 3496 quadraginta
590 3432 768 3496 uergiliarnrn
785 3448 901 3482 occasus
913 3433 1031 3482 hiemem
1049 3432 1169 3491 inchoat,
1189 3432 1339 3495 quod‘tem·

198 3501 354 3563 pasiuIII.
378 3500 438 3550 idus
451 3499 611 3549 Nouembris
624 3499 746 3549 incidere
760 3498 921 3550 consueuit*
957 3499 1064 3549 Plinius
1076 3500 1108 3547 N.
1122 3501 1156 3548 H.
1169 3499 1338 3549 avulsis:

182 3562 305 3616 '‘Omnis
329 3573 421 3617 autem
438 3569 515 3616 ratio
528 3566 675 3616 obseruata
699 3573 741 3616 est
759 3567 845 3617 tribus
863 3567 956 3625 niudis,
977 3574 1070 3615 exortu
1088 3568 1207 3615 siderum
1226 3583 1339 3617 occasu-

199 3649 251 3698 que
270 3640 299 3685 et
315 3636 434 3700 ipsorum
452 3640 601 3699 temporum
621 3633 797 3684 cardinibus)
833 3635 884 3684 220
896 3652 967 3700 sqq:
988 3632 1086 3684 ‘Cardo
1104 3639 1253 3699 temporam
1272 3651 1338 3699 qua·

198 3702 343 3767 dripertita
362 3703 427 3752 anui
445 3702 621 3752 distinctione
640 3708 748 3751 constat
765 3718 815 3767 per
833 3704 1002 3752 incrementa
1020 3701 1098 3751 lucis.
1136 3709 1252 3765 angetur
1269 3702 1338 3752 hacc

199 3785 216 3817 a
234 3770 330 3819 bruma
349 3776 377 3820 et
395 3775 529 3835 aequatur
546 3769 673 3819 noctibus
691 3785 775 3819 uerno
789 3771 960 3836 aequinoctio
973 3770 1069 3819 diebus
1086 3769 1133 3819 XC
1152 3769 1225 3818 horis
1242 3771 1338 3820 tribus.

198 3836 262 3886 dein
279 3843 392 3903 superat
409 3840 499 3889 uoctIs
511 3838 547 3887 ad
559 3837 704 3886 solstitium
722 3837 818 3887 diebus
835 3838 942 3888 XCIIII
960 3838 1033 3887 horis
1050 3838 1208 3897 duodecim,
1226 3850 1243 3881 a
1261 3851 1277 3881 s
1295 3854 1339 3888 us·

198 3919 250 3967 quc
270 3906 304 3954 ad
323 3906 526 3970 aequinoctium
553 3905 690 3963 autumni,
714 3911 741 3954 ct
765 3912 819 3954 tum
839 3912 959 3970 aequata
981 3905 1026 3954 die
1050 3906 1172 3970 procedit
1196 3922 1229 3954 cx
1253 3922 1285 3955 eo
1304 3907 1338 3955 ad

197 3971 320 4021 brumam
338 3974 436 4023 dicbus
452 3973 621 4023 LXXXVIII
639 3971 714 4022 horis
731 3972 826 4022 tribus.
862 3972 945 4023 horae
962 3974 1074 4023 nuncin
1087 3973 1159 4023 omui
1178 3975 1338 4024 accessione

198 4040 429 4103 aequinoctiales,
452 4056 506 4091 non
524 4041 719 4105 cuiuscumque
742 4041 796 4089 diei
814 4041 1007 4106 significantur
1024 4056 1171 4105 sumesque
1191 4057 1241 4091 eae
1260 4042 1337 4090 dille-

197 4108 304 4157 rentias
323 4108 390 4157 fiunt
408 4109 436 4158 in
454 4108 560 4158 octauis
578 4109 702 4173 partibus
721 4108 870 4171 signorum,
890 4109 987 4158 bruma
1006 4109 1162 4173 capricorni
1180 4125 1207 4158 a.
1226 4111 1252 4158 d.
1270 4108 1337 4158 Vlll

197 4173 339 4225 Kalendas
356 4176 467 4228 Ianuar.
497 4177 569 4239 fere,
596 4174 798 4240 aequinoctium
817 4191 929 4226 uernum
949 4177 1045 4226 arietis
1062 4176 1209 4227 solstitium
1233 4176 1338 4239 caueri,

197 4293 392 4304 ——-...-.-—

285 4376 294 4425 l
316 4322 424 4422 diebus
440 4366 494 4420 AB
507 4357 521 4443 ΙΙ
537 4364 614 4422 Vlll
639 4358 678 4419 B¹
700 4362 796 4420 VIIII
812 4356 851 4418 13²
865 4358 879 4442 ΙΙ
895 4374 912 4424 2
926 4372 1083 4441 permanet
1099 4384 1152 4421 om.
1182 4361 1234 4442 ΒΙΙ
1249 4360 1298 4421 dis
1314 4368 1339 4421 Α

198 4442 210 4525 ll
227 4445 274 4508 ed
289 4453 313 4505 Α
327 4444 340 4528 ΙΙ
357 4449 451 4507 ΧΟΙΙ
468 4451 496 4505 Β
510 4448 584 4506 XCI
602 4451 627 4504 A
642 4443 655 4528 ΙΙ
670 4447 766 4505 hiems
785 4448 807 4505 A
826 4443 839 4529 ll
855 4450 981 4528 iuquoat
997 4445 1059 4504 ΑΒ1
1078 4444 1091 4528 Η
1109 4450 1168 4507 VII
1187 4456 1211 4506 A
