3202 4998
719 384 823 426 cerva*
847 386 859 424 1
1019 458 1022 467 Ι
1288 365 1349 426 391

216 539 346 598 soleant.
379 558 436 596 nec
457 546 528 616 apte
550 536 724 596 defenditur
750 536 889 615 exemplo
911 536 1000 593 unico
1027 535 1282 595 e'l'heodosiano
1303 557 1352 595 co-

217 640 284 699 dice
306 640 327 700 l.
351 649 385 702 20
407 638 445 697 de
466 640 559 718 episc.
592 641 703 717 petito,
727 637 809 718 quod
836 637 913 695 adeo
935 636 1080 695 indicium
1099 656 1168 695 esse
1189 636 1352 716 suspiceris

216 744 281 802 eius
299 743 421 811 aetatis,
440 759 501 819 qua
522 739 600 797 haee
616 741 681 797 vita
699 739 882 798 mutationes
904 756 981 817 quas
1003 756 1095 815 supra
1113 736 1261 816 descripsi
1282 738 1351 797 sub·

215 845 294 903 ierit.
325 842 381 900 sed
396 841 488 899 nolim
502 849 604 899 tamen
621 843 650 899 in
666 840 874 901 hariolationis
892 839 1005 898 crimen
1022 838 1192 913 incurrere3
1210 841 1353 919 quoniam

215 945 390 1024 praefracte
407 944 514 1019 negari
532 942 653 1021 nequit,
673 950 856 1002 testamenta
873 946 940 999 culn
961 939 1133 999 dicerentur
1151 959 1293 1018 suprema
1307 941 1351 998 iu·
1401 959 1409 971 ’

217 1044 297 1103 dicia
313 1044 457 1102 facillime
484 1044 544 1101 iam
576 1042 795 1122 antiquioribus
826 1041 1010 1120 temporibus
1039 1051 1241 1104 extremorum
1272 1044 1349 1104 iudi-

217 1149 329 1207 ciorum
347 1166 457 1205 nomen
472 1144 528 1202 sibi
543 1143 721 1207 adscivisse.

298 1250 455 1310 Prouime¹
470 1268 544 1306 vero
571 1266 674 1305 omnes
695 1248 809 1325 pariter
829 1247 911 1305 vitae
936 1243 1028 1304 libros
1055 1266 1074 1304 a
1094 1250 1244 1311 communi
1266 1249 1350 1306 fonte

216 1351 340 1422 abesse,
358 1352 408 1409 vel
424 1349 585 1409 levissimis
602 1347 662 1407 illis
678 1347 857 1426 corruptelis
878 1351 980 1405 dilectet
1000 1368 1028 1425 p.
1045 1354 1095 1420 45,
1114 1358 1124 1409 1
1149 1354 1351 1424 expressitque

214 1473 243 1531 p.
269 1460 319 1523 te,
346 1460 379 1512 12
402 1448 554 1529 probatur.
595 1468 652 1507 nec
681 1449 768 1507 deest
794 1467 960 1506 cousensus
986 1448 1018 1505 in
1043 1448 1233 1524 gravioribus
1259 1451 1351 1511 vitiis.

215 1553 259 1612 sic
270 1574 300 1631 p.
312 1559 355 1624 47,
369 1558 440 1632 tsq.
457 1551 488 1608 in
498 1548 636 1610 omnibus
650 1550 746 1610 haece
760 1558 879 1608 extant:
894 1555 1014 1623 pertulit
1029 1555 1122 1609 adme
1136 1554 1260 1626 Onysius
1273 1556 1351 1611 libel·

214 1658 271 1713 lum
286 1662 375 1724 tuum,
393 1670 476 1731 quem
493 1671 543 1728 epo
554 1663 585 1711 ut
597 1662 780 1712 accusantem
796 1656 1073 1728 quantuluscumque
1085 1664 1128 1712 est
1143 1657 1210 1713 boni
1222 1659 1350 1713 consulo.

215 1766 246 1814 ut
263 1763 446 1814 accusantem
462 1764 604 1834 corrupta
619 1775 688 1813 esse
707 1754 914 1832 unusquisque
935 1754 1029 1813 videt.
1061 1775 1119 1813 nec
1140 1757 1219 1832 fugit
1235 1759 1350 1835 priores

214 1858 297 1915 vitae
313 1854 462 1927 editores,
476 1858 530 1936 qui
542 1855 580 1915 ad
598 1855 780 1914 sententiam
793 1852 960 1911 sanandam
982 1855 1111 1914 eandem
1125 1858 1207 1914 viam
1222 1857 1351 1933 ingressi

215 1966 294 2029 sunt,
313 1976 404 2037 quam
416 1956 590 2035 praeiverat
604 1956 747 2034 princeps
760 1951 858 2010 editor
870 1953 898 2010 N
901 1956 1010 2013 annius
1023 1955 1185 2015 scribendo
1197 1967 1291 2016 utnon
1300 1979 1349 2016 ac-

213 2077 309 2117 cusem
326 2061 509 2131 breuitatem
531 2056 680 2135 siquidem
702 2071 736 2111 ne
750 2071 879 2110 accusem
893 2058 1063 2114 breuitatem
1082 2058 1213 2115 correxit
1227 2057 1350 2116 Lambi-

214 2178 279 2229 nus,
296 2156 476 2216 Oasaubouo
492 2158 655 2236 placuitne
671 2171 802 2213 accusem
819 2164 854 2223 tc,
869 2155 1025 2215 Bentleius
1038 2138 1174 2236 denique
1184 2158 1306 2237 scripsit
1320 2169 1352 2218 ut

214 2270 349 2318 accusem·
362 2267 404 2316 te:
422 2277 511 2316 nemo
523 2277 633 2316 novam
645 2257 792 2316 rationem
805 2255 879 2327 iniit,
896 2257 954 2314 etsi
967 2257 997 2316 iu
1014 2269 1119 2337 aperto
1133 2267 1214 2317 esset
1225 2261 1351 2340 antiqua

214 2359 373 2418 molestam
390 2359 588 2434 tautologiam
599 2359 714 2429 inferri,
732 2355 899 2415 desiderari
915 2377 988 2415 vero
1002 2379 1122 2437 semper
1135 2360 1266 2436 Augusti
1279 2380 1349 2419 con·

121 2532 123 2536 ³
196 2460 323 2532 ⁴silium,
339 2479 399 2545 quo
413 2458 549 2518 libellum
560 2460 671 2517 Horati
685 2460 823 2539 quamvis
834 2458 958 2518 brevem
973 2459 1142 2538 probasset.
1164 2481 1255 2540 quam
1272 2459 1350 2521 an-

215 2563 291 2620 saris
311 2562 460 2619 rationem
482 2580 542 2618 non
558 2562 752 2638 recuperavit
770 2560 915 2631 Rothius‚
929 2580 1012 2626 ¹cum
1031 2560 1180 2621 scriberet
1197 2572 1229 2619 ut
1246 2582 1264 2620 a
1280 2582 1349 2621 cuu-

215 2673 305 2721 sance.
335 2684 406 2721 nam
422 2673 452 2723 et
467 2663 569 2721 aliena
583 2662 660 2721 haec
676 2662 772 2721 verba
788 2661 825 2720 ab
842 2680 898 2719 usu
914 2662 1073 2720 latinitatis
1088 2663 1232 2722 videntur
1246 2696 1287 2707 -
1304 2665 1348 2722 in-

214 2774 399 2842 terpretatur
415 2775 515 2824 autem
535 2765 578 2823 sic
599 2765 618 2824 l.
639 2784 664 2822 c.
685 2783 715 2842 p.
732 2774 783 2826 525
801 2784 853 2822 eon
868 2767 959 2821 einem
985 2765 1148 2838 Versantur,
1165 2771 1218 2824 der
1232 2784 1263 2824 so
1281 2770 1350 2824 ciete

214 2868 363 2925 Ausa-eden
380 2870 425 2950 bei
438 2870 489 2923 der
505 2868 596 2924 Hand
609 2869 660 2924 bnt
679 2897 722 2908 -
736 2884 836 2943 neque
854 2864 1055 2941 intellegitur,
1080 2885 1134 2924 cur
1153 2867 1211 2926 hoc
1229 2868 1350 2929 nomine

213 2967 335 3027 libellus
354 2967 393 3026 ab
410 2966 549 3043 Augusto
565 2966 637 3025 boni
659 2966 844 3025 consulatur.
882 2984 921 3023 ne
940 2965 1050 3036 multa,
1070 2986 1130 3024 non
1153 2970 1244 3028 alium
1261 2969 1349 3028 libel·

213 3068 275 3127 lum
291 3068 455 3145 significari
470 3077 557 3146 puto,
576 3088 668 3149 quam
691 3067 852 3146 epistulam
873 3067 958 3127 illam
982 3066 1028 3146 (ΙΙ
1051 3068 1095 3146 Ι),
1120 3090 1198 3149 quae
1220 3072 1359 3129 Horatio

214 3169 252 3229 ab
269 3170 409 3246 Augusto
427 3172 492 3247 ipso
510 3170 655 3229 Suetonio
677 3178 755 3228 teste
773 3188 920 3247 expressa
947 3178 1001 3229 est.
1026 3172 1110 3229 euius
1125 3171 1291 3249 principio,
1316 3180 1350 3230 ut

214 3269 445 3329 scholiastarum
463 3271 563 3329 verbis
579 3281 659 3343 utar,
684 3291 751 3328 cum
771 3270 861 3328 laude
879 3270 1020 3329 Caesaris
1040 3290 1109 3330 sese
1125 3280 1251 3330 excusat
1265 3269 1353 3349 qu'od.

213 3391 272 3430 non
290 3370 330 3429 ad
346 3371 444 3450 ipsum
460 3392 581 3451 qaoque
602 3372 732 3450 plurima
754 3371 885 3447 scribat3
914 3371 1050 3430 noluisse
1072 3372 1152 3430 enim
1169 3380 1348 3449 occupatum

213 3474 244 3530 in
263 3470 421 3551 republica
437 3474 500 3531 suis
518 3473 655 3550 inpedire
671 3471 868 3530 sermonibus.
899 3473 987 3531 vides
1004 3493 1065 3552 quo
1082 3471 1222 3532 tendam:
1239 3491 1348 3551 nempe

217 3575 300 3633 facili
322 3575 486 3632 mutatione
501 3573 710 3649 retingendum
726 3583 772 3633 cst
790 3584 822 3633 ut
836 3582 1031 3631 excusantem.

298 3676 369 3735 Non
389 3684 450 3733 tam
469 3675 531 3734 leni
550 3695 640 3734 mauu
659 3677 776 3735 restitui
799 3683 926 3754 possunt
941 3695 979 3734 ea
999 3694 1079 3756 quae
1101 3676 1140 3734 de
1156 3676 1259 3733 mortis
1273 3684 1348 3735 tem-

217 3797 291 3856 pore
305 3777 468 3836 Suetonius
480 3776 612 3855 scripsit.
634 3776 703 3836 libri
719 3778 799 3836 enim
813 3777 891 3836 haec
907 3776 1034 3835 habent:
1050 3780 1171 3835 decessit
1192 3779 1222 3835 V.
1234 3781 1282 3836 Kt.
1293 3779 1350 3836 De·

215 3883 337 3937 cemtrr's
354 3881 382 3936 C.
395 3880 507 3938 Marcio
517 3880 672 3937 Censorino
685 3889 713 3937 ct
730 3880 759 3938 C.
775 3882 872 3937 Asinio
891 3882 971 3938 Gallo
987 3882 1150 3937 consulibus
1159 3889 1228 3952 post
1242 3899 1349 3938 nonum

214 3989 241 4039 et
264 3985 529 4054 quinquepesimum
550 4000 666 4039 annum.
697 3978 814 4059 pridem
835 3980 1023 4039 intellectum
1040 3989 1087 4038 est
1102 4000 1213 4041 anuum
1228 3983 1348 4055 aetatis,

214 4103 274 4162 quo
290 4083 437 4142 Horatius
453 4083 566 4143 obiisse
582 4082 706 4155 dicitur,
728 4102 788 4140 non
808 4081 979 4141 consentire
1002 4101 1069 4140 cum
1088 4081 1260 4141 nominibus
1277 4102 1348 4152 con·

214 4181 321 4243 sulum.
357 4182 414 4241 sed
432 4182 530 4243 locum
549 4182 740 4261 gravioribus
757 4185 847 4242 etiam
870 4182 1085 4243 offensionibus
1106 4182 1245 4243 laborare
1266 4180 1349 4263 quod

214 4286 376 4344 nemodum
395 4288 525 4346 senserit
543 4287 643 4345 miror.
671 4306 741 4344 nam
759 4286 888 4364 primum
904 4284 1095 4352 desideratur
1111 4290 1213 4343 aetatis
1227 4283 1347 4354 vocula,
1395 4354 1401 4363 .

214 4405 303 4465 quam
318 4406 378 4447 non
394 4387 490 4446 omitti
502 4405 592 4465 posse
608 4387 716 4464 regula
728 4386 817 4446 docet
833 4385 863 4444 in
876 4386 989 4446 scholis
1006 4385 1189 4450 decantata
1208 4394 1269 4445 tum
1279 4385 1347 4446 bar·
