3202 4998
271 415 333 477 386
584 430 810 480 Qvaasrronss
835 428 1060 470 svsrronrauas

270 595 378 666 parata
400 594 502 655 eraut,
524 591 558 641 ut
578 581 665 661 quasi
687 580 837 659 quaedam
858 579 1073 656 neglegentiae
1090 578 1167 635 ratio
1185 575 1407 654 dispiceretur3

270 687 325 747 sed
340 707 401 745 uon
416 686 525 744 desunt
539 684 685 763 pleraque
701 683 846 760 simplicis
858 681 1017 740 socordiae
1034 679 1222 737 documenta.
1246 678 1284 737 of.
1300 679 1406 753 fragm.

270 790 329 851 20*
349 789 407 851 53*
430 789 489 850 81*
507 787 573 848 82’l.
605 805 642 844 ex
663 802 790 862 quorum
814 802 939 841 nurnero
961 779 1112 839 eximendi
1134 787 1204 837 surrt
1224 780 1313 838 unius
1337 779 1407 836 anni

270 892 322 970 qui
343 889 486 949 videntur
515 885 740 966 prochronismi.
774 905 845 942 nam
870 882 1037 942 hlerkelius
1063 881 1094 939 in
1118 880 1342 959 prolegomenis
1369 878 1409 937 ad

270 992 366 1051 fastos
390 990 482 1050 Ovidi
509 1010 539 1067 p.
562 985 738 1047 cccxvii
761 1006 807 1066 sq.
832 985 956 1061 egregie
984 982 1087 1041 docuit
1111 983 1143 1040 in
1169 982 1311 1040 chronico
1333 980 1407 1039 Hie·

270 1095 389 1173 ronymi
405 1111 499 1152 annos
516 1089 568 1168 qui
584 1086 757 1146 consulibus
775 1087 1006 1163 designarentur
1020 1094 1107 1164 parte
1126 1103 1181 1143 sua
1200 1084 1315 1142 minore
1333 1082 1407 1140 inci·

271 1195 343 1255 dere
360 1196 391 1254 in
408 1212 502 1253 annos
517 1190 709 1249 Eusebianos
725 1188 790 1247 sive
803 1188 961 1259 Abrahae,
978 1188 1029 1265 qui
1044 1187 1215 1265 inciperent
1230 1184 1268 1243 ab
1285 1184 1407 1242 illorum

271 1315 374 1354 mense
397 1293 579 1373 Septembri.
622 1293 666 1350 sic
695 1298 819 1349 mortem
848 1289 979 1360 Lucani,
1003 1309 1091 1368 quern
1121 1286 1219 1365 pridie
1247 1284 1407 1344 Kalendas

269 1398 368 1457 Maias
391 1416 417 1456 a.
439 1416 468 1454 u.
492 1416 518 1453 e.
540 1403 593 1456 818
618 1410 789 1471 supremum
815 1392 895 1449 diem
919 1389 1021 1449 obisse
1048 1392 1174 1460 scimus,
1201 1389 1407 1467 Hieronymus

269 1519 330 1556 non
357 1498 385 1555 ei
405 1516 529 1555 numero
554 1495 727 1567 adnotavit,
752 1497 803 1574 qui
824 1494 989 1574 respondet
1010 1490 1183 1550 consulibus
1206 1491 1330 1549 Vaccae
1356 1487 1407 1546 vel

271 1599 416 1669 Stratoni,
450 1596 506 1657 sed
534 1595 670 1674 proxime
695 1597 903 1674 praecedenti.
956 1616 1050 1674 quare
1086 1611 1247 1673 perperam
1280 1598 1310 1648 et
1339 1589 1407 1668 ipse

270 1721 301 1779 p·
321 1712 356 1761 50
377 1699 415 1757 de
436 1697 661 1776 prochronismo
686 1697 866 1778 Hieronymi
897 1697 1029 1774 cogitavi
1057 1704 1087 1754 et
1116 1714 1183 1753 eum
1210 1712 1277 1751 curn
1299 1690 1408 1750 eodem

271 1820 372 1860 errore
388 1801 419 1859 iu
437 1799 586 1860 Gallionis
600 1818 677 1857 nece
693 1800 856 1877 conspicuo
875 1800 996 1878 (fragm.
1009 1796 1080 1875 88²³)
1097 1795 1257 1873 conposui,
1273 1795 1304 1852 in
1318 1812 1407 1872 quem

270 1902 402 1962 Merkeli
425 1900 600 1960 observatio
621 1922 682 1960 non
706 1902 797 1961 cadit.
832 1911 994 1981 praeterea
1013 1920 1073 1957 non
1089 1917 1252 1975 numquam
1271 1895 1409 1972 Scaliger

270 2000 452 2082 Hieronymi
480 2002 626 2061 incuriam
654 2001 808 2062 detexisse
836 2003 893 2063 sibi
922 2003 1006 2061 visus
1038 2008 1099 2075 est,
1134 1996 1187 2056 ubi
1215 1998 1282 2074 ipse
1308 1997 1408 2075 potius

272 2123 373 2164 errore
397 2112 504 2182 captus
524 2112 586 2177 est,
614 2105 696 2183 quod
719 2106 863 2184 temporis
884 2103 1071 2162 notationem
1093 2118 1153 2156 non
1172 2098 1211 2156 ad
1236 2099 1408 2177 primariam

271 2225 330 2286 quo
342 2205 507 2264 referenda
522 2215 587 2263 erat
599 2206 781 2265 senteutiam
795 2205 911 2265 rettulit
923 2205 979 2266 sed
991 2203 1031 2262 ad
1045 2224 1082 2262 ea
1094 2223 1175 2283 quae
1189 2200 1327 2277 epimetri
1339 2200 1408 2258 loce

270 2307 321 2367 vel
332 2304 507 2384 explicandi
521 2325 615 2364 eausa
628 2307 733 2365 addita
746 2318 824 2367 sunt.
854 2307 959 2381 veluti,
977 2317 1009 2364 ut
1020 2325 1079 2363 uno
1094 2302 1234 2381 exemplo
1248 2301 1407 2378 defungar,

271 2407 311 2467 ad
324 2416 470 2485 excerpta
487 2405 526 2466 de
539 2409 603 2465 vita
615 2408 739 2467 Votieni
752 2409 888 2469 Montani
904 2408 1025 2486 (fragm.
1041 2403 1122 2482 70¹³),
1139 2403 1191 2462 ubi
1201 2404 1408 2484 Hieronymus

271 2518 390 2588 tempus
415 2509 520 2567 mortis
545 2529 607 2567 nou
622 2509 820 2587 relegationis
845 2531 955 2569 annum
978 2514 1154 2579 notaverat,
1176 2503 1291 2563 biennii
1312 2511 1407 2563 meta·

271 2610 475 2670 chronismum
490 2611 676 2669 commisisse
694 2612 957 2691 chronographum
973 2630 1033 2667 non
1050 2618 1134 2667 recte
1149 2605 1346 2664 insimulavit.

355 2712 489 2769 Tantum
512 2708 550 2768 de
569 2713 707 2790 conputis
728 2713 985 2793 Hieronymianis.
1020 2733 1080 2770 non
1099 2709 1246 2768 curiosius
1267 2714 1408 2767 versatus

272 2821 318 2872 est
333 2811 580 2889 chronographus
600 2811 631 2869 in
647 2812 714 2891 ipsa
728 2812 816 2870 brevi
831 2812 869 2871 de
887 2812 1013 2889 singulis
1030 2809 1228 2890 scriptoribus
1246 2809 1355 2868 notitia
1370 2828 1408 2867 ex

271 2913 416 2974 Suetonio
446 2910 648 2989 excerpenda.
690 2913 885 2972 Voltaeilium
909 2913 1030 2997 lfflotum
1057 2913 1184 2992 Pompei
1210 2911 1351 2970 libertum
1378 2916 1409 2968 et

272 3013 428 3073 doctorem
444 3012 534 3083 dicit,
556 3033 623 3070 eum
639 3013 802 3073 Suetonius
827 3013 864 3072 de
879 3035 1003 3092 gramm.
1026 3023 1057 3073 ct
1078 3014 1155 3072 rhet.
1178 3023 1211 3076 a?
1232 3034 1300 3072 eum
1319 3014 1408 3072 Pom·
1441 3022 1450 3039 ·

271 3116 370 3195 peium
383 3112 506 3194 quidem
515 3113 654 3174 docuisse
665 3124 696 3173 et
707 3114 880 3174 libertinum
888 3116 984 3175 fuisse
997 3115 1166 3188 tradiderit,
1180 3115 1235 3174 sed
1247 3123 1408 3194 patronum

272 3218 338 3277 eius
366 3215 486 3275 omniuo
513 3235 575 3274 nen
596 3217 806 3276 nominaverit.
845 3238 934 3296 porro
958 3216 1154 3296 polyhistoris
1178 3223 1409 3293 cognomentum

270 3320 477 3397 Hieronymus
493 3318 618 3398 Hygino
640 3318 760 3391 tribuit,
784 3317 864 3396 quod
881 3327 985 3377 auctor
1006 3319 1071 3378 eins
1090 3316 1110 3376 l.
1129 3338 1154 3377 e.
1171 3326 1207 3380 20
1231 3315 1407 3376 Alexandro

270 3421 352 3481 illius
367 3421 511 3496 magistro
523 3419 618 3477 fuisse
632 3420 764 3497 scripsit.
800 3440 878 3499 quae
901 3420 1023 3501 quidem
1042 3429 1172 3499 peccata
1187 3418 1278 3478 facile
1298 3417 1407 3496 depre-

270 3521 460 3593 henduntur,
485 3540 553 3579 cum
573 3540 610 3579 ea
627 3521 707 3580 unde
721 3521 833 3581 bansta
847 3523 906 3581 sint
921 3522 1019 3581 adhuc
1036 3530 1149 3581 extent.
1183 3520 1293 3579 similia
1306 3528 1408 3578 tamen

270 3632 393 3702 reperta
408 3630 487 3696 sunt,
505 3621 557 3682 ubi
570 3623 750 3702 Hieronymi
767 3634 912 3703 excerpta
924 3645 979 3704 per
990 3645 1022 3684 se
1037 3622 1239 3684 examinanda
1251 3629 1347 3681 erant.
1375 3628 1409 3680 ut

271 3723 426 3802 singulare
446 3724 658 3784 documentum
681 3725 806 3802 eligam,
828 3726 961 3784 Ennium
980 3726 1011 3784 in
1036 3726 1189 3804 Scipionis
1213 3730 1406 3783 monumento

271 3825 424 3904 sepultum
443 3845 511 3885 esse
530 3826 604 3885 dicit
619 3827 740 3905 (fragm.
758 3828 830 3903 Ψ),
852 3829 882 3887 in
907 3847 968 3906 quo
984 3836 1100 3885 tantum
1120 3827 1254 3903 effigiem
1276 3825 1341 3884 eius
1370 3842 1407 3883 ex

271 3947 419 3987 marmore
431 3928 562 4006 positam
576 3929 671 3988 fuisse
683 3929 804 4008 plurimi
821 3928 1111 4009 locupletissimique
1128 3937 1223 3987 testes
1236 3926 1406 3985 adfirmant.

272 4027 344 4107 quid
368 4028 450 4107 quod
468 4029 564 4107 ipsius
579 4029 759 4108 Hieronymi
783 4031 891 4110 quibus
911 4030 965 4089 illa
983 4030 1175 4107 excipiuntur
1195 4027 1291 4088 verba
1306 4027 1406 4106 sepul·

271 4129 489 4188 tum·Ennium
511 4148 579 4188 esse
605 4131 636 4187 in
656 4131 795 4189 Ianiculo
822 4139 988 4190 testantur:
1025 4135 1141 4204 quidam
1171 4149 1237 4189 ossa
1263 4135 1325 4189 eius
1346 4132 1407 4188 aa·

271 4234 347 4289 diam
361 4248 401 4288 ex
416 4232 548 4288 Ianiculo
564 4236 706 4290 translata
722 4236 888 4306 adfirmant.
922 4232 977 4291 sed
995 4245 1029 4290 ut
1046 4233 1253 4312 Hieronymus
1267 4232 1407 4291 hocloco

271 4332 433 4391 veritatem
450 4331 509 4389 nisi
535 4331 659 4391 aliunde
682 4343 756 4393 nota
782 4344 865 4393 esset
891 4333 1033 4392 socordia
1053 4353 1110 4392 sua
1129 4334 1222 4412 plane
1250 4334 1289 4393 de
1312 4333 1407 4392 homi·

272 4452 344 4490 num
359 4434 504 4492 memoria
519 4433 702 4507 delevisset,
718 4435 762 4493 ita
779 4433 852 4493 alibi
865 4442 953 4511 grata
963 4433 1050 4494 nobis
1065 4436 1129 4494 eius
1143 4435 1340 4512 neglegentia
1354 4453 1408 4492 ex·
