3200 4992
617 377 657 417 its:
681 376 768 417 virus
792 376 1006 417 inavarsravs

772 527 855 586 XIII
920 528 923 531 ’

154 609 229 682 70*
322 640 493 688 vorfflnvs
524 641 713 688 nirnrnnvs
742 624 965 690 Narbonensis
992 634 1101 690 orator
1129 627 1164 688 in
1185 624 1378 689 Balearibus

239 724 355 790 insulis
378 726 515 790 nioritur
538 733 577 803 (a.
604 736 671 806 780)
697 726 772 792 illuc
796 749 815 790 a
837 724 970 791 Tiberio
992 724 1166 811 relegatus.

761 849 860 910 XIIII

154 932 230 1005 71*
324 946 541 1032 (Psssrsnvs)
556 961 697 1010 cnlsnvs
712 948 894 1033 [municeps
906 945 1141 1030 Vercellensis]
1155 947 1305 1011 tirocinio
1323 969 1380 1011 suo

240 1048 274 1109 in
293 1058 408 1111 senatu
426 1048 472 1110 ita
491 1049 613 1134 coepit:
638 1053 765 1134 ‘patres
785 1049 958 1133 conscripti
978 1059 1010 1112 et
1025 1057 1060 1112 tu
1076 1049 1226 1112 ansar’.
1250 1057 1381 1136 proptcr

242 1146 329 1234 quod
342 1146 494 1212 simulata
511 1150 656 1215 oratione
668 1149 857 1237 plenissime
873 1171 893 1213 a
907 1147 1041 1214 Tiberio
1063 1150 1276 1215 conlaudatus
1290 1152 1403 1234 (estis

241 1354 404 1405 inimicitias
422 1360 452 1403 nt
470 1356 573 1407 iudicio
591 1357 676 1406 iurati
693 1362 807 1407 senatus
820 1355 930 1421 Cretam
944 1362 1116 1407 amoneretur
1135 1356 1279 1418 effecerat3
1299 1364 1381 1422 atque

243 1423 309 1473 illuc
328 1422 425 1471 eadem
443 1425 588 1475 actitando
611 1426 738 1475 recentia
755 1431 904 1489 ueteraque
922 1425 986 1475 odia
1004 1425 1136 1489 aduertit,
1163 1426 1295 1490 bonisque
1318 1442 1381 1475 exu-

242 1495 286 1540 tus
300 1490 448 1540 interdicto
458 1492 516 1555 igni
530 1498 613 1557 atque
628 1509 700 1557 aqua
712 1508 778 1542 saxo
792 1493 907 1558 Seripho
920 1491 1123 1543 consenuit’-
1132 1494 1278 1543 Suetonius
1291 1493 1381 1557 Caliga

245 1558 287 1608 lo:
319 1558 360 1606 ί’1.
379 1559 498 1609 Labieni
522 1561 604 1610 Cordi
623 1560 745 1610 Cremuti
769 1560 849 1611 Cassi
872 1561 967 1610 Seueri
990 1562 1096 1626 scripta
1119 1562 1383 1612 senatusconsultis

244 1625 349 1677 abolita
368 1628 470 1691 requiri
489 1635 517 1677 et
536 1644 596 1678 esse
609 1630 639 1678 in
651 1629 778 1678 manibus
790 1628 968 1693 lectitarique
985 1630 1124 1695 permisit,
1145 1631 1252 1694 quando
1266 1630 1383 1680 maxime
1418 1682 1422 1687 ,

244 1711 294 1745 sua
312 1695 474 1757 interesset,
494 1702 524 1745 ut
537 1698 615 1746 facta
634 1708 759 1761 quasque
770 1696 896 1760 'posteris
914 1695 1077 1747 tradantur!

328 1758 381 1814 itt*
398 1763 582 1826 Hieronymus
600 1763 644 1814 Ol.
663 1763 728 1826 ⁸201,
753 1763 777 1814 3.
812 1764 952 1813 Martialis
969 1766 1036 1814 VIII
1060 1765 1089 1827 7,
1114 1765 1144 1815 5:
1178 1766 1269 1815 ‘docti
1290 1766 1383 1815 Narbo

243 1835 361 1896 paterna
374 1831 509 1881 Votieni'.
529 1832 639 1881 Seneca
657 1838 780 1882 controv.
799 1832 851 1881 VII
869 1831 977 1897 12:217,
999 1832 1090 1898 lsssq.:
1110 1836 1308 1883 ‘accusauerat
1325 1834 1383 1895 (Vi-

243 1900 333 1963 nicius)
352 1898 428 1948 illum
451 1899 524 2016 apud
542 1900 692 1951 Caesarem
716 1917 733 1949 a
752 1899 862 1950 colonia
884 1901 1057 1950 Narbonensi
1075 1908 1195 1966 rogatus.
1229 1907 1259 1951 at
1276 1903 1383 1951 Monta·

243 1982 294 2017 nus
314 1967 383 2017 adeo
401 1967 585 2018 scheasticns
604 1974 677 2028 erat,
702 1973 732 2017 ut
757 1967 853 2017 eodem
876 1969 920 2017 die
940 1984 992 2033 quo
1011 1975 1159 2019 accusatus
1179 1976 1221 2019 est
1239 1986 1256 2018 a
1274 1970 1383 2019 Vinicio

243 2035 412 2100 disceptauit
434 2035 462 2084 in
486 2037 577 2086 Vinici
600 2037 754 2097 (actionem
776 2037 930 2086 sententias
952 2035 1053 2100 asrael)
1094 2038 1175 2087 VHII
1198 2055 1224 2102 p.
1247 2032 1306 2097 280,
1330 2037 1384 2087 3-

243 2103 308 2165 281,
337 2102 378 2151 la:
416 2102 579 2154 ‘Montanus
601 2105 736 2154 Votienus
759 2104 839 2153 bomo
862 2105 995 2153 rarissimi
1019 2106 1103 2155 etiarn
1131 2106 1155 2154 si
1177 2121 1233 2155 non
1255 2106 1383 2154 emenda-

244 2172 345 2221 tissimi
368 2172 463 2236 ingeni
479 2173 579 2222 uitium
597 2188 690 2235 snum,
710 2171 781 2237 qnod
799 2174 827 2221 iu
846 2173 1017 2222 orationibus
1035 2188 1089 2222 uon
1109 2174 1211 2233 euitat,
1230 2173 1258 2222 in
1277 2173 1384 2223 schola·

244 2240 322 2289 sticis
341 2255 446 2304 quoquc
467 2241 573 2290 euitare
592 2257 646 2290 non
664 2241 766 2305 potnit,
797 2239 891 2289 sedin
910 2241 1094 2303 orationibus,
1120 2243 1184 2305 quia
1206 2240 1325 2303 lanatior
1343 2248 1385 2291 est

244 2308 375 2369 materia,
404 2307 493 2358 minus
513 2310 669 2359 earumdem
687 2324 777 2359 rerum
795 2308 944 2358 adnotatur
962 2309 1088 2369 iterati03
1119 2310 1148 2358 in
1166 2308 1343 2359 scholasticis
1360 2309 1384 2358 si

245 2376 342 2425 eadem
360 2381 424 2425 sunt
447 2392 518 2440 qnae
543 2377 682 2437 dicuntur,
712 2377 776 2440 quis
794 2392 885 2441 patrea
903 2380 978 2437 sunt,
1004 2382 1141 2426 notantur.
1179 2378 1290 2426 memini
1308 2376 1384 2426 illum

244 2460 293 2508 pro
313 2443 395 2493 Galla
412 2444 538 2497 Numisia
557 2445 630 2509 apud
648 2444 833 2493 centumuiros
853 2445 1010 2493 tirocinium
1027 2460 1131 2509 ponere
1143 2481 1384 2495 ............

244 2512 331 2561 habet
348 2511 400 2560 hoc
420 2512 567 2561 Montanus
585 2513 696 2561 uitium:
716 2513 870 2561 sententias
889 2527 953 2561 suas
972 2514 1122 2576 repetendo
1140 2514 1301 2577 corrumpit,
1323 2513 1385 2562 dum

245 2595 300 2629 non
319 2586 361 2629 cst
380 2586 526 2630 contentus
543 2595 626 2630 unam
644 2596 700 2628 rem
719 2580 804 2629 semel
816 2580 887 2629 bene
906 2580 1009 2641 dicere,
1029 2580 1116 2631 efficit
1133 2597 1167 2630 ne
1187 2581 1257 2629 bene
1276 2581 1386 2631 dixerit.

246 2652 275 2697 et
292 2652 404 2712 propter
421 2648 474 2697 boc
493 2654 521 2697 et
538 2654 650 2713 propter
668 2647 724 2696 alia
742 2647 842 2711 quibus
855 2654 947 2697 orator
964 2653 1057 2713 potest
1068 2654 1169 2713 poetae
1181 2648 1279 2698 similis
1298 2650 1386 2698 uideri

245 2714 354 2765 solebat
372 2718 490 2765 Scaurus
508 2718 668 2766 Montanum
688 2716 760 2765 inter
778 2721 901 2765 oratores
919 2714 1047 2765 Ouidium
1066 2732 1179 2775 uocarc;
1198 2732 1261 2766 nam
1280 2722 1308 2766 ct
1320 2718 1386 2766 Oui-

246 2783 307 2830 dius
320 2784 411 2832 nescit
424 2783 494 2847 quod
508 2785 577 2833 benc
591 2785 677 2833 cessit
688 2782 863 2848 relinquere!
876 2809 909 2819 -
922 2778 1036 2834 Tacitus
1049 2800 1111 2834 ann.
1126 2784 1239 2834 111142:
1260 2784 1302 2834 ‘ac
1315 2786 1386 2834 sorte

246 2850 343 2899 habita
362 2866 411 2914 per
428 2850 490 2901 iilos
509 2852 569 2901 dies
587 2851 621 2900 de
640 2852 756 2901 Votieno
774 2852 907 2901 biontano
926 2850 1044 2901 celebris
1063 2853 1170 2917 ingenii
1186 2853 1246 2902 uiro
1264 2853 1386 2917 cognitio

247 2924 422 2968 cunctantem
441 2919 495 2968 iam
514 2919 655 2969 'l'iberium
673 2918 807 2984 perpulit,
830 2926 860 2968 ut
877 2919 1005 2969 uitandus
1024 2921 1149 2970 crederet
1166 2928 1273 2985 patrum
1291 2927 1386 2970 coetus

246 3002 396 3050 uocesque,
423 3003 492 3053 quae
517 2988 676 3053 plerumque
699 3002 782 3036 uerae
802 2992 830 3036 et
848 3002 947 3052 graues
966 3003 1057 3038 coram
1080 2989 1286 3054 ingerebantur.
1321 3002 1385 3036 nam

246 3053 385 3120 postulato
403 3055 520 3106 Votieno
544 3056 578 3105 ob
598 3054 777 3105 contumelias
800 3055 830 3103 in
848 3054 997 3104 Caesarem
1015 3056 1104 3106 dictas
1124 3057 1203 3106 testis
1220 3055 1352 3105 Aemilius
1370 3072 1385 3103 e

246 3122 413 3173 militaribus
431 3124 499 3173 uiris
516 3123 581 3174 dum
597 3124 688 3173 studio
707 3122 841 3189 probandi
859 3128 960 3172 cuneta
985 3125 1070 3174 refert
1088 3129 1116 3174 et
1133 3139 1296 3190 quamquam
1314 3125 1386 3172 inter

246 3190 438 3254 obstrepentes
470 3207 572 3258 magna
599 3192 810 3243 adseueratione
838 3191 949 3251 nititur,
986 3192 1094 3242 audiuit
1121 3193 1249 3242 Tiberius
1277 3191 1385 3256 probra,

247 3259 308 3323 quis
326 3274 374 3323 per
392 3259 502 3309 occulta
520 3260 698 3310 lacerabatur
712 3259 833 3323 adeoque
853 3257 994 3323 perculsus
1014 3264 1070 3323 est,
1089 3265 1119 3310 ut
1135 3276 1165 3310 se
1177 3260 1222 3309 uel
1235 3260 1330 3309 statim
1342 3260 1386 3309 uel

247 3329 276 3377 in
300 3328 458 3391 cognitione
477 3335 655 3393 purgaturum
679 3327 836 3376 clamitaret
859 3326 1042 3392 precibusque
1067 3330 1263 3393 proximorum,
1291 3327 1386 3378 adula—
1436 3375 1441 3383 ,

247 3397 321 3446 tione
341 3397 459 3446 omnium
477 3412 560 3461 aegre
579 3400 756 3461 componeret
773 3395 901 3444 animum.
933 3401 960 3445 ct
979 3396 1113 3447 Votienus
1131 3397 1240 3462 quidem
1258 3398 1387 3446 maiesta-

247 3465 284 3513 tis
301 3465 398 3528 pcenis
417 3465 544 3516 adfectus
564 3462 614 3515 est'
636 3481 658 3515 e.
674 3481 699 3528 q.
715 3479 737 3512 s.
758 3462 793 3525 (a.
814 3460 887 3527 778).
924 3463 1041 3515 Biennio
1060 3471 1123 3532 post
1140 3465 1222 3527 obiit,
1241 3471 1272 3514 ut
1290 3464 1387 3515 Hiero·

248 3547 344 3596 nymus
362 3537 489 3582 testatur.
1066 3540 1068 3547 '

333 3596 387 3651 il*
404 3600 494 3651 Sobel.
514 3599 640 3667 [avenai.
659 3599 715 3648 1111
733 3596 782 3647 st:
818 3598 962 3649 Facundia
980 3598 1074 3667 mitae]
1095 3600 1247 3651 ‘Lucanum
1266 3600 1387 3650 Fractis·

249 3684 300 3733 que
319 3669 467 3718 modestior
485 3670 574 3719 annis.
611 3664 768 3731 Crispus'
788 3682 811 3715 e.
831 3683 856 3729 q.
876 3683 898 3715 s.
933 3669 1050 3720 Fontem
1068 3670 1205 3720 indicavit
1223 3669 1255 3718 Ο.
1274 3668 1388 3718 Iahnius

248 3736 274 3785 b.
294 3737 312 3785 1.
349 3735 637 3788 africanensium
661 3734 786 3783 inh.l.:
819 3734 925 3785 ‘Vibius
945 3736 1056 3803 Crispus
1079 3738 1282 3797 Placentinus„
1300 3742 1330 3786 ut
1347 3737 1387 3785 in·

249 3806 308 3868 quit
325 3805 446 3867 Probus,
465 3822 517 3856 nec
536 3821 577 3856 me
596 3803 732 3869 praeterit
750 3802 821 3867 qnod
839 3803 954 3854 Tacitus
973 3806 1084 3867 scribit,
1104 3814 1132 3856 et
1149 3822 1231 3855 mauu
1248 3810 1389 3870 promptus

250 3878 278 3922 et
290 3872 386 3940 lingua
398 3874 447 3927 sub
461 3874 577 3925 Claudio
589 3879 617 3923 et
630 3871 803 3921 consulatum
816 3871 933 3935 adeptus
946 3873 986 3922 ita
1003 3872 1138 3923 modestia
1155 3874 1274 3923 studium
1292 3872 1388 3922 orandi

252 3992 452 4003 -ι---

335 4063 526 4124 3Passienus
539 4065 638 4121 addidi
651 4055 664 4143 Η
679 4057 886 4120 Vercellensis
899 4063 1048 4132 nitrosus,
1064 4064 1182 4123 seclusa·
1206 4062 1301 4119 Vibius
1315 4064 1388 4117 enim

251 4151 369 4220 Crispas
393 4150 578 4206 Vercellensia
595 4157 647 4205 est.
667 4146 708 4218 cf.
728 4147 795 4204 Tac.
817 4146 884 4205 dial.
908 4154 954 4204 Sa
970 4143 1162 4204 Visellicnsis
1176 4148 1390 4204 Pithecussas!

252 4235 446 4306 senoniensis
460 4231 647 4292 Vitelliansis
663 4240 713 4287 out
727 4227 923 4290 Vicclliensis
938 4234 1052 4303 Lipsius
1066 4230 1263 4289 Placentinus
1291 4232 1388 4291 Valla:

229 4364 232 4370 v
258 4321 339 4378 Valla
350 4315 526 4392 scilicet'ipsc
538 4320 721 4375 Placentinus
731 4316 789 4387 suit
804 4311 817 4393 ΙΙ
832 4315 1138 4375 isimulataoratione
1151 4319 1288 4375 Iahnius:
1300 4316 1387 4374 simul

251 4405 387 4462 oratione
403 4406 452 4461 PS
463 4403 652 4461 simulatione
670 4402 805 4460 Pithoeus
820 4400 834 4482 ll
849 4410 895 4459 est
909 4404 1018 4460 audiuit
1037 4401 1158 4459 Iahnius
