3218 5000
624 430 666 473 ns
690 429 831 477 NATVRIS
852 430 963 475 RERVM

773 580 961 666 feriuntque
982 600 1126 643 summes

520 680 654 765 fulgura
674 689 812 745 montes.

221 780 318 844 nimis
345 788 453 846 autem
481 781 662 845 excelsiora
682 781 755 846 loca
784 803 804 844 a
824 783 1072 869 tempestatibus
1099 804 1171 845 esse
1194 804 1310 847 secura
1329 793 1365 848 ut

211 882 400 970 Olympus,
442 883 497 970 qui
531 882 726 947 celsitudine
761 904 822 947 sua
849 906 910 947 nee
937 883 1078 970 impetus
1105 893 1275 948 uentorum
1302 907 1367 949 nee

199 986 305 1047 etetus
326 983 498 1047 fulminum
521 985 637 1065 sentit,
659 985 739 1070 quia
761 984 864 1048 nubes
888 985 1028 1049 excedit.
1067 1070 1073 1081 ι

307 1200 417 1251 asscvs
448 1185 656 1274 quadricolor
681 1196 732 1250 est
761 1194 793 1251 et
821 1209 864 1251 ex
893 1185 1044 1251 omnibus
1073 1186 1236 1252 elimentis
1265 1188 1298 1250 in
1327 1177 1473 1252 sel45*

220 1288 307 1373 rapit
338 1288 478 1374 speeies:
530 1287 571 1351 de
598 1285 689 1351 caele
720 1288 806 1351 enim
839 1288 940 1353 trahit
973 1289 1104 1373 igneum
1132 1287 1287 1366 colorem,
1324 1288 1365 1353 de

221 1389 316 1474 aquis
338 1410 552 1476 purpureum,
576 1388 616 1453 de
638 1410 713 1452 uere
734 1388 862 1471 album,
892 1388 933 1453 de
954 1390 1050 1452 terris
1071 1388 1197 1473 colligit
1224 1391 1365 1475 nigrum.

221 1536 309 1608 γάξει·
328 1542 363 1611 τῇ
380 1534 406 1594 δ’
407 1535 522 1609 ὀξύτητι
539 1543 591 1611 τῆς
609 1541 702 1609 φοράς
725 1535 949 1610 προσλαμβάνον
971 1537 1025 1610 τὴν
1041 1533 1100 1594 άπὸ
1122 1541 1173 1594 reri
1190 1535 1274 1610 ἡλίου
1297 1544 1365 1608 θερ-

222 1604 346 1677 μότητα,
365 1611 577 1676 κεραυνοβολεῖ·
602 1611 654 1662 τοῦ
678 1605 710 1661 δὲ
732 1610 876 1677 κεραυνοῦ
898 1605 951 1676 τὴν
974 1602 1133 1662 άσθένειαν
1158 1606 1199 1670 εἰς
1217 1612 1365 1678 πρηστῆρα

222 1676 408 1745 περιίστησιν.
438 1668 633 1745 Ἀναξαγόρας,
652 1669 723 1729 ὅταν
740 1673 772 1730 τὸ
790 1672 901 1745 θερμὸν
919 1674 961 1738 εἰς
978 1674 1010 1729 τὸ
1023 1673 1135 1757 ψυχρὸν
1149 1671 1263 1745 ἐμπέσῃ,
1283 1679 1365 1729 τοῦτο

224 1738 328 1798 δ’ἐστὶν
345 1741 483 1810 αἰθέριον
500 1742 586 1814 μέρος
605 1742 646 1806 εἰς
663 1738 801 1811 άερῶδες,
821 1747 859 1813 τῷ
877 1741 931 1813 μὲν
948 1741 1036 1812 ψόφῳ
1054 1764 1106 1813 την
1124 1743 1247 1813 βροντὴν
1265 1738 1367 1798 άποτε-

223 1815 274 1877 lei,
293 1813 333 1864 rui
351 1809 383 1865 dl
402 1808 482 1879 παρά
506 1807 560 1881 τὴν
581 1815 722 1881 μελανίαν
745 1815 796 1865 τοῦ
820 1808 969 1880 νεφώδους
987 1808 1112 1880 χρώματι
1131 1809 1184 1880 τήν
1205 1810 1364 1880 desponsio,

222 1881 261 1947 τῷ
290 1866 322 1932 ol
350 1875 457 1948 πλήθει
482 1879 531 1932 καὶ
557 1877 676 1947 μεγέθει
695 1881 745 1932 τοῦ
769 1876 863 1947 φωτὸς
881 1875 931 1932 τὸν
953 1876 1105 1945 κεραυνὸν,
1128 1884 1166 1948 τῴ
1186 1876 1218 1932 δὲ
1242 1884 1366 1933 πολυσω-

223 1946 373 2016 ματωτέρῳ
395 1949 465 2013 πυρὶ
487 1944 537 2000 τὸν
560 1949 693 2015 τυφῶνα,
723 1949 762 2015 τῷ
792 1944 823 1999 δὲ
852 1949 1034 2014 νεφελοειδει·
1053 1944 1104 2000 τὸν
1127 1967 1148 2000 π
1167 1948 1285 2015 ηστῆρα.
1329 1945 1368 1999 Oi

223 2012 347 2069 Στωικοὶ
370 2010 493 2083 βροντὴν
515 2010 570 2083 μὲν
592 2010 788 2083 συγκρουσμὸν
806 2032 837 2067 νε
862 2017 915 2077 ὠν,
935 2008 1085 2083 άοτραπήν
1103 1966 1240 2080 δ’ἔξαφιν
1264 2009 1294 2067 ἐκ
1313 2034 1366 2067 ποι-

223 2084 392 2151 ρατρίφειος,
411 2078 554 2149 κεραυνὸν
572 2079 603 2135 δὲ
617 2078 814 2150 σφοδροτέραν
847 2085 982 2151 λλαμφιν,
997 2084 1145 2151 πρηστῆρα
1158 2078 1190 2135 δὲ
1204 2081 1367 2149 νωχελεστεἏ

224 2169 287 2217 ραν.
329 2142 528 2218 Ἀριστοτέλης,
548 2144 578 2215 ἐξ
596 2143 822 2218 ἀναθυμιάσεως
839 2148 889 2202 καὶ
907 2147 942 2201 τά
961 2152 1080 2202 τοιαῦτα
1098 2151 1232 2217 γίνεσθαι
1252 2152 1301 2218 τῆς
1320 2151 1367 2218 ξη-

228 2220 291 2285 ράς·
311 2208 380 2270 ὅταν
397 2208 450 2271 οὖν
469 2213 572 2286 ἔντυ’χη
589 2213 643 2286 μὲν
665 2219 699 2285 τῇ
717 2211 807 2284 ὑγρᾷ,
825 2211 1038 2285 παραβιάζηται
1063 2214 1094 2269 δὲ
1118 2212 1168 2270 τὸν
1192 2215 1307 2283 ἔξοδον,
1332 2220 1368 2285 τῇ

224 2282 278 2354 μὲν
294 2288 472 2352 παρατρίψει
490 2284 540 2339 καλ
557 2287 592 2354 τῇ
610 2280 690 2353 ρἠξει
707 2284 758 2338 τὸν
780 2280 880 2352 ψόφον
904 2285 954 2352 τῆς
976 2285 1098 2353 βροντης
1115 2286 1264 2353 γίνεσθαι,
1284 2287 1319 2353 τῇ
1337 2283 1369 2337 δ’

226 2348 327 2419 ἐξάψει
350 2354 400 2420 τῆς
419 2347 586 2422 ξηρότητος,
605 2350 659 2422 τὴν
676 2346 834 2421 αότραπήν·
858 2354 1022 2433 πρηστῆρας
1046 2349 1078 2405 δὲ
1101 2351 1151 2406 aul
1173 2354 1307 2419 τυφῶνας
1329 2355 1370 2421 τῷ

225 2423 394 2489 πλεονασμῷ
416 2424 466 2489 της
488 2411 572 2489 ὕλης,
598 2410 635 2489 ἣν
664 2415 797 2486 ἑκάτερος
821 2412 915 2473 αὐτων
939 2417 1155 2487 συνεφέλκεται,
1186 2417 1367 2488 θερμοτέραν

225 2485 279 2557 μὲν
297 2482 312 2543 ὁ
330 2485 472 2557 πρηστήρ,
497 2485 662 2557 παχυτέραν
680 2484 712 2541 δὲ
731 2482 746 2540 ὁ
764 2483 871 2555 τυφών.
908 2491 944 2540 ef.
958 2490 1056 2540 Ideler.
1070 2491 1088 2540 1.
1103 2508 1127 2539 c.
1141 2507 1167 2556 p.
1183 2490 1227 2540 lul
1242 2507 1300 2555 sqq.

312 2556 381 2612 llil*
393 2559 514 2609 Isidorus
531 2559 565 2609 de
583 2564 682 2608 natura
700 2574 789 2608 rerum
801 2559 904 2608 XXXI:
931 2560 981 2607 ‘De
1000 2573 1075 2608 arcu.
1089 2558 1217 2608 Clemens
1230 2560 1369 2608 Romanus

227 2628 343 2677 antistes
356 2632 384 2677 et
393 2627 496 2690 martyr
505 2628 545 2676 ita
557 2627 667 2676 scribit:
681 2628 768 2675 Arcus
777 2626 887 2677 enimin
900 2642 965 2676 nere
975 2642 1009 2676 ex
1018 2627 1139 2691 imagine
1150 2626 1216 2676 solis
1225 2626 1277 2675 hoc
1289 2628 1369 2676 modo

227 2695 368 2746 formatur.
393 2695 455 2743 dum
469 2694 541 2743 enim
554 2694 595 2743 sol
607 2695 635 2743 in
652 2694 770 2743 nubibus
782 2694 986 2744 rarescentibus
999 2710 1032 2743 ex
1046 2694 1162 2743 aduerso
1174 2694 1313 2743 refulserit
1325 2711 1368 2744 rs-

226 2761 338 2827 diosque
351 2778 414 2812 suos
427 2763 533 2811 directa
545 2761 620 2812 linea
632 2762 739 2812 humori
750 2761 844 2812 nubilo
862 2761 1059 2812 transfundens
1077 2763 1259 2826 impresserit,
1279 2762 1309 2810 fit
1326 2778 1368 2811 re-

226 2831 368 2894 percussio
384 2829 538 2894 splendoris
557 2830 615 2879 eius
633 2830 661 2878 in
678 2829 796 2880 nubibus
813 2829 1017 2879 rarescentibus
1035 2846 1069 2879 ex
1086 2829 1184 2894 quibus
1201 2829 1291 2893 fulgor
1303 2830 1369 2879 emi-

227 2912 294 2948 eans
312 2912 394 2948 arens
411 2897 533 2962 speciem
552 2897 660 2947 innuat.
703 2898 776 2947 siout
799 2896 872 2946 enim
894 2897 1021 2961 inpressa
1043 2913 1108 2947 cera
1126 2897 1203 2946 anuli
1220 2898 1370 2961 imaginem

228 2966 369 3029 exprimit,
388 2966 429 3014 sic
447 2964 535 3014 nubes
548 2981 562 3015 e
577 2969 672 3014 contra
685 2981 719 3014 ex
732 2964 900 3014 rotunditate
912 2964 979 3019 solis
992 2964 1106 3029 liguram
1125 2970 1264 3014 sumentes
1277 2965 1369 3014 orbem

229 3032 355 3082 elliciunt
372 3039 399 3082 et
417 3047 498 3082 arcus
515 3033 637 3097 speciem
654 3032 769 3097 fingunt.
800 3037 917 3097 apparet
935 3038 1026 3082 autem
1044 3033 1095 3082 hoe
1113 3048 1168 3082 nou
1180 3049 1301 3097 semper,
1321 3034 1370 3082 sed

228 3114 289 3149 cum
301 3105 446 3150 rarescunt
458 3099 554 3149 nubila
567 3099 647 3149 caeli.
670 3116 734 3150 nam
746 3115 838 3149 rursus
848 3114 909 3149 cum
919 3100 948 3149 in
959 3115 989 3149 se
1000 3106 1100 3149 coeunt
1109 3101 1195 3149 nubes
1206 3101 1294 3165 adque
1305 3100 1370 3156 den·

227 3172 340 3229 santur,
354 3167 501 3218 confestim
514 3183 595 3218 arcus
614 3168 702 3217 torma
714 3167 868 3217 resoluitur.
898 3167 925 3216 in
948 3166 1061 3217 nubium
1079 3167 1150 3216 enim
1168 3168 1307 3217 densitate
1327 3184 1370 3217 ar·

230 3250 278 3289 cus
296 3251 388 3285 aerem
410 3235 439 3283 iu
461 3236 585 3299 perfecto
607 3251 673 3299 gyro
695 3234 885 3300 conplectitur.
914 3234 1032 3299 denique
1050 3235 1109 3284 sine
1132 3233 1190 3284 sole
1209 3242 1236 3283 et
1253 3234 1370 3284 nubibus

227 3318 374 3367 numquam
394 3308 511 3367 apparet
527 3318 620 3363 arens,
645 3303 710 3367 quia
727 3318 760 3352 ex
777 3307 843 3366 typo
861 3303 932 3351 radii
949 3302 1015 3351 solis
1033 3302 1143 3366 species
1155 3303 1214 3351 eius
1227 3304 1369 3352 fornratur.

230 3370 452 3434 quadricolor
471 3370 542 3419 enim
561 3375 613 3419 est
625 3405 631 3418 .
643 3406 662 3419 ..
677 3370 709 3419 ni
741 3384 817 3418 rum.
840 3368 885 3419 hie
899 3374 1083 3421 aretemareus
1095 3385 1143 3434 pro
1157 3385 1188 3418 eo
1202 3371 1272 3433 quod
1285 3385 1301 3418 a
1313 3369 1370 3418 sole

229 3437 388 3502 resplendet
405 3438 433 3486 iu
446 3437 564 3517 nubibus
582 3437 684 3487 Christi
701 3386 818 3501 gloriam
836 3437 941 3487 iudicat
958 3438 986 3486 in
1003 3437 1145 3503 prophetis
1163 3453 1196 3486 ac
1214 3437 1371 3486 doctoribus

131 3498 134 3511 '
229 3505 421 3585 refulgentem.
453 3504 500 3554 aln
523 3521 556 3554 ex
578 3504 683 3555 duobus
705 3505 841 3555 coloribus
859 3505 918 3553 eius
936 3505 963 3553 id
981 3512 1023 3553 est
1041 3520 1144 3568 aquoso
1168 3510 1196 3553 et
1213 3505 1295 3568 igneo
1317 3504 1370 3553 duo

229 3572 333 3622 iudicia
355 3572 508 3637 significari
531 3572 671 3633 dixerunt,
694 3587 775 3621 unum
799 3588 848 3637 per
871 3573 941 3636 quod
964 3572 1063 3622 dudum
1081 3571 1159 3636 impii
1180 3572 1320 3635 perierunt
1342 3573 1370 3621 in

229 3636 346 3700 diluuid,
372 3641 486 3690 alterum
510 3655 559 3703 per
581 3639 653 3703 quod
695 3641 844 3689 estmodum
866 3646 1029 3704 peccatores
1048 3639 1187 3688 cremandi
1205 3644 1267 3687 sunt
1285 3639 1312 3687 iu
1331 3641 1370 3688 iu-

229 3705 327 3757 t'eruo.'
353 3707 475 3756 Isidorus
488 3707 575 3773 origg.
588 3707 658 3756 XIII
672 3656 712 3769 ll),
731 3706 755 3755 l.
775 3706 902 3757 Clemens
920 3722 1029 3773 recogn.
1044 3707 1110 3756 VIII
1121 3706 1169 3754 42:
1192 3706 1244 3755 ‘Ita
1261 3723 1326 3771 crgo
1345 3712 1373 3755 et

230 3789 310 3823 arcus
328 3774 488 3840 exprimitur
506 3773 533 3823 in
552 3790 625 3823 aere.
644 3773 685 3823 sol
698 3774 770 3823 enim
788 3774 906 3824 nubibus
918 3774 1121 3824 rarescentibus
1139 3774 1231 3823 radies
1248 3789 1311 3822 suos
1324 3775 1372 3822 im·

229 3842 349 3906 primens
363 3849 390 3891 et
402 3842 508 3891 humori
523 3841 618 3890 nubilo
634 3840 711 3890 uelut
723 3857 805 3891 cerae
818 3841 893 3890 molli
906 3841 1029 3906 adfigens
1042 3841 1116 3891 erbis
1131 3842 1173 3890 sui
1185 3846 1279 3905 typum
1292 3857 1373 3891 arens

230 3910 351 3973 speciem
369 3909 472 3971 reddit,
492 3914 520 3958 et
535 3908 623 3958 eflicit
637 3907 690 3958 boe
706 3909 768 3973 ipsu
785 3914 816 3957 ut
833 3909 890 3957 dixi
907 3910 1079 3974 repercussio
1096 3908 1249 3974 splendoris
1261 3908 1326 3958 selis
1345 3911 1373 3958 in

230 3976 349 4025 nubibus
368 3982 450 4041 atque
471 3994 505 4026 ex
522 3976 578 4025 illis
595 3976 729 4041 fulgorem
749 3974 846 4025 circuli
864 3975 922 4025 eius
940 3977 1069 4027 reddens:
1092 3978 1124 4027 fit
1141 3983 1233 4027 autem
1250 3977 1302 4025 hoc
1319 3992 1373 4026 non

230 4058 352 4108 semper,
371 4044 420 4093 sed
438 4058 499 4093 cum
517 4044 748 4109 opportunitatem
762 4043 805 4091 sui
816 4042 961 4093 humectae
974 4045 1061 4093 nubes
1078 4045 1244 4094 rarescendo
1257 4045 1373 4109 praesti-

230 4112 325 4161 terint.
352 4112 424 4161 unde
444 4118 473 4161 ct
490 4127 581 4161 rursus
599 4126 659 4160 cum
677 4111 826 4161 densantur
844 4109 931 4159 nubes
949 4117 977 4160 et
995 4117 1106 4173 coeunt,
1128 4128 1208 4161 arcus
1227 4112 1314 4161 torma
1331 4128 1373 4160 re·

314 4272 331 4324 t
346 4265 468 4342 fulgora
477 4268 530 4323 AB
542 4262 554 4345 ll
565 4274 583 4328 3
595 4265 746 4325 exelsiora
757 4269 781 4321 A
795 4260 807 4344 ll
819 4283 837 4321 a
847 4283 900 4322 om.
913 4268 965 4322 AB
977 4262 989 4343 ll
1003 4264 1152 4345 toliphus
1167 4259 1206 4322 Β1
1220 4260 1232 4344 ll
1241 4266 1372 4342 impetus

231 4366 284 4405 om.
297 4353 322 4407 A
336 4345 380 4431 [15
396 4350 466 4426 ietjs
482 4353 573 4408 Aom.
592 4353 617 4407 B
632 4346 646 4430 ll
660 4358 677 4411 6
692 4348 884 4428 quadricolor
901 4352 928 4406 B
942 4345 955 4432 [l
972 4358 1003 4409 et
1018 4354 1151 4408 omissum
1165 4352 1230 4406 add.
1253 4352 1316 4405 eud.
1335 4369 1371 4408 m.

234 4434 260 4489 B
275 4427 318 4514 ΙΙῚ
335 4437 453 4512 species
469 4436 496 4490 B
509 4429 523 4514 ΙΙ
539 4434 681 4492 trahiitA
699 4435 772 4493 trait
783 4437 809 4491 Β
824 4429 837 4514 Η
851 4444 869 4497 8
878 4454 1061 4515 purpureum
1074 4430 1144 4491 ΑΒι
1160 4429 1174 4514 ΙΙ
1189 4451 1239 4521 are
1253 4428 1295 4488 B¹

300 4548 419 4584 svsrour
439 4548 502 4584 nnn.
1122 4533 1161 4592 15
