3200 4992
243 384 300 443 172
741 408 872 448 enarvn

238 550 438 637 conpleatur.
471 552 531 615 boc
552 561 698 639 tempore
720 552 934 618 mittebantur
954 554 1076 616 circum
1100 555 1251 618 ciuitates
1273 555 1383 619 admo·

238 655 336 717 nitnri
360 662 476 717 utnon
495 653 598 718 solnm
615 654 762 741 undique
778 655 834 718 scd
855 656 952 717 etiarn
972 655 1013 718 ab
1029 656 1118 719 omni
1137 678 1257 740 genere
1281 659 1382 719 omni·

238 776 300 840 qne
323 763 430 818 aetate
452 765 485 819 et
505 777 586 820 sexu
604 758 859 821 conueniretur.r
882 772 1045 819 Lvsrnvu
1066 758 1280 843 quinquennii
1302 767 1382 820 tem-

237 879 298 942 pus
321 854 407 941 apud
433 856 614 939 Romanos,
636 858 759 921 dictum
774 864 881 920 autem
898 858 975 943 qnia
991 879 1107 920 census
1124 878 1181 942 per
1201 859 1380 944 quinquen:

237 958 326 1020 nium
349 958 381 1020 in
404 958 593 1044 republica
614 958 788 1043 agebatur,
818 957 937 1021 deinde
964 968 1038 1044 post
1058 968 1224 1044 peractum
1248 982 1403 1023 censnme
1498 962 1502 969 '

238 1059 398 1124 sacrificio
420 1060 507 1124 facto
527 1061 605 1124 urbs
629 1060 734 1124 Roma
756 1058 967 1151 lustrabatur.

239 1305 329 1349 autern
350 1301 426 1350 circa
444 1302 585 1351 meridiem
604 1303 727 1366 incipere
746 1301 862 1366 quodie
881 1303 988 1366 signum
1007 1301 1103 1350 arietis
1127 1303 1169 1352 sol
1187 1301 1335 1351 intrauerit
1353 1306 1382 1351 et

239 1368 323 1417 fuisse
349 1369 407 1417 eins
431 1371 619 1419 conuersionis
649 1385 749 1419 annum
772 1369 906 1435 prodente
935 1385 964 1418 se
988 1370 1018 1418 P.
1043 1370 1152 1419 Licinio
1177 1370 1227 1418 Cn.
1251 1369 1381 1419 Cornelio

239 1436 396 1485 consulibus
420 1437 636 1486 ducentesimum
655 1439 779 1502 quintum
797 1436 963 1486 decumum.’
999 1437 1157 1486 Macrobius
1177 1452 1272 1486 eornm.
1291 1437 1320 1485 11
1340 1436 1379 1497 11,

237 1505 345 1567 seqq:
367 1505 469 1553 ‘Annus
487 1520 553 1553 uero
573 1506 618 1568 qui
636 1504 788 1555 mundanus
806 1510 923 1554 uocatur
946 1504 991 1568 qui
1009 1519 1074 1553 uere
1098 1510 1210 1554 uertens
1232 1508 1289 1561 est,
1315 1506 1381 1569 quia

237 1572 418 1620 conuersione
436 1571 535 1635 plenae
553 1573 744 1622 uniuersitatis
763 1572 890 1633 efficitur,
910 1571 1075 1635 largissimis
1093 1572 1195 1621 seculis
1212 1571 1379 1635 explicatur:

238 1639 315 1688 cuius
334 1640 405 1688 ratio
424 1639 490 1687 talis
509 1644 558 1688 est.
596 1640 695 1689 atellae
714 1655 808 1689 omnes
827 1644 855 1688 et
877 1640 970 1689 sidera
994 1654 1065 1704 qnae
1084 1639 1169 1689 infixa
1188 1640 1266 1688 caelo
1284 1639 1379 1689 niden-

237 1712 288 1761 tur.
309 1720 420 1770 quornm
439 1707 575 1771 proprium
599 1713 700 1756 motum
722 1722 868 1771 numquam
889 1708 965 1757 nisus
987 1707 1121 1756 humanus
1145 1707 1247 1757 sentire
1271 1707 1317 1755 uel
1334 1706 1380 1755 de-

238 1773 408 1838 prehendere
428 1781 527 1838 putent,
547 1781 691 1824 monentur
708 1780 802 1824 tamen
821 1779 850 1824 et
867 1779 980 1839 praeter
1003 1773 1076 1823 caeli
1099 1774 1302 1824 uolubilitatem
1326 1789 1380 1837 qua

237 1856 345 1906 semper
364 1841 475 1893 trahunt
464 1848 506 1893 tur
525 1858 573 1891 suo
592 1858 699 1922 quoqne
718 1857 834 1892 accessu
857 1848 913 1891 tam
932 1857 993 1891 sero
1011 1850 1203 1905 premonemur
1227 1848 1257 1890 ut
1279 1841 1381 1890 nullius

236 1908 372 1958 hominurn
392 1910 451 1958 uita
470 1916 525 1959 tam
545 1910 628 1975 longa
646 1910 691 1969 sit
712 1925 782 1974 quac
801 1910 996 1959 obseruatione
1010 1910 1141 1959 continua
1153 1909 1259 1958 iactam
1271 1909 1304 1958 de
1319 1909 1380 1958 loco

236 1977 476 2057 permutationem,
495 1978 523 2026 in
542 1992 594 2043 quo
613 1977 919 2042 casprimnmuiderat,
938 1976 1135 2041 deprehendat.
1170 1976 1379 2042 mundaniergo
1424 1999 1430 2009 ·

237 2044 303 2093 anni
321 2043 383 2093 finis
402 2050 452 2105 est,
473 2060 533 2094 curn
551 2045 650 2094 stellae
669 2060 764 2095 omnes
782 2046 929 2109 omniaque
948 2045 1039 2093 sidera
1058 2059 1128 2108 qnae
1145 2034 1276 2108 α’πιανὴς
1294 2043 1380 2093 habet

237 2127 254 2160 a
273 2116 348 2160 certo
367 2110 429 2162 loco
448 2112 617 2162 adeundam
636 2112 726 2162 locum
743 2114 785 2161 ita
802 2113 996 2169 remeanerint‚
1016 2118 1046 2161 ut
1063 2127 1098 2161 ne
1111 2128 1167 2161 una
1185 2112 1294 2176 quidem
1307 2112 1380 2161 caeli

237 2179 347 2228 stella
338 2195 368 2229 ιιι
387 2180 442 2229 alio
465 2179 527 2230 loeo
551 2181 588 2228 sit
605 2195 687 2244 quam
710 2181 738 2229 in
764 2194 816 2244 quo
840 2181 906 2237 fnit,
931 2195 991 2228 cum
1010 2194 1104 2228 omnes
1123 2179 1197 2228 aliae
1217 2195 1249 2228 ex
1268 2194 1301 2227 ec
1320 2179 1379 2228 loco

237 2252 328 2296 motae
347 2247 463 2296 suntad
483 2263 562 2311 quern
580 2262 709 2297 reuersae
728 2263 800 2297 anno
818 2262 868 2296 suo
887 2247 968 2296 finem
991 2247 1138 2296 dederunt:
1164 2247 1204 2296 ita
1226 2246 1380 2311 ntlnmina

164 2352 167 2357 .
237 2330 344 2378 qnoque
362 2330 423 2365 cum
442 2316 570 2364 erraticis
589 2316 707 2380 quinque
726 2317 755 2364 in
774 2315 861 2364 isdem
879 2314 948 2363 locis
972 2319 1000 2363 ει
1017 2315 1141 2379 partibus
1159 2315 1216 2363 aiut
1233 2315 1262 2363 iri
1281 2314 1380 2378 quibus

237 2382 387 2446 incipiente
410 2383 547 2432 mundano
572 2397 644 2432 anno
666 2384 785 2431 fuerunt.
827 2383 879 2432 hoc
903 2388 994 2431 autern
1018 2388 1048 2430 nt
1069 2381 1178 2446 physici
1201 2381 1297 2431 uolunt
1317 2386 1380 2445 post

237 2462 368 2499 annorum
388 2449 544 2513 quindecim
563 2449 651 2499 millia
665 2456 781 2515 peraeta
792 2447 947 2515 contingit)
958 2474 990 2483 —
1001 2449 1168 2507 Censorinus
1177 2449 1269 2498 XVIII
1287 2448 1304 2498 3
1322 2464 1378 2513 sq.:

238 2517 349 2567 ‘Postea
367 2518 478 2580 cognito
498 2534 588 2567 errore
606 2517 658 2569 hcc
677 2524 783 2582 tempus
802 2517 979 2581 duplicarunt
997 2521 1025 2565 et
1042 2517 1224 2566 tetraeterida
1242 2518 1377 2566 fecerunt.

236 2585 285 2634 aad
304 2591 331 2634 et
350 2600 411 2633 eam
430 2585 502 2649 qnod
519 2586 615 2648 quinto
634 2601 739 2649 quoqne
759 2600 831 2634 anno
849 2584 959 2633 redibat
977 2585 1170 2648 pentaoterida
1188 2584 1376 2633 nominabant

237 2652 283 2716 qni
302 2667 389 2700 anans
407 2666 523 2715 magnus
542 2668 575 2701 ex
594 2652 774 2716 quadriennio
799 2652 965 2701 commodior
976 2652 1051 2701 uisus
1070 2656 1139 2701 est·
1158 2667 1172 2694 s
1193 2651 1258 2701 solis
1277 2666 1378 2700 annum

237 2724 366 2769 constare
386 2735 419 2768 er
438 2719 534 2768 diebus
558 2720 702 2769 CCCLXV
726 2726 754 2769 et
779 2720 833 2769 diei
852 2726 931 2784 parte
951 2719 1062 2768 circiter
1080 2725 1186 2783 quarta,
1207 2734 1277 2783 quae
1295 2734 1377 2768 uuum

236 2787 264 2835 in
284 2786 490 2850 quadriennium
509 2787 580 2835 diem
599 2787 757 2836 conficeret.
795 2802 878 2850 quare
898 2802 970 2850 agon
989 2787 1063 2836 etin
1082 2787 1160 2836 Elide
1179 2786 1238 2836 Ioni
1251 2786 1378 2851 Olympio

237 2859 265 2901 ει
283 2854 386 2903 Romae
406 2853 562 2917 Capitolino
582 2854 674 2918 quinto
694 2869 798 2919 qnoque
819 2870 890 2904 anno
903 2854 1034 2903 redeunte
1054 2852 1229 2904 celebratur!
1263 2853 1292 2901 12
1304 2870 1376 2918 sqq:

237 2921 299 2971 ‘Sed
318 2921 412 2970 horum
432 2921 549 2970 omnium
568 2922 774 2986 pentaeteridas
797 2923 914 2971 maxime
937 2921 1066 2971 notandis
1091 2921 1257 2987 temporibus
1276 2921 1377 2970 Graeci

236 2989 386 3039 obserbent
408 2988 436 3036 id
460 2992 503 3037 est
521 2996 682 3052 quaternum
701 3005 833 3039 annorum
852 2988 981 3038 circuitus
1000 3004 1068 3053 quas
1085 2994 1188 3038 uocant
1206 2987 1377 3053 olympiadas

296 3055 369 3105 idem
393 3061 498 3120 tempus
524 3056 588 3105 anni
611 3058 704 3121 magni
729 3057 858 3106 Romanis
881 3057 934 3106 fuit
957 3056 1027 3121 qnod
1051 3056 1163 3106 lustrum
1187 3055 1375 3122 adpellabant‚

234 3123 275 3171 ita
299 3123 406 3186 quidem
431 3139 447 3172 a
471 3124 566 3173 Seruio
584 3124 675 3174 Tullio
692 3125 845 3173 institutum
863 3129 893 3173 ut
911 3125 1005 3188 quinto
1024 3139 1130 3188 qnoque
1150 3140 1222 3173 anno
1241 3138 1325 3173 censu
1339 3123 1376 3172 ci-

235 3190 308 3239 uium
327 3189 423 3240 habito
440 3189 553 3240 lustrum
573 3191 743 3244 conderetur
763 3192 883 3241 sednon
902 3192 941 3240 ita
960 3206 977 3239 a
995 3192 1111 3255 posteris
1129 3196 1276 3240 ramatum.
1313 3206 1377 3240 narn

177 3278 180 3286 ·
235 3272 297 3307 oum
314 3258 387 3307 inter
405 3259 519 3323 primum
538 3275 555 3308 a
573 3258 667 3308 Sanno
686 3275 751 3323 rege
771 3259 907 3309 conditum
925 3258 1038 3307 lustrum
1057 3265 1085 3308 et
1102 3259 1129 3308 id
1148 3259 1219 3323 quod
1237 3258 1299 3307 ab
1291 3274 1377 3339 impe·

236 3331 326 3375 ratore
350 3325 523 3390 Vespasiano
546 3327 585 3375 V
593 3332 621 3375 et
643 3327 675 3375 ’.Γ
700 3327 821 3376 Caesare
845 3326 888 3375 III
911 3326 988 3377 Coss.
1014 3326 1119 3375 facturn·
1140 3332 1182 3375 est
1205 3326 1270 3375 anni
1293 3326 1376 3375 intor-

234 3392 337 3442 fuerint
353 3393 436 3457 paulo
454 3395 542 3442 minus
560 3394 643 3453 DCL,
662 3393 749 3444 lustra
767 3400 859 3443 tamen
876 3409 926 3458 per
944 3409 978 3442 ea
996 3400 1120 3458 tempora
1137 3409 1192 3443 nou
1204 3389 1282 3458 plura
1295 3407 1377 3457 quam

234 3460 334 3509 Lxxu
357 3466 420 3513 snut
443 3461 520 3510 facta
544 3466 571 3511 ει
589 3468 685 3525 postea
703 3462 785 3526 plane
806 3461 865 3510 fieri
884 3461 1031 3511 desierunt.
1068 3476 1159 3510 rursus
1178 3467 1270 3510 tamen
1290 3475 1376 3510 annua

234 3527 306 3576 idam
324 3543 440 3593 magnus
458 3544 508 3593 per
525 3528 698 3593 Capitolinos
712 3544 817 3593 agonas
830 3534 945 3593 coeptus
958 3535 1000 3578 est
1012 3528 1171 3593 diligentius
1184 3528 1297 3587 seruari,
1329 3544 1375 3577 no·

234 3610 292 3644 rurn
311 3610 428 3658 agonum
447 3597 548 3661 primus
567 3612 584 3646 a
602 3596 761 3646 Domitiano
779 3596 919 3646 institutus
944 3595 996 3645 fuit
1014 3596 1174 3645 duodecimo
1194 3597 1252 3645 eius
1271 3600 1299 3645 et
1311 3544 1375 3645 (der.

159 3658 161 3663 ’
234 3662 355 3712 Cornelii
374 3663 539 3713 Dolabellae
558 3662 723 3713 consulatu.'
747 3690 780 3698 -
805 3664 892 3713 Varro
911 3665 943 3712 L.
961 3665 993 3712 L.
1014 3664 1051 3712 VI
1073 3663 1114 3712 11:
1135 3665 1272 3713 ‘Lustrum
1290 3664 1374 3712 nomi·
1462 3678 1471 3693 ·

234 3735 328 3779 natum
347 3737 452 3797 tempus
472 3731 674 3796 quinquennale
693 3731 829 3793 eluendo,
847 3731 876 3780 id
889 3738 931 3780 est
944 3732 1088 3789 soluendo;
1108 3732 1179 3795 qnod
1198 3731 1292 3794 quinto
1311 3746 1375 3795 quo·

234 3813 285 3863 que
305 3813 377 3847 anno
395 3799 547 3864 uectigalia
566 3803 594 3849 ct
612 3800 682 3848 ultro
699 3799 803 3848 tributa
821 3814 870 3864 per
889 3814 1018 3849 censores
1037 3798 1272 3863 persoluebautnr.
1310 3798 1374 3847 Sec-

234 3864 287 3913 lnm
306 3866 424 3929 spatium
443 3881 575 3915 annornm
595 3871 704 3916 centum
721 3871 856 3916 uocarunt
874 3867 976 3916 dictum
991 3882 1006 3915 a
1020 3882 1086 3916 sene
1100 3867 1170 3930 qnod
1189 3866 1375 3930 longissimum

233 3932 350 3997 spatium
368 3934 597 3983 senescendornm
615 3932 752 3984 homiuum
770 3934 798 3983 id
810 3940 948 3998 putarant.
980 3936 1082 3983 Aeuom
1101 3934 1135 3983 ab
1150 3939 1243 3983 aetate
1256 3934 1374 3983 omnium

321 4165 330 4213 Ι
351 4154 539 4232 compleatur
556 4156 579 4211 Β
594 4149 608 4236 Η
623 4174 659 4212 oe
676 4149 712 4210 ΒΙ
729 4148 742 4233 Η
758 4153 919 4212 mittebant
938 4155 992 4210 AB
1007 4148 1020 4233 Η
1035 4153 1204 4211 admonitor
1220 4100 1246 4208 Β
1260 4146 1306 4231 Η
1290 4160 1306 4195 ·)
1322 4154 1373 4212 nol

166 4300 170 4308 ,
233 4231 318 4318 Α113
339 4256 487 4297 uvsravrr
505 4237 632 4297 lustrum
655 4242 681 4295 Β
704 4233 717 4319 Η
737 4239 863 4297 lustrum
880 4248 927 4297 est
942 4242 965 4296 A
982 4238 994 4317 Η
1009 4238 1199 4318 quinquenni
1217 4232 1256 4293 B¹
1272 4234 1285 4315 Η
1300 4246 1374 4297 ιειιι-

232 4341 290 4400 pus
307 4332 354 4381 est
370 4326 396 4379 B
417 4317 429 4401 Η
451 4332 582 4383 tantem
600 4324 727 4381 lustrum
740 4319 779 4380 Α2
799 4319 813 4404 Η
835 4324 926 4402 quiea
945 4320 982 4381 B¹
999 4319 1044 4404 Ηό
1066 4320 1218 4399 republica
1233 4319 1273 4380 3²
1289 4319 1301 4429 Η
1316 4319 1375 4384 6&

145 4444 150 4451 ·
233 4406 381 4463 sacrificio
398 4408 426 4462 Β
440 4402 453 4487 Η
467 4406 648 4467 inlustrabat
636 4416 684 4465 tur
699 4412 723 4464 Α
