<?xml version="1.0" encoding="UTF-8"?>
<!DOCTYPE html PUBLIC "-//W3C//DTD XHTML 1.0 Transitional//EN"
    "http://www.w3.org/TR/xhtml1/DTD/xhtml1-transitional.dtd">
<html xmlns="http://www.w3.org/1999/xhtml" xml:lang="en" lang="en">
 <head>
  <title>
</title>
<meta http-equiv="Content-Type" content="text/html;charset=utf-8" />
  <meta name='ocr-system' content='tesseract 3.04.00' />
  <meta name='ocr-capabilities' content='ocr_page ocr_carea ocr_par ocr_line ocrx_word'/>
</head>
<body>
  <div class='ocr_page' id='page_1' title='image "./csuetonitranqui01ritsgoog_0421.png"; bbox 0 0 3202 4998; ppageno 0'>
   <div class='ocr_carea' id='block_1_1' title="bbox 221 296 1012 363">
    <p class='ocr_par' dir='ltr' id='par_1_1' title="bbox 221 296 1012 363">
     <span class='ocr_line' id='line_1_1' title="bbox 221 296 1012 363; baseline -0.006 -4"><span class='ocrx_word' id='word_1_1' title='bbox 221 296 284 359; x_wconf 76' lang='lat'><strong>392</strong></span> <span class='ocrx_word' id='word_1_2' title='bbox 536 314 758 363; x_wconf 77' lang='lat' dir='ltr'><strong>ovaasrrouss</strong></span> <span class='ocrx_word' id='word_1_3' title='bbox 787 313 1012 354; x_wconf 77' lang='lat' dir='ltr'><strong>svaroumuse</strong></span> 
     </span>
    </p>
   </div>
   <div class='ocr_carea' id='block_1_2' title="bbox 222 464 1437 1658">
    <p class='ocr_par' dir='ltr' id='par_1_2' title="bbox 222 464 1437 1658">
     <span class='ocr_line' id='line_1_2' title="bbox 222 464 1359 545; baseline -0.002 -20"><span class='ocrx_word' id='word_1_4' title='bbox 222 468 287 525; x_wconf 90' lang='lat' dir='ltr'><strong>bari</strong></span> <span class='ocrx_word' id='word_1_5' title='bbox 299 466 427 525; x_wconf 90' lang='lat' dir='ltr'><strong>hominis</strong></span> <span class='ocrx_word' id='word_1_6' title='bbox 436 475 483 524; x_wconf 88' lang='lat' dir='ltr'><strong>est</strong></span> <span class='ocrx_word' id='word_1_7' title='bbox 496 465 597 524; x_wconf 85' lang='lat' dir='ltr'><strong>dicere</strong></span> <span class='ocrx_word' id='word_1_8' title='bbox 612 464 743 543; x_wconf 78' lang='lat' dir='ltr'><strong>aliquem</strong></span> <span class='ocrx_word' id='word_1_9' title='bbox 755 470 942 543; x_wconf 84' lang='lat' dir='ltr'><strong>posteriuum</strong></span> <span class='ocrx_word' id='word_1_10' title='bbox 952 465 1237 545; x_wconf 86' lang='lat' dir='ltr'><strong>quinquagesimum</strong></span> <span class='ocrx_word' id='word_1_11' title='bbox 1248 486 1359 523; x_wconf 91' lang='lat' dir='ltr'><strong>nonum</strong></span> 
     </span>
     <span class='ocr_line' id='line_1_3' title="bbox 223 566 1415 645; baseline 0 -19"><span class='ocrx_word' id='word_1_12' title='bbox 223 569 404 629; x_wconf 71' lang='lat' dir='ltr'><strong>decessisse.</strong></span> <span class='ocrx_word' id='word_1_13' title='bbox 438 588 501 626; x_wconf 91' lang='lat' dir='ltr'><strong>rem</strong></span> <span class='ocrx_word' id='word_1_14' title='bbox 522 566 644 623; x_wconf 88' lang='lat' dir='ltr'><strong>conficit</strong></span> <span class='ocrx_word' id='word_1_15' title='bbox 670 567 850 644; x_wconf 80' lang='lat' dir='ltr'><strong>Hieronymi</strong></span> <span class='ocrx_word' id='word_1_16' title='bbox 878 566 1095 640; x_wconf 87' lang='lat' dir='ltr'><strong>testimonium,</strong></span> <span class='ocrx_word' id='word_1_17' title='bbox 1121 587 1211 645; x_wconf 88' lang='lat' dir='ltr'><strong>quem</strong></span> <span class='ocrx_word' id='word_1_18' title='bbox 1231 568 1263 625; x_wconf 90' lang='lat' dir='ltr'><strong>iu</strong></span> <span class='ocrx_word' id='word_1_19' title='bbox 1283 567 1358 626; x_wconf 90' lang='lat' dir='ltr'><strong>Sue·</strong></span> <span class='ocrx_word' id='word_1_20' title='bbox 1409 604 1415 614; x_wconf 90' lang='lat'>·</span> 
     </span>
     <span class='ocr_line' id='line_1_4' title="bbox 222 666 1360 748; baseline -0.002 -20"><span class='ocrx_word' id='word_1_21' title='bbox 222 671 305 728; x_wconf 90' lang='lat' dir='ltr'><strong>tonio</strong></span> <span class='ocrx_word' id='word_1_22' title='bbox 330 668 443 745; x_wconf 80' lang='lat' dir='ltr'><strong>legisse</strong></span> <span class='ocrx_word' id='word_1_23' title='bbox 470 670 561 725; x_wconf 80' lang='lat' dir='ltr'><em>LVII</em></span> <span class='ocrx_word' id='word_1_24' title='bbox 580 672 682 725; x_wconf 77' lang='lat' dir='ltr'><strong>cretatis</strong></span> <span class='ocrx_word' id='word_1_25' title='bbox 704 685 774 724; x_wconf 85' lang='lat' dir='ltr'><strong>suae</strong></span> <span class='ocrx_word' id='word_1_26' title='bbox 798 688 875 727; x_wconf 86' lang='lat' dir='ltr'><strong>auno</strong></span> <span class='ocrx_word' id='word_1_27' title='bbox 894 666 1031 745; x_wconf 80' lang='lat' dir='ltr'><strong>adparet.</strong></span> <span class='ocrx_word' id='word_1_28' title='bbox 1071 666 1298 748; x_wconf 82' lang='lat' dir='ltr'><strong>quodquidam</strong></span> <span class='ocrx_word' id='word_1_29' title='bbox 1321 687 1360 726; x_wconf 88' lang='lat' dir='ltr'><strong>ne</strong></span> 
     </span>
     <span class='ocr_line' id='line_1_5' title="bbox 224 756 1359 849; baseline -0.001 -20"><span class='ocrx_word' id='word_1_30' title='bbox 224 756 401 848; x_wconf 87' lang='lat' dir='ltr'><strong>simpliciter</strong></span> <span class='ocrx_word' id='word_1_31' title='bbox 422 790 603 849; x_wconf 89' lang='lat' dir='ltr'><strong>reponamus</strong></span> <span class='ocrx_word' id='word_1_32' title='bbox 626 767 794 827; x_wconf 91' lang='lat' dir='ltr'><strong>cavendum</strong></span> <span class='ocrx_word' id='word_1_33' title='bbox 811 777 873 827; x_wconf 83' lang='lat' dir='ltr'><strong>cst.</strong></span> <span class='ocrx_word' id='word_1_34' title='bbox 915 788 984 827; x_wconf 89' lang='lat' dir='ltr'><strong>nam</strong></span> <span class='ocrx_word' id='word_1_35' title='bbox 1007 778 1040 827; x_wconf 91' lang='lat' dir='ltr'><strong>nt</strong></span> <span class='ocrx_word' id='word_1_36' title='bbox 1057 778 1171 827; x_wconf 87' lang='lat' dir='ltr'><strong>curtum</strong></span> <span class='ocrx_word' id='word_1_37' title='bbox 1193 778 1265 848; x_wconf 89' lang='lat' dir='ltr'><strong>puto</strong></span> <span class='ocrx_word' id='word_1_38' title='bbox 1284 769 1359 829; x_wconf 90' lang='lat' dir='ltr'><strong>Sue-</strong></span> 
     </span>
     <span class='ocr_line' id='line_1_6' title="bbox 223 870 1361 949; baseline 0.001 -21"><span class='ocrx_word' id='word_1_39' title='bbox 223 871 337 929; x_wconf 91' lang='lat' dir='ltr'><strong>tonium</strong></span> <span class='ocrx_word' id='word_1_40' title='bbox 357 873 515 949; x_wconf 80' lang='lat' dir='ltr'><strong>scripsisse</strong></span> <span class='ocrx_word' id='word_1_41' title='bbox 539 874 630 929; x_wconf 84' lang='lat' dir='ltr'><em>LVII</em></span> <span class='ocrx_word' id='word_1_42' title='bbox 648 875 750 931; x_wconf 80' lang='lat' dir='ltr'><strong>aetatis</strong></span> <span class='ocrx_word' id='word_1_43' title='bbox 773 870 822 929; x_wconf 81' lang='lat' dir='ltr'><strong>vel</strong></span> <span class='ocrx_word' id='word_1_44' title='bbox 844 877 946 928; x_wconf 76' lang='lat' dir='ltr'><strong>aetalia</strong></span> <span class='ocrx_word' id='word_1_45' title='bbox 968 888 1038 927; x_wconf 81' lang='lat' dir='ltr'><strong>suae</strong></span> <span class='ocrx_word' id='word_1_46' title='bbox 1059 870 1141 949; x_wconf 90' lang='lat' dir='ltr'><strong>quod</strong></span> <span class='ocrx_word' id='word_1_47' title='bbox 1163 871 1290 949; x_wconf 87' lang='lat' dir='ltr'><strong>perinde</strong></span> <span class='ocrx_word' id='word_1_48' title='bbox 1315 880 1361 929; x_wconf 87' lang='lat' dir='ltr'><strong>est</strong></span> 
     </span>
     <span class='ocr_line' id='line_1_7' title="bbox 226 970 1360 1052; baseline 0.001 -23"><span class='ocrx_word' id='word_1_49' title='bbox 226 992 312 1042; x_wconf 77' lang='lat' dir='ltr'><strong>cinno,</strong></span> <span class='ocrx_word' id='word_1_50' title='bbox 330 973 371 1029; x_wconf 89' lang='lat' dir='ltr'><strong>ita</strong></span> <span class='ocrx_word' id='word_1_51' title='bbox 383 982 450 1045; x_wconf 78' lang='lat' dir='ltr'><strong>post</strong></span> <span class='ocrx_word' id='word_1_52' title='bbox 465 972 617 1031; x_wconf 87' lang='lat' dir='ltr'><strong>residuam</strong></span> <span class='ocrx_word' id='word_1_53' title='bbox 633 972 814 1051; x_wconf 88' lang='lat' dir='ltr'><strong>particulam</strong></span> <span class='ocrx_word' id='word_1_54' title='bbox 831 972 969 1030; x_wconf 85' lang='lat' dir='ltr'><strong>existimo</strong></span> <span class='ocrx_word' id='word_1_55' title='bbox 985 971 1193 1045; x_wconf 81' lang='lat' dir='ltr'><strong>additamenti,</strong></span> <span class='ocrx_word' id='word_1_56' title='bbox 1208 992 1268 1052; x_wconf 87' lang='lat' dir='ltr'><strong>quo</strong></span> <span class='ocrx_word' id='word_1_57' title='bbox 1285 970 1360 1031; x_wconf 83' lang='lat' dir='ltr'><strong>Sue·</strong></span> 
     </span>
     <span class='ocr_line' id='line_1_8' title="bbox 225 1074 1437 1152; baseline -0.001 -20"><span class='ocrx_word' id='word_1_58' title='bbox 225 1074 325 1132; x_wconf 89' lang='lat' dir='ltr'><strong>tonius</strong></span> <span class='ocrx_word' id='word_1_59' title='bbox 349 1074 517 1152; x_wconf 81' lang='lat' dir='ltr'><strong>simplicem</strong></span> <span class='ocrx_word' id='word_1_60' title='bbox 539 1074 682 1152; x_wconf 87' lang='lat' dir='ltr'><strong>temporis</strong></span> <span class='ocrx_word' id='word_1_61' title='bbox 709 1075 894 1132; x_wconf 89' lang='lat' dir='ltr'><strong>notationem</strong></span> <span class='ocrx_word' id='word_1_62' title='bbox 924 1074 1164 1151; x_wconf 88' lang='lat' dir='ltr'><strong>amplificaverit.</strong></span> <span class='ocrx_word' id='word_1_63' title='bbox 1206 1075 1266 1132; x_wconf 90' lang='lat' dir='ltr'><strong>iam</strong></span> <span class='ocrx_word' id='word_1_64' title='bbox 1287 1094 1361 1132; x_wconf 89' lang='lat' dir='ltr'><strong>vero</strong></span> <span class='ocrx_word' id='word_1_65' title='bbox 1431 1142 1437 1146; x_wconf 23' lang='lat'>⁸</span> 
     </span>
     <span class='ocr_line' id='line_1_9' title="bbox 226 1175 1361 1255; baseline -0.002 -20"><span class='ocrx_word' id='word_1_66' title='bbox 226 1175 350 1235; x_wconf 80' lang='lat' dir='ltr'><strong>Cassius</strong></span> <span class='ocrx_word' id='word_1_67' title='bbox 369 1177 428 1235; x_wconf 89' lang='lat' dir='ltr'><strong>Dio</strong></span> <span class='ocrx_word' id='word_1_68' title='bbox 448 1175 540 1233; x_wconf 85' lang='lat' dir='ltr'><strong>tradit</strong></span> <span class='ocrx_word' id='word_1_69' title='bbox 556 1176 613 1233; x_wconf 88' lang='lat' dir='ltr'><strong>LV</strong></span> <span class='ocrx_word' id='word_1_70' title='bbox 632 1180 647 1233; x_wconf 82' lang='lat'>7</span> <span class='ocrx_word' id='word_1_71' title='bbox 665 1195 742 1232; x_wconf 90' lang='lat' dir='ltr'><strong>anno</strong></span> <span class='ocrx_word' id='word_1_72' title='bbox 764 1180 830 1247; x_wconf 73' lang='lat'><strong>745,</strong></span> <span class='ocrx_word' id='word_1_73' title='bbox 853 1195 912 1255; x_wconf 91' lang='lat' dir='ltr'><strong>quo</strong></span> <span class='ocrx_word' id='word_1_74' title='bbox 932 1175 1093 1233; x_wconf 85' lang='lat' dir='ltr'><strong>Horatium</strong></span> <span class='ocrx_word' id='word_1_75' title='bbox 1111 1175 1213 1235; x_wconf 89' lang='lat' dir='ltr'><strong>obisse</strong></span> <span class='ocrx_word' id='word_1_76' title='bbox 1235 1176 1361 1235; x_wconf 87' lang='lat' dir='ltr'><strong>Suetoui</strong></span> 
     </span>
     <span class='ocr_line' id='line_1_10' title="bbox 226 1276 1362 1348; baseline -0.001 -13"><span class='ocrx_word' id='word_1_77' title='bbox 226 1277 398 1335; x_wconf 88' lang='lat' dir='ltr'><strong>testimonio</strong></span> <span class='ocrx_word' id='word_1_78' title='bbox 415 1285 548 1348; x_wconf 90' lang='lat' dir='ltr'><strong>constat,</strong></span> <span class='ocrx_word' id='word_1_79' title='bbox 566 1276 736 1335; x_wconf 85' lang='lat' dir='ltr'><strong>decessisse</strong></span> <span class='ocrx_word' id='word_1_80' title='bbox 753 1277 880 1334; x_wconf 87' lang='lat' dir='ltr'><strong>amicum</strong></span> <span class='ocrx_word' id='word_1_81' title='bbox 897 1277 961 1334; x_wconf 86' lang='lat' dir='ltr'><strong>eius</strong></span> <span class='ocrx_word' id='word_1_82' title='bbox 978 1277 1197 1335; x_wconf 87' lang='lat' dir='ltr'><strong>Maecenatem.</strong></span> <span class='ocrx_word' id='word_1_83' title='bbox 1223 1297 1279 1335; x_wconf 86' lang='lat' dir='ltr'><strong>nec</strong></span> <span class='ocrx_word' id='word_1_84' title='bbox 1295 1276 1362 1336; x_wconf 81' lang='lat' dir='ltr'><strong>falli</strong></span> 
     </span>
     <span class='ocr_line' id='line_1_11' title="bbox 225 1376 1361 1457; baseline 0 -21"><span class='ocrx_word' id='word_1_85' title='bbox 225 1378 332 1437; x_wconf 86' lang='lat' dir='ltr'><strong>videor</strong></span> <span class='ocrx_word' id='word_1_86' title='bbox 354 1380 378 1435; x_wconf 90' lang='lat' dir='ltr'><strong>si</strong></span> <span class='ocrx_word' id='word_1_87' title='bbox 402 1380 466 1436; x_wconf 89' lang='lat' dir='ltr'><strong>cius</strong></span> <span class='ocrx_word' id='word_1_88' title='bbox 488 1377 590 1437; x_wconf 84' lang='lat' dir='ltr'><strong>verbis</strong></span> <span class='ocrx_word' id='word_1_89' title='bbox 615 1377 744 1435; x_wconf 90' lang='lat' dir='ltr'><strong>indicari</strong></span> <span class='ocrx_word' id='word_1_90' title='bbox 769 1377 919 1435; x_wconf 88' lang='lat' dir='ltr'><strong>contendo</strong></span> <span class='ocrx_word' id='word_1_91' title='bbox 946 1376 975 1434; x_wconf 93' lang='lat' dir='ltr'><strong>in</strong></span> <span class='ocrx_word' id='word_1_92' title='bbox 1000 1398 1134 1437; x_wconf 90' lang='lat' dir='ltr'><strong>mensem</strong></span> <span class='ocrx_word' id='word_1_93' title='bbox 1152 1377 1361 1457; x_wconf 84' lang='lat' dir='ltr'><strong>Septembrem</strong></span> 
     </span>
     <span class='ocr_line' id='line_1_12' title="bbox 225 1478 1361 1560; baseline 0.001 -24"><span class='ocrx_word' id='word_1_94' title='bbox 225 1479 277 1537; x_wconf 81' lang='lat' dir='ltr'><strong>vel</strong></span> <span class='ocrx_word' id='word_1_95' title='bbox 293 1479 466 1555; x_wconf 82' lang='lat' dir='ltr'><strong>Angustum</strong></span> <span class='ocrx_word' id='word_1_96' title='bbox 487 1489 613 1538; x_wconf 90' lang='lat' dir='ltr'><strong>mortem</strong></span> <span class='ocrx_word' id='word_1_97' title='bbox 635 1480 716 1538; x_wconf 89' lang='lat' dir='ltr'><strong>illius</strong></span> <span class='ocrx_word' id='word_1_98' title='bbox 741 1478 895 1536; x_wconf 88' lang='lat' dir='ltr'><strong>incidisse.</strong></span> <span class='ocrx_word' id='word_1_99' title='bbox 930 1480 1049 1538; x_wconf 88' lang='lat' dir='ltr'><strong>namin</strong></span> <span class='ocrx_word' id='word_1_100' title='bbox 1071 1482 1115 1538; x_wconf 88' lang='lat' dir='ltr'><strong>eis</strong></span> <span class='ocrx_word' id='word_1_101' title='bbox 1136 1499 1215 1560; x_wconf 87' lang='lat' dir='ltr'><strong>quae</strong></span> <span class='ocrx_word' id='word_1_102' title='bbox 1236 1498 1361 1557; x_wconf 82' lang='lat' dir='ltr'><strong>praesc·</strong></span> 
     </span>
     <span class='ocr_line' id='line_1_13' title="bbox 228 1578 1363 1658; baseline -0.001 -19"><span class='ocrx_word' id='word_1_103' title='bbox 228 1582 303 1639; x_wconf 91' lang='lat' dir='ltr'><strong>dunt</strong></span> <span class='ocrx_word' id='word_1_104' title='bbox 320 1600 418 1638; x_wconf 82' lang='lat' dir='ltr'><strong>serino</strong></span> <span class='ocrx_word' id='word_1_105' title='bbox 439 1581 497 1638; x_wconf 87' lang='lat' dir='ltr'><strong>suit</strong></span> <span class='ocrx_word' id='word_1_106' title='bbox 517 1579 555 1638; x_wconf 87' lang='lat' dir='ltr'><strong>dc</strong></span> <span class='ocrx_word' id='word_1_107' title='bbox 572 1599 676 1639; x_wconf 88' lang='lat' dir='ltr'><strong>mense</strong></span> <span class='ocrx_word' id='word_1_108' title='bbox 696 1579 821 1651; x_wconf 83' lang='lat' dir='ltr'><strong>Sextili,</strong></span> <span class='ocrx_word' id='word_1_109' title='bbox 837 1578 918 1658; x_wconf 89' lang='lat' dir='ltr'><strong>quod</strong></span> <span class='ocrx_word' id='word_1_110' title='bbox 941 1580 1005 1638; x_wconf 90' lang='lat' dir='ltr'><strong>eius</strong></span> <span class='ocrx_word' id='word_1_111' title='bbox 1022 1601 1130 1641; x_wconf 87' lang='lat' dir='ltr'><strong>nomen</strong></span> <span class='ocrx_word' id='word_1_112' title='bbox 1147 1582 1206 1640; x_wconf 91' lang='lat' dir='ltr'><strong>boc</strong></span> <span class='ocrx_word' id='word_1_113' title='bbox 1228 1602 1306 1641; x_wconf 90' lang='lat' dir='ltr'><strong>auno</strong></span> <span class='ocrx_word' id='word_1_114' title='bbox 1332 1581 1363 1639; x_wconf 89' lang='lat' dir='ltr'><strong>iu</strong></span> 
     </span>
    </p>
   </div>
   <div class='ocr_carea' id='block_1_3' title="bbox 226 1666 1362 1862">
    <p class='ocr_par' dir='ltr' id='par_1_3' title="bbox 226 1666 1362 1862">
     <span class='ocr_line' id='line_1_14' title="bbox 226 1666 1362 1760; baseline 0 -19"><span class='ocrx_word' id='word_1_115' title='bbox 226 1684 371 1741; x_wconf 88' lang='lat' dir='ltr'><strong>honorem</strong></span> <span class='ocrx_word' id='word_1_116' title='bbox 389 1682 520 1759; x_wconf 78' lang='lat' dir='ltr'><strong>Augusti</strong></span> <span class='ocrx_word' id='word_1_117' title='bbox 540 1689 738 1741; x_wconf 88' lang='lat' dir='ltr'><strong>commutatus</strong></span> <span class='ocrx_word' id='word_1_118' title='bbox 757 1689 813 1738; x_wconf 85' lang='lat' dir='ltr'><strong>est.</strong></span> <span class='ocrx_word' id='word_1_119' title='bbox 843 1681 943 1758; x_wconf 88' lang='lat' dir='ltr'><strong>pergit</strong></span> <span class='ocrx_word' id='word_1_120' title='bbox 958 1680 1082 1741; x_wconf 80' lang='lat' dir='ltr'><strong>Cassius</strong></span> <span class='ocrx_word' id='word_1_121' title='bbox 1098 1683 1157 1742; x_wconf 89' lang='lat' dir='ltr'><strong>sic:</strong></span> <span class='ocrx_word' id='word_1_122' title='bbox 1177 1679 1224 1741; x_wconf 77' lang='grc' dir='ltr'><strong>ἐπὶ</strong></span> <span class='ocrx_word' id='word_1_123' title='bbox 1240 1680 1295 1760; x_wconf 78' lang='grc' dir='ltr'><strong>μὲν</strong></span> <span class='ocrx_word' id='word_1_124' title='bbox 1309 1666 1362 1741; x_wconf 77' lang='lat' dir='ltr'><strong>oda</strong></span> 
     </span>
     <span class='ocr_line' id='line_1_15' title="bbox 227 1770 1361 1862; baseline 0.001 -21"><span class='ocrx_word' id='word_1_125' title='bbox 227 1775 342 1853; x_wconf 78' lang='grc' dir='ltr'><em>τούτοις</em></span> <span class='ocrx_word' id='word_1_126' title='bbox 367 1778 545 1859; x_wconf 60' lang='lat' dir='ltr'><strong>epaonense,</strong></span> <span class='ocrx_word' id='word_1_127' title='bbox 571 1782 623 1840; x_wconf 83' lang='grc' dir='ltr'><strong>τοῦ</strong></span> <span class='ocrx_word' id='word_1_128' title='bbox 652 1778 683 1840; x_wconf 77' lang='grc' dir='ltr'><strong>δὲ</strong></span> <span class='ocrx_word' id='word_1_129' title='bbox 712 1770 749 1856; x_wconf 77' lang='grc' dir='ltr'><strong>δὴ</strong></span> <span class='ocrx_word' id='word_1_130' title='bbox 778 1772 946 1855; x_wconf 72' lang='lat' dir='ltr'><strong>Masuriana</strong></span> <span class='ocrx_word' id='word_1_131' title='bbox 970 1773 1195 1858; x_wconf 78' lang='grc' dir='ltr'><strong><em>τελευτήσαντος</em></strong></span> <span class='ocrx_word' id='word_1_132' title='bbox 1224 1772 1361 1862; x_wconf 74' lang='grc' dir='ltr'><strong>ἤλγησεν.</strong></span> 
     </span>
    </p>
   </div>
   <div class='ocr_carea' id='block_1_4' title="bbox 228 1882 1438 4402">
    <p class='ocr_par' dir='ltr' id='par_1_4' title="bbox 228 1882 1438 2557">
     <span class='ocr_line' id='line_1_16' title="bbox 228 1882 1438 1966; baseline 0.001 -24"><span class='ocrx_word' id='word_1_133' title='bbox 228 1885 337 1966; x_wconf 89' lang='lat' dir='ltr'><strong>quodsi</strong></span> <span class='ocrx_word' id='word_1_134' title='bbox 363 1886 586 1943; x_wconf 86' lang='lat' dir='ltr'><strong>meminerimus</strong></span> <span class='ocrx_word' id='word_1_135' title='bbox 610 1885 771 1942; x_wconf 84' lang='lat' dir='ltr'><strong>Horatium</strong></span> <span class='ocrx_word' id='word_1_136' title='bbox 797 1902 901 1941; x_wconf 89' lang='lat' dir='ltr'><strong>meuse</strong></span> <span class='ocrx_word' id='word_1_137' title='bbox 922 1882 1089 1942; x_wconf 88' lang='lat' dir='ltr'><strong>Novembri</strong></span> <span class='ocrx_word' id='word_1_138' title='bbox 1115 1895 1263 1945; x_wconf 89' lang='lat' dir='ltr'><strong>mortuum</strong></span> <span class='ocrx_word' id='word_1_139' title='bbox 1285 1905 1362 1957; x_wconf 89' lang='lat' dir='ltr'><strong>esse,</strong></span> <span class='ocrx_word' id='word_1_140' title='bbox 1432 1915 1438 1925; x_wconf 90' lang='lat'><strong>·</strong></span> 
     </span>
     <span class='ocr_line' id='line_1_17' title="bbox 229 1983 1365 2066; baseline 0.001 -23"><span class='ocrx_word' id='word_1_141' title='bbox 229 1994 392 2065; x_wconf 88' lang='lat' dir='ltr'><strong>conparato</strong></span> <span class='ocrx_word' id='word_1_142' title='bbox 410 1986 515 2062; x_wconf 84' lang='lat' dir='ltr'><strong>fragm.</strong></span> <span class='ocrx_word' id='word_1_143' title='bbox 535 1987 589 2048; x_wconf 82' lang='lat'><strong>10*</strong></span> <span class='ocrx_word' id='word_1_144' title='bbox 605 1994 790 2066; x_wconf 65' lang='lat' dir='ltr'><strong>mortomar</strong></span> <span class='ocrx_word' id='word_1_145' title='bbox 807 1983 985 2062; x_wconf 85' lang='lat' dir='ltr'><strong>(Caecilius)</strong></span> <span class='ocrx_word' id='word_1_146' title='bbox 1000 2005 1078 2045; x_wconf 86' lang='lat' dir='ltr'><strong>anno</strong></span> <span class='ocrx_word' id='word_1_147' title='bbox 1089 1995 1287 2059; x_wconf 79' lang='lat' dir='ltr'><strong>postmortem</strong></span> <span class='ocrx_word' id='word_1_148' title='bbox 1302 1992 1365 2044; x_wconf 79' lang='lat' dir='ltr'><strong>eius</strong></span> 
     </span>
     <span class='ocr_line' id='line_1_18' title="bbox 230 2085 1364 2171; baseline 0.004 -28"><span class='ocrx_word' id='word_1_149' title='bbox 230 2085 330 2163; x_wconf 86' lang='lat' dir='ltr'><strong>(Enni</strong></span> <span class='ocrx_word' id='word_1_150' title='bbox 351 2085 421 2144; x_wconf 88' lang='lat' dir='ltr'><strong>olim</strong></span> <span class='ocrx_word' id='word_1_151' title='bbox 443 2085 686 2171; x_wconf 83' lang='lat' dir='ltr'><strong>contubernalis)</strong></span> <span class='ocrx_word' id='word_1_152' title='bbox 707 2094 942 2144; x_wconf 88' lang='lat' dir='ltr'><strong>consentaneum</strong></span> <span class='ocrx_word' id='word_1_153' title='bbox 968 2094 1014 2145; x_wconf 87' lang='lat' dir='ltr'><strong>est</strong></span> <span class='ocrx_word' id='word_1_154' title='bbox 1033 2097 1158 2147; x_wconf 89' lang='lat' dir='ltr'><strong>mortem</strong></span> <span class='ocrx_word' id='word_1_155' title='bbox 1174 2089 1364 2148; x_wconf 85' lang='lat' dir='ltr'><strong>Maecenatis</strong></span> 
     </span>
     <span class='ocr_line' id='line_1_19' title="bbox 230 2186 1364 2267; baseline 0.002 -22"><span class='ocrx_word' id='word_1_156' title='bbox 230 2207 248 2245; x_wconf 91' lang='lat' dir='ltr'><strong>a</strong></span> <span class='ocrx_word' id='word_1_157' title='bbox 264 2187 410 2246; x_wconf 91' lang='lat' dir='ltr'><strong>Suetonio</strong></span> <span class='ocrx_word' id='word_1_158' title='bbox 433 2187 476 2246; x_wconf 90' lang='lat' dir='ltr'><strong>sie</strong></span> <span class='ocrx_word' id='word_1_159' title='bbox 499 2198 761 2248; x_wconf 89' lang='lat' dir='ltr'><strong>commemoratam</strong></span> <span class='ocrx_word' id='word_1_160' title='bbox 778 2208 861 2246; x_wconf 88' lang='lat' dir='ltr'><strong>esse:</strong></span> <span class='ocrx_word' id='word_1_161' title='bbox 885 2186 1036 2266; x_wconf 83' lang='lat' dir='ltr'><strong>(decessit</strong></span> <span class='ocrx_word' id='word_1_162' title='bbox 1053 2189 1218 2267; x_wconf 88' lang='lat' dir='ltr'><strong>Horatius)</strong></span> <span class='ocrx_word' id='word_1_163' title='bbox 1230 2196 1297 2263; x_wconf 82' lang='lat' dir='ltr'><strong>&#39;post</strong></span> <span class='ocrx_word' id='word_1_164' title='bbox 1319 2193 1364 2248; x_wconf 73' lang='lat' dir='ltr'><strong>L*</strong></span> 
     </span>
     <span class='ocr_line' id='line_1_20' title="bbox 229 2289 1365 2369; baseline 0.001 -21"><span class='ocrx_word' id='word_1_165' title='bbox 229 2293 290 2348; x_wconf 81' lang='lat' dir='ltr'><strong>dies</strong></span> <span class='ocrx_word' id='word_1_166' title='bbox 307 2308 392 2362; x_wconf 87' lang='lat' dir='ltr'><strong>quem</strong></span> <span class='ocrx_word' id='word_1_167' title='bbox 407 2291 563 2347; x_wconf 80' lang='lat' dir='ltr'><strong>Maecenas</strong></span> <span class='ocrx_word' id='word_1_168' title='bbox 582 2293 647 2347; x_wconf 76' lang='lat' dir='ltr'><strong>obiit</strong></span> <span class='ocrx_word' id='word_1_169' title='bbox 663 2289 754 2348; x_wconf 82' lang='lat' dir='ltr'><em>LVII</em></span> <span class='ocrx_word' id='word_1_170' title='bbox 770 2295 873 2348; x_wconf 81' lang='lat' dir='ltr'><strong>aetatis</strong></span> <span class='ocrx_word' id='word_1_171' title='bbox 896 2310 981 2348; x_wconf 78' lang='lat' dir='ltr'><strong>aaron.</strong></span> <span class='ocrx_word' id='word_1_172' title='bbox 1012 2299 1097 2368; x_wconf 91' lang='lat' dir='ltr'><strong>patet</strong></span> <span class='ocrx_word' id='word_1_173' title='bbox 1115 2292 1209 2369; x_wconf 88' lang='lat' dir='ltr'><strong>ipsam</strong></span> <span class='ocrx_word' id='word_1_174' title='bbox 1226 2311 1365 2349; x_wconf 84' lang='lat' dir='ltr'><strong>numero·</strong></span> 
     </span>
     <span class='ocr_line' id='line_1_21' title="bbox 229 2390 1365 2471; baseline 0.001 -23"><span class='ocrx_word' id='word_1_175' title='bbox 229 2411 293 2448; x_wconf 91' lang='lat' dir='ltr'><strong>rum</strong></span> <span class='ocrx_word' id='word_1_176' title='bbox 315 2390 543 2450; x_wconf 87' lang='lat' dir='ltr'><strong>similitudinem</strong></span> <span class='ocrx_word' id='word_1_177' title='bbox 559 2393 590 2450; x_wconf 89' lang='lat' dir='ltr'><strong>in</strong></span> <span class='ocrx_word' id='word_1_178' title='bbox 612 2412 705 2451; x_wconf 88' lang='lat' dir='ltr'><strong>eausa</strong></span> <span class='ocrx_word' id='word_1_179' title='bbox 725 2392 821 2450; x_wconf 83' lang='lat' dir='ltr'><strong>tuisse</strong></span> <span class='ocrx_word' id='word_1_180' title='bbox 843 2399 877 2448; x_wconf 91' lang='lat' dir='ltr'><strong>ut</strong></span> <span class='ocrx_word' id='word_1_181' title='bbox 896 2411 975 2471; x_wconf 90' lang='lat' dir='ltr'><strong>quae</strong></span> <span class='ocrx_word' id='word_1_182' title='bbox 999 2392 1170 2471; x_wconf 87' lang='lat' dir='ltr'><strong>supplenda</strong></span> <span class='ocrx_word' id='word_1_183' title='bbox 1188 2411 1255 2450; x_wconf 89' lang='lat' dir='ltr'><strong>esse</strong></span> <span class='ocrx_word' id='word_1_184' title='bbox 1276 2390 1365 2449; x_wconf 86' lang='lat' dir='ltr'><strong>iutel-</strong></span> 
     </span>
     <span class='ocr_line' id='line_1_22' title="bbox 229 2493 651 2557; baseline 0.014 -6"><span class='ocrx_word' id='word_1_185' title='bbox 229 2494 358 2552; x_wconf 86' lang='lat' dir='ltr'><strong>leximus</strong></span> <span class='ocrx_word' id='word_1_186' title='bbox 376 2493 603 2553; x_wconf 86' lang='lat' dir='ltr'><strong>interciderent.</strong></span> <span class='ocrx_word' id='word_1_187' title='bbox 645 2545 651 2557; x_wconf 89' lang='lat'><strong>.</strong></span> 
     </span>
    </p>

    <p class='ocr_par' dir='ltr' id='par_1_5' title="bbox 231 2593 1419 4402">
     <span class='ocr_line' id='line_1_23' title="bbox 315 2593 1367 2673; baseline -0.004 -20"><span class='ocrx_word' id='word_1_188' title='bbox 315 2596 453 2654; x_wconf 85' lang='lat' dir='ltr'><strong>Transeo</strong></span> <span class='ocrx_word' id='word_1_189' title='bbox 480 2594 518 2652; x_wconf 88' lang='lat' dir='ltr'><strong>ad</strong></span> <span class='ocrx_word' id='word_1_190' title='bbox 545 2596 639 2654; x_wconf 86' lang='lat' dir='ltr'><strong>vitam</strong></span> <span class='ocrx_word' id='word_1_191' title='bbox 667 2596 799 2667; x_wconf 85' lang='lat' dir='ltr'><strong>Lucani,</strong></span> <span class='ocrx_word' id='word_1_192' title='bbox 827 2596 911 2654; x_wconf 89' lang='lat' dir='ltr'><strong>euius</strong></span> <span class='ocrx_word' id='word_1_193' title='bbox 931 2597 1015 2673; x_wconf 89' lang='lat' dir='ltr'><strong>origo</strong></span> <span class='ocrx_word' id='word_1_194' title='bbox 1039 2594 1227 2654; x_wconf 86' lang='lat' dir='ltr'><strong>Suetoniaua</strong></span> <span class='ocrx_word' id='word_1_195' title='bbox 1252 2593 1367 2652; x_wconf 89' lang='lat' dir='ltr'><strong>diserta</strong></span> 
     </span>
     <span class='ocr_line' id='line_1_24' title="bbox 231 2694 1367 2756; baseline -0.004 0"><span class='ocrx_word' id='word_1_196' title='bbox 231 2708 424 2756; x_wconf 79' lang='lat' dir='ltr'><strong>externorum</strong></span> <span class='ocrx_word' id='word_1_197' title='bbox 439 2695 678 2756; x_wconf 89' lang='lat' dir='ltr'><strong>testimoniorum</strong></span> <span class='ocrx_word' id='word_1_198' title='bbox 692 2697 753 2756; x_wconf 93' lang='lat' dir='ltr'><strong>fide</strong></span> <span class='ocrx_word' id='word_1_199' title='bbox 768 2717 827 2755; x_wconf 89' lang='lat' dir='ltr'><strong>non</strong></span> <span class='ocrx_word' id='word_1_200' title='bbox 844 2699 956 2755; x_wconf 87' lang='lat' dir='ltr'><strong>nititur.</strong></span> <span class='ocrx_word' id='word_1_201' title='bbox 990 2716 1051 2754; x_wconf 91' lang='lat' dir='ltr'><strong>nou</strong></span> <span class='ocrx_word' id='word_1_202' title='bbox 1067 2694 1178 2754; x_wconf 87' lang='lat' dir='ltr'><strong>desunt</strong></span> <span class='ocrx_word' id='word_1_203' title='bbox 1193 2715 1265 2753; x_wconf 84' lang='lat' dir='ltr'><strong>vero</strong></span> <span class='ocrx_word' id='word_1_204' title='bbox 1283 2702 1367 2753; x_wconf 90' lang='lat' dir='ltr'><strong>corta</strong></span> 
     </span>
     <span class='ocr_line' id='line_1_25' title="bbox 231 2795 1366 2878; baseline -0.004 -21"><span class='ocrx_word' id='word_1_205' title='bbox 231 2798 387 2877; x_wconf 89' lang='lat' dir='ltr'><strong>scriptoris</strong></span> <span class='ocrx_word' id='word_1_206' title='bbox 408 2797 531 2855; x_wconf 89' lang='lat' dir='ltr'><strong>iudicia.</strong></span> <span class='ocrx_word' id='word_1_207' title='bbox 567 2818 637 2857; x_wconf 91' lang='lat' dir='ltr'><strong>nam</strong></span> <span class='ocrx_word' id='word_1_208' title='bbox 654 2807 776 2877; x_wconf 90' lang='lat' dir='ltr'><strong>praeter</strong></span> <span class='ocrx_word' id='word_1_209' title='bbox 791 2799 983 2878; x_wconf 87' lang='lat' dir='ltr'><strong>apertissima</strong></span> <span class='ocrx_word' id='word_1_210' title='bbox 998 2797 1204 2857; x_wconf 88' lang='lat' dir='ltr'><strong>Suetonianae</strong></span> <span class='ocrx_word' id='word_1_211' title='bbox 1226 2795 1366 2855; x_wconf 87' lang='lat' dir='ltr'><strong>dictionis</strong></span> 
     </span>
     <span class='ocr_line' id='line_1_26' title="bbox 231 2897 1365 2979; baseline -0.001 -21"><span class='ocrx_word' id='word_1_212' title='bbox 231 2900 378 2976; x_wconf 88' lang='lat' dir='ltr'><strong>vestigia,</strong></span> <span class='ocrx_word' id='word_1_213' title='bbox 397 2917 477 2978; x_wconf 88' lang='lat' dir='ltr'><strong>quae</strong></span> <span class='ocrx_word' id='word_1_214' title='bbox 492 2898 644 2958; x_wconf 88' lang='lat' dir='ltr'><strong>Weberus</strong></span> <span class='ocrx_word' id='word_1_215' title='bbox 661 2902 692 2959; x_wconf 91' lang='lat' dir='ltr'><strong>in</strong></span> <span class='ocrx_word' id='word_1_216' title='bbox 709 2910 932 2979; x_wconf 86' lang='lat' dir='ltr'><strong>programmate</strong></span> <span class='ocrx_word' id='word_1_217' title='bbox 949 2897 1176 2975; x_wconf 67' lang='lat' dir='ltr'><strong>luniburgensi,</strong></span> <span class='ocrx_word' id='word_1_218' title='bbox 1194 2901 1241 2957; x_wconf 90' lang='lat' dir='ltr'><strong>cui</strong></span> <span class='ocrx_word' id='word_1_219' title='bbox 1262 2899 1365 2957; x_wconf 88' lang='lat' dir='ltr'><strong>iuscri-</strong></span> 
     </span>
     <span class='ocr_line' id='line_1_27' title="bbox 231 3002 1365 3079; baseline 0 -22"><span class='ocrx_word' id='word_1_220' title='bbox 231 3009 315 3079; x_wconf 86' lang='lat' dir='ltr'><strong>ptum</strong></span> <span class='ocrx_word' id='word_1_221' title='bbox 328 3008 375 3058; x_wconf 89' lang='lat' dir='ltr'><strong>est</strong></span> <span class='ocrx_word' id='word_1_222' title='bbox 399 3002 480 3058; x_wconf 82' lang='lat' dir='ltr'><strong>Vitae</strong></span> <span class='ocrx_word' id='word_1_223' title='bbox 492 3002 532 3058; x_wconf 89' lang='lat' dir='ltr'><strong>M.</strong></span> <span class='ocrx_word' id='word_1_224' title='bbox 546 3004 660 3060; x_wconf 72' lang='lat' dir='ltr'><strong>Arenaci</strong></span> <span class='ocrx_word' id='word_1_225' title='bbox 669 3005 784 3061; x_wconf 72' lang='lat' dir='ltr'><strong>lucani</strong></span> <span class='ocrx_word' id='word_1_226' title='bbox 796 3006 930 3061; x_wconf 78' lang='lat' dir='ltr'><strong>collectae</strong></span> <span class='ocrx_word' id='word_1_227' title='bbox 946 3022 964 3058; x_wconf 91' lang='lat' dir='ltr'><strong>a</strong></span> <span class='ocrx_word' id='word_1_228' title='bbox 980 3003 1047 3058; x_wconf 84' lang='lat' dir='ltr'><strong>Car.</strong></span> <span class='ocrx_word' id='word_1_229' title='bbox 1063 3004 1141 3059; x_wconf 74' lang='lat' dir='ltr'><strong>uria</strong></span> <span class='ocrx_word' id='word_1_230' title='bbox 1162 3005 1274 3060; x_wconf 81' lang='lat' dir='ltr'><strong>Weber.</strong></span> <span class='ocrx_word' id='word_1_231' title='bbox 1291 3004 1365 3058; x_wconf 84' lang='lat' dir='ltr'><strong>Par-</strong></span> 
     </span>
     <span class='ocr_line' id='line_1_28' title="bbox 232 3084 1366 3181; baseline 0 -21"><span class='ocrx_word' id='word_1_232' title='bbox 232 3106 320 3161; x_wconf 81' lang='lat' dir='ltr'><strong>ticula</strong></span> <span class='ocrx_word' id='word_1_233' title='bbox 335 3105 366 3173; x_wconf 86' lang='lat' dir='ltr'><strong>I,</strong></span> <span class='ocrx_word' id='word_1_234' title='bbox 382 3122 412 3180; x_wconf 93' lang='lat' dir='ltr'><strong>p.</strong></span> <span class='ocrx_word' id='word_1_235' title='bbox 427 3111 443 3163; x_wconf 84' lang='lat'><strong>6</strong></span> <span class='ocrx_word' id='word_1_236' title='bbox 459 3084 685 3163; x_wconf 82' lang='lat' dir='ltr'><strong>accuratissime</strong></span> <span class='ocrx_word' id='word_1_237' title='bbox 702 3104 852 3180; x_wconf 88' lang='lat' dir='ltr'><strong>conlegit,</strong></span> <span class='ocrx_word' id='word_1_238' title='bbox 876 3101 972 3161; x_wconf 85' lang='lat' dir='ltr'><strong>verba</strong></span> <span class='ocrx_word' id='word_1_239' title='bbox 989 3121 1067 3181; x_wconf 90' lang='lat' dir='ltr'><strong>quae</strong></span> <span class='ocrx_word' id='word_1_240' title='bbox 1087 3103 1118 3160; x_wconf 89' lang='lat' dir='ltr'><strong>in</strong></span> <span class='ocrx_word' id='word_1_241' title='bbox 1138 3102 1198 3162; x_wconf 86' lang='lat' dir='ltr'><strong>fine</strong></span> <span class='ocrx_word' id='word_1_242' title='bbox 1218 3103 1301 3161; x_wconf 81' lang='lat' dir='ltr'><strong>vitae</strong></span> <span class='ocrx_word' id='word_1_243' title='bbox 1322 3100 1366 3160; x_wconf 89' lang='lat' dir='ltr'><strong>le·</strong></span> 
     </span>
     <span class='ocr_line' id='line_1_29' title="bbox 232 3202 1368 3284; baseline -0.002 -22"><span class='ocrx_word' id='word_1_244' title='bbox 232 3215 342 3282; x_wconf 87' lang='lat' dir='ltr'><strong>guntur</strong></span> <span class='ocrx_word' id='word_1_245' title='bbox 358 3225 387 3282; x_wconf 92' lang='lat' dir='ltr'><strong>p.</strong></span> <span class='ocrx_word' id='word_1_246' title='bbox 403 3213 452 3273; x_wconf 74' lang='lat'><strong>52,</strong></span> <span class='ocrx_word' id='word_1_247' title='bbox 468 3213 485 3265; x_wconf 77' lang='lat'><strong>2</strong></span> <span class='ocrx_word' id='word_1_248' title='bbox 499 3224 543 3284; x_wconf 88' lang='lat' dir='ltr'><strong>sq.</strong></span> <span class='ocrx_word' id='word_1_249' title='bbox 565 3215 697 3280; x_wconf 76' lang='lat' dir='ltr'><strong>poemata</strong></span> <span class='ocrx_word' id='word_1_250' title='bbox 717 3210 778 3262; x_wconf 79' lang='lat' dir='ltr'><strong>rias</strong></span> <span class='ocrx_word' id='word_1_251' title='bbox 795 3209 880 3261; x_wconf 79' lang='lat' dir='ltr'><strong>etiam</strong></span> <span class='ocrx_word' id='word_1_252' title='bbox 894 3206 1029 3279; x_wconf 73' lang='lat' dir='ltr'><strong>praelepi</strong></span> <span class='ocrx_word' id='word_1_253' title='bbox 1050 3208 1166 3262; x_wconf 79' lang='lat' dir='ltr'><strong>memini</strong></span> <span class='ocrx_word' id='word_1_254' title='bbox 1179 3224 1239 3262; x_wconf 88' lang='lat' dir='ltr'><strong>non</strong></span> <span class='ocrx_word' id='word_1_255' title='bbox 1255 3202 1368 3261; x_wconf 88' lang='lat' dir='ltr'><strong>eadunt</strong></span> 
     </span>
     <span class='ocr_line' id='line_1_30' title="bbox 232 3296 1367 3385; baseline -0.004 -20"><span class='ocrx_word' id='word_1_256' title='bbox 232 3308 263 3365; x_wconf 92' lang='lat' dir='ltr'><strong>in</strong></span> <span class='ocrx_word' id='word_1_257' title='bbox 279 3307 457 3385; x_wconf 83' lang='lat' dir='ltr'><strong>scriptorem</strong></span> <span class='ocrx_word' id='word_1_258' title='bbox 473 3307 549 3365; x_wconf 90' lang='lat' dir='ltr'><strong>alius</strong></span> <span class='ocrx_word' id='word_1_259' title='bbox 563 3309 681 3379; x_wconf 86' lang='lat' dir='ltr'><strong>aetatis,</strong></span> <span class='ocrx_word' id='word_1_260' title='bbox 699 3326 789 3385; x_wconf 91' lang='lat' dir='ltr'><strong>quam</strong></span> <span class='ocrx_word' id='word_1_261' title='bbox 802 3325 862 3385; x_wconf 89' lang='lat' dir='ltr'><strong>qua</strong></span> <span class='ocrx_word' id='word_1_262' title='bbox 874 3305 1037 3365; x_wconf 85' lang='lat' dir='ltr'><strong>Suetonius</strong></span> <span class='ocrx_word' id='word_1_263' title='bbox 1050 3296 1145 3365; x_wconf 64' lang='lat' dir='ltr'><strong>vixit.</strong></span> <span class='ocrx_word' id='word_1_264' title='bbox 1164 3303 1275 3364; x_wconf 89' lang='lat' dir='ltr'><strong>deinde</strong></span> <span class='ocrx_word' id='word_1_265' title='bbox 1290 3302 1367 3361; x_wconf 84' lang='lat' dir='ltr'><strong>invi·</strong></span> 
     </span>
     <span class='ocr_line' id='line_1_31' title="bbox 233 3404 1366 3486; baseline -0.004 -21"><span class='ocrx_word' id='word_1_266' title='bbox 233 3407 345 3467; x_wconf 89' lang='lat' dir='ltr'><strong>diosior</strong></span> <span class='ocrx_word' id='word_1_267' title='bbox 358 3410 390 3466; x_wconf 90' lang='lat' dir='ltr'><strong>in</strong></span> <span class='ocrx_word' id='word_1_268' title='bbox 399 3409 557 3466; x_wconf 85' lang='lat' dir='ltr'><strong>Lucanum</strong></span> <span class='ocrx_word' id='word_1_269' title='bbox 570 3409 698 3481; x_wconf 89' lang='lat' dir='ltr'><strong>animus,</strong></span> <span class='ocrx_word' id='word_1_270' title='bbox 714 3427 804 3486; x_wconf 89' lang='lat' dir='ltr'><strong>quem</strong></span> <span class='ocrx_word' id='word_1_271' title='bbox 819 3407 897 3466; x_wconf 87' lang='lat' dir='ltr'><strong>baec</strong></span> <span class='ocrx_word' id='word_1_272' title='bbox 913 3410 978 3467; x_wconf 80' lang='lat' dir='ltr'><strong>vita</strong></span> <span class='ocrx_word' id='word_1_273' title='bbox 991 3407 1102 3486; x_wconf 87' lang='lat' dir='ltr'><strong>prodit,</strong></span> <span class='ocrx_word' id='word_1_274' title='bbox 1118 3406 1206 3466; x_wconf 85' lang='lat' dir='ltr'><strong>testis</strong></span> <span class='ocrx_word' id='word_1_275' title='bbox 1223 3413 1269 3464; x_wconf 91' lang='lat' dir='ltr'><strong>est</strong></span> <span class='ocrx_word' id='word_1_276' title='bbox 1285 3404 1366 3463; x_wconf 90' lang='lat' dir='ltr'><strong>locu·</strong></span> 
     </span>
     <span class='ocr_line' id='line_1_32' title="bbox 232 3506 1378 3589; baseline -0.002 -22"><span class='ocrx_word' id='word_1_277' title='bbox 232 3510 436 3589; x_wconf 89' lang='lat' dir='ltr'><strong>pletissimus,</strong></span> <span class='ocrx_word' id='word_1_278' title='bbox 451 3530 511 3568; x_wconf 92' lang='lat' dir='ltr'><strong>non</strong></span> <span class='ocrx_word' id='word_1_279' title='bbox 528 3510 622 3568; x_wconf 87' lang='lat' dir='ltr'><strong>vitam</strong></span> <span class='ocrx_word' id='word_1_280' title='bbox 638 3510 823 3568; x_wconf 85' lang='lat' dir='ltr'><strong>scholiastae</strong></span> <span class='ocrx_word' id='word_1_281' title='bbox 840 3529 925 3582; x_wconf 88' lang='lat' dir='ltr'><strong>csse,</strong></span> <span class='ocrx_word' id='word_1_282' title='bbox 948 3510 1000 3588; x_wconf 90' lang='lat' dir='ltr'><strong>qui</strong></span> <span class='ocrx_word' id='word_1_283' title='bbox 1021 3528 1081 3567; x_wconf 89' lang='lat' dir='ltr'><strong>non</strong></span> <span class='ocrx_word' id='word_1_284' title='bbox 1102 3516 1207 3586; x_wconf 90' lang='lat' dir='ltr'><strong>posset</strong></span> <span class='ocrx_word' id='word_1_285' title='bbox 1222 3506 1260 3565; x_wconf 89' lang='lat' dir='ltr'><strong>de</strong></span> <span class='ocrx_word' id='word_1_286' title='bbox 1277 3508 1378 3584; x_wconf 86' lang='lat' dir='ltr'><strong>poeta&#39;</strong></span> 
     </span>
     <span class='ocr_line' id='line_1_33' title="bbox 233 3607 1366 3691; baseline -0.003 -22"><span class='ocrx_word' id='word_1_287' title='bbox 233 3631 289 3669; x_wconf 91' lang='lat' dir='ltr'><strong>suo</strong></span> <span class='ocrx_word' id='word_1_288' title='bbox 306 3620 367 3670; x_wconf 87' lang='lat' dir='ltr'><strong>tam</strong></span> <span class='ocrx_word' id='word_1_289' title='bbox 385 3612 487 3690; x_wconf 88' lang='lat' dir='ltr'><strong>inique</strong></span> <span class='ocrx_word' id='word_1_290' title='bbox 505 3610 651 3669; x_wconf 89' lang='lat' dir='ltr'><strong>iudicare.</strong></span> <span class='ocrx_word' id='word_1_291' title='bbox 684 3631 811 3691; x_wconf 89' lang='lat' dir='ltr'><strong>quorum</strong></span> <span class='ocrx_word' id='word_1_292' title='bbox 827 3619 1070 3687; x_wconf 88' lang='lat' dir='ltr'><strong>argumentorum</strong></span> <span class='ocrx_word' id='word_1_293' title='bbox 1087 3611 1221 3687; x_wconf 90' lang='lat' dir='ltr'><strong>speciem</strong></span> <span class='ocrx_word' id='word_1_294' title='bbox 1236 3629 1297 3666; x_wconf 92' lang='lat' dir='ltr'><strong>uon</strong></span> <span class='ocrx_word' id='word_1_295' title='bbox 1311 3607 1366 3666; x_wconf 87' lang='lat' dir='ltr'><strong>fal-</strong></span> 
     </span>
     <span class='ocr_line' id='line_1_34' title="bbox 233 3708 1367 3792; baseline -0.004 -21"><span class='ocrx_word' id='word_1_296' title='bbox 233 3714 332 3771; x_wconf 89' lang='lat' dir='ltr'><strong>lacem</strong></span> <span class='ocrx_word' id='word_1_297' title='bbox 354 3732 422 3771; x_wconf 88' lang='lat' dir='ltr'><strong>esse</strong></span> <span class='ocrx_word' id='word_1_298' title='bbox 444 3713 597 3791; x_wconf 84' lang='lat' dir='ltr'><strong>excerptis</strong></span> <span class='ocrx_word' id='word_1_299' title='bbox 618 3713 656 3771; x_wconf 90' lang='lat' dir='ltr'><strong>de</strong></span> <span class='ocrx_word' id='word_1_300' title='bbox 677 3715 741 3772; x_wconf 85' lang='lat' dir='ltr'><strong>vita</strong></span> <span class='ocrx_word' id='word_1_301' title='bbox 758 3714 876 3772; x_wconf 88' lang='lat' dir='ltr'><strong>Lucani</strong></span> <span class='ocrx_word' id='word_1_302' title='bbox 891 3712 1138 3792; x_wconf 87' lang='lat' dir='ltr'><strong>Hieronymianis</strong></span> <span class='ocrx_word' id='word_1_303' title='bbox 1154 3708 1367 3789; x_wconf 89' lang='lat' dir='ltr'><strong>conprobatur,</strong></span> 
     </span>
     <span class='ocr_line' id='line_1_35' title="bbox 234 3814 1419 3894; baseline -0.002 -21"><span class='ocrx_word' id='word_1_304' title='bbox 234 3834 314 3894; x_wconf 88' lang='lat' dir='ltr'><strong>quae</strong></span> <span class='ocrx_word' id='word_1_305' title='bbox 329 3834 362 3873; x_wconf 92' lang='lat' dir='ltr'><strong>re</strong></span> <span class='ocrx_word' id='word_1_306' title='bbox 375 3833 449 3873; x_wconf 84' lang='lat' dir='ltr'><strong>vera</strong></span> <span class='ocrx_word' id='word_1_307' title='bbox 462 3833 500 3872; x_wconf 85' lang='lat' dir='ltr'><strong>ex</strong></span> <span class='ocrx_word' id='word_1_308' title='bbox 515 3814 574 3872; x_wconf 91' lang='lat' dir='ltr'><strong>hac</strong></span> <span class='ocrx_word' id='word_1_309' title='bbox 586 3816 650 3873; x_wconf 90' lang='lat' dir='ltr'><strong>vita</strong></span> <span class='ocrx_word' id='word_1_310' title='bbox 666 3816 820 3894; x_wconf 83' lang='lat' dir='ltr'><strong>exscripta</strong></span> <span class='ocrx_word' id='word_1_311' title='bbox 835 3816 904 3873; x_wconf 88' lang='lat' dir='ltr'><strong>sint.</strong></span> <span class='ocrx_word' id='word_1_312' title='bbox 940 3834 1018 3893; x_wconf 88' lang='lat' dir='ltr'><strong>quae</strong></span> <span class='ocrx_word' id='word_1_313' title='bbox 1039 3833 1106 3872; x_wconf 88' lang='lat' dir='ltr'><strong>curn</strong></span> <span class='ocrx_word' id='word_1_314' title='bbox 1119 3815 1162 3871; x_wconf 88' lang='lat' dir='ltr'><strong>ita</strong></span> <span class='ocrx_word' id='word_1_315' title='bbox 1178 3815 1297 3883; x_wconf 83' lang='lat' dir='ltr'><strong>essent,</strong></span> <span class='ocrx_word' id='word_1_316' title='bbox 1314 3831 1367 3869; x_wconf 88' lang='lat' dir='ltr'><strong>suo</strong></span> <span class='ocrx_word' id='word_1_317' title='bbox 1415 3864 1419 3871; x_wconf 80' lang='grc'>,</span> 
     </span>
     <span class='ocr_line' id='line_1_36' title="bbox 235 3912 1369 3995; baseline -0.003 -21"><span class='ocrx_word' id='word_1_318' title='bbox 235 3917 300 3974; x_wconf 91' lang='lat' dir='ltr'><strong>iure</strong></span> <span class='ocrx_word' id='word_1_319' title='bbox 320 3914 458 3990; x_wconf 84' lang='lat' dir='ltr'><strong>Scaliger</strong></span> <span class='ocrx_word' id='word_1_320' title='bbox 478 3915 510 3973; x_wconf 90' lang='lat' dir='ltr'><strong>in</strong></span> <span class='ocrx_word' id='word_1_321' title='bbox 532 3916 702 3995; x_wconf 87' lang='lat' dir='ltr'><strong>appendice</strong></span> <span class='ocrx_word' id='word_1_322' title='bbox 723 3914 834 3992; x_wconf 87' lang='lat' dir='ltr'><strong>Virgili</strong></span> <span class='ocrx_word' id='word_1_323' title='bbox 858 3914 898 3973; x_wconf 87' lang='lat' dir='ltr'><strong>ad</strong></span> <span class='ocrx_word' id='word_1_324' title='bbox 924 3915 1030 3975; x_wconf 90' lang='lat' dir='ltr'><strong>culicis</strong></span> <span class='ocrx_word' id='word_1_325' title='bbox 1051 3915 1168 3973; x_wconf 91' lang='lat' dir='ltr'><strong>initium</strong></span> <span class='ocrx_word' id='word_1_326' title='bbox 1190 3912 1369 3973; x_wconf 84' lang='lat' dir='ltr'><strong>Suetonium</strong></span> 
     </span>
     <span class='ocr_line' id='line_1_37' title="bbox 234 4016 1368 4096; baseline -0.004 -20"><span class='ocrx_word' id='word_1_327' title='bbox 234 4017 412 4096; x_wconf 88' lang='lat' dir='ltr'><strong>scriptorem</strong></span> <span class='ocrx_word' id='word_1_328' title='bbox 440 4016 617 4095; x_wconf 86' lang='lat' dir='ltr'><strong>adpellavit.</strong></span> <span class='ocrx_word' id='word_1_329' title='bbox 659 4017 720 4076; x_wconf 87' lang='lat' dir='ltr'><strong>alia</strong></span> <span class='ocrx_word' id='word_1_330' title='bbox 750 4017 842 4075; x_wconf 88' lang='lat' dir='ltr'><strong>etiam</strong></span> <span class='ocrx_word' id='word_1_331' title='bbox 869 4016 986 4075; x_wconf 89' lang='lat' dir='ltr'><strong>ratione</strong></span> <span class='ocrx_word' id='word_1_332' title='bbox 1010 4017 1176 4095; x_wconf 86' lang='lat' dir='ltr'><strong>peculiaris</strong></span> <span class='ocrx_word' id='word_1_333' title='bbox 1196 4017 1278 4074; x_wconf 85' lang='lat' dir='ltr'><strong>vitae</strong></span> <span class='ocrx_word' id='word_1_334' title='bbox 1298 4034 1368 4073; x_wconf 90' lang='lat' dir='ltr'><strong>con·</strong></span> 
     </span>
     <span class='ocr_line' id='line_1_38' title="bbox 235 4096 1368 4198; baseline -0.003 -21"><span class='ocrx_word' id='word_1_335' title='bbox 235 4119 309 4178; x_wconf 89' lang='lat' dir='ltr'><strong>ditio</strong></span> <span class='ocrx_word' id='word_1_336' title='bbox 322 4126 379 4178; x_wconf 89' lang='lat' dir='ltr'><strong>est.</strong></span> <span class='ocrx_word' id='word_1_337' title='bbox 404 4118 510 4198; x_wconf 88' lang='lat' dir='ltr'><strong>incipit</strong></span> <span class='ocrx_word' id='word_1_338' title='bbox 522 4122 602 4179; x_wconf 88' lang='lat' dir='ltr'><strong>euim</strong></span> <span class='ocrx_word' id='word_1_339' title='bbox 615 4117 739 4178; x_wconf 90' lang='lat' dir='ltr'><strong>inlibris</strong></span> <span class='ocrx_word' id='word_1_340' title='bbox 751 4117 795 4177; x_wconf 89' lang='lat' dir='ltr'><strong>sic</strong></span> <span class='ocrx_word' id='word_1_341' title='bbox 804 4140 812 4176; x_wconf 73' lang='grc' dir='ltr'><strong><em>ε</em></strong></span> <span class='ocrx_word' id='word_1_342' title='bbox 820 4123 918 4192; x_wconf 73' lang='lat' dir='ltr'><strong>prim</strong></span> <span class='ocrx_word' id='word_1_343' title='bbox 927 4122 1035 4193; x_wconf 67' lang='lat' dir='ltr'><strong>taeenti</strong></span> <span class='ocrx_word' id='word_1_344' title='bbox 1044 4123 1244 4191; x_wconf 79' lang='lat' dir='ltr'><strong>experimenta</strong></span> <span class='ocrx_word' id='word_1_345' title='bbox 1259 4138 1285 4176; x_wconf 90' lang='lat' dir='ltr'><strong>e.</strong></span> <span class='ocrx_word' id='word_1_346' title='bbox 1294 4139 1323 4197; x_wconf 92' lang='lat' dir='ltr'><strong>q.</strong></span> <span class='ocrx_word' id='word_1_347' title='bbox 1334 4096 1368 4187; x_wconf 66' lang='lat' dir='ltr'><strong>s..</strong></span> 
     </span>
     <span class='ocr_line' id='line_1_39' title="bbox 234 4220 1368 4300; baseline -0.003 -21"><span class='ocrx_word' id='word_1_348' title='bbox 234 4230 268 4279; x_wconf 90' lang='lat' dir='ltr'><strong>ut</strong></span> <span class='ocrx_word' id='word_1_349' title='bbox 280 4221 399 4279; x_wconf 89' lang='lat' dir='ltr'><strong>initium</strong></span> <span class='ocrx_word' id='word_1_350' title='bbox 411 4222 476 4281; x_wconf 91' lang='lat' dir='ltr'><strong>eius</strong></span> <span class='ocrx_word' id='word_1_351' title='bbox 491 4230 663 4281; x_wconf 86' lang='lat' dir='ltr'><strong>truncatum</strong></span> <span class='ocrx_word' id='word_1_352' title='bbox 675 4241 744 4280; x_wconf 89' lang='lat' dir='ltr'><strong>esse</strong></span> <span class='ocrx_word' id='word_1_353' title='bbox 755 4228 870 4300; x_wconf 87' lang='lat' dir='ltr'><strong>pateat.</strong></span> <span class='ocrx_word' id='word_1_354' title='bbox 900 4220 984 4278; x_wconf 87' lang='lat' dir='ltr'><strong>euius</strong></span> <span class='ocrx_word' id='word_1_355' title='bbox 997 4220 1133 4300; x_wconf 83' lang='lat' dir='ltr'><strong>reiquae</strong></span> <span class='ocrx_word' id='word_1_356' title='bbox 1146 4220 1224 4278; x_wconf 88' lang='lat' dir='ltr'><strong>ratio</strong></span> <span class='ocrx_word' id='word_1_357' title='bbox 1239 4221 1286 4292; x_wconf 91' lang='lat' dir='ltr'><strong>sit,</strong></span> <span class='ocrx_word' id='word_1_358' title='bbox 1301 4239 1368 4298; x_wconf 87' lang='lat' dir='ltr'><strong>per-</strong></span> 
     </span>
     <span class='ocr_line' id='line_1_40' title="bbox 238 4319 1368 4402; baseline -0.003 -21"><span class='ocrx_word' id='word_1_359' title='bbox 238 4324 378 4402; x_wconf 86' lang='lat' dir='ltr'><strong>spicitur,</strong></span> <span class='ocrx_word' id='word_1_360' title='bbox 393 4324 425 4383; x_wconf 80' lang='lat' dir='ltr'><strong>&#39;si</strong></span> <span class='ocrx_word' id='word_1_361' title='bbox 447 4324 688 4402; x_wconf 86' lang='lat' dir='ltr'><strong>reputaverimus</strong></span> <span class='ocrx_word' id='word_1_362' title='bbox 706 4324 737 4381; x_wconf 91' lang='lat' dir='ltr'><strong>in</strong></span> <span class='ocrx_word' id='word_1_363' title='bbox 753 4322 902 4382; x_wconf 84' lang='lat' dir='ltr'><strong>Beruenai</strong></span> <span class='ocrx_word' id='word_1_364' title='bbox 917 4321 1023 4381; x_wconf 87' lang='lat' dir='ltr'><strong>codice</strong></span> <span class='ocrx_word' id='word_1_365' title='bbox 1037 4328 1090 4384; x_wconf 86' lang='grc'><strong>370</strong></span> <span class='ocrx_word' id='word_1_366' title='bbox 1113 4322 1173 4396; x_wconf 87' lang='grc' dir='ltr'><strong>(Β)</strong></span> <span class='ocrx_word' id='word_1_367' title='bbox 1190 4320 1287 4400; x_wconf 86' lang='lat' dir='ltr'><strong>primo</strong></span> <span class='ocrx_word' id='word_1_368' title='bbox 1301 4319 1368 4379; x_wconf 90' lang='lat' dir='ltr'><strong>loeo</strong></span> 
     </span>
    </p>
   </div>
   <div class='ocr_carea' id='block_1_5' title="bbox 0 0 1621 4998">
    <p class='ocr_par' dir='ltr' id='par_1_6' title="bbox 0 0 1621 4998">
     <span class='ocr_line' id='line_1_41' title="bbox 0 0 1621 4998; baseline 0 0"><span class='ocrx_word' id='word_1_369' title='bbox 0 0 1621 4998; x_wconf 95' lang='lat' dir='ltr'><strong> </strong></span> 
     </span>
    </p>
   </div>
  </div>
 </body>
</html>
