3200 4992
226 356 284 418 152
582 380 583 384 ¹
730 372 863 415 nunrvn
892 402 897 411 .

222 546 300 589 casu
327 524 383 588 alii
410 545 429 587 a
451 522 559 585 media
586 531 689 585 noete.
735 541 811 585 narn
840 518 999 603 Chaldaei
1021 541 1042 583 a
1062 518 1140 585 solis
1163 530 1280 586 exortu
1302 519 1369 585 diei

222 628 352 691 initium
384 627 508 690 faciunt
538 631 641 689 totum
670 623 705 687 id
733 624 874 710 spatium
901 643 1003 685 unum
1034 622 1119 686 diem
1152 620 1368 710 appellantes,

221 727 381 815 Aegyptii
404 737 512 790 autem
535 747 577 788 ex
598 726 692 790 initio
715 726 820 790 noctis
844 724 1009 809 sequentis
1033 723 1099 788 diei
1123 725 1283 810 originem
1303 733 1367 788 tra-

159 920 165 932 ·
224 903 341 950 Praetor
359 901 481 953 urbanus
500 899 547 964 qui
564 913 639 948 nunc
657 903 699 947 est
717 898 817 962 quique
842 895 959 961 posthac
983 897 1044 946 luat
1066 896 1134 947 duos
1158 898 1272 947 lictores
1296 896 1368 963 apud

226 985 254 1017 se
273 969 376 1018 habeto
394 983 480 1032 usque
500 982 653 1031 supremam
673 966 707 1014 ad
727 965 812 1015 solem
831 978 960 1013 occasum
979 966 1075 1029 iusque
1091 967 1165 1015 inter
1183 965 1259 1016 ciues
1272 965 1367 1015 dicito.

224 1043 286 1101 post
304 1050 458 1100 supremam
478 1035 603 1098 sequitur
620 1049 738 1098 uespera
762 1038 826 1082 ante
851 1037 939 1080 ortum
963 1033 1073 1082 scilicet
1092 1035 1150 1083 eius
1169 1033 1269 1083 stellae
1288 1049 1369 1098 quarn
1402 1032 1407 1039 “

224 1104 339 1153 Plautus
362 1104 590 1169 nespernginem,
615 1102 720 1151 Ennius
739 1114 898 1166 uesperum,
922 1100 1062 1165 Vergilius
1087 1101 1221 1167 hesperon
1246 1100 1375 1166 adpellat

225 1170 273 1234 (ef.
296 1173 382 1221 Varro
396 1173 513 1235 deperite
530 1173 620 1234 populi
638 1171 744 1219 Romani
760 1169 830 1233 opteri
847 1168 1011 1229 Arepustinnm
1031 1171 1057 1218 C.
1072 1170 1104 1218 Ι).
1119 1169 1191 1219 XXI
1207 1172 1230 1226 8,
1249 1172 1266 1218 2
1282 1170 1369 1219 Varro

226 1240 258 1287 h.
272 1240 305 1287 L.
324 1239 452 1299 17150).
472 1237 534 1287 inde
554 1254 634 1303 porro
653 1236 842 1302 crepusculum
855 1235 896 1281 aio
916 1235 1034 1285 fortasse
1049 1237 1219 1302 adpellatum
1236 1237 1307 1300 quod
1325 1251 1369 1286 res

226 1307 352 1355 incertae
375 1322 508 1371 creperac
532 1306 661 1355 dicuutur
683 1304 765 1368 idque
788 1311 895 1367 tempus
918 1304 1009 1353 noctis
1036 1306 1073 1354 sit
1097 1320 1132 1353 an
1155 1305 1211 1353 diei
1234 1305 1369 1353 incertum

227 1380 277 1423 est.
314 1379 376 1438 post
394 1374 422 1422 id
441 1375 565 1437 sequitur
583 1377 690 1436 tempus
709 1373 779 1436 quod
798 1370 914 1419 dicimus
934 1370 1082 1421 luminibus
1096 1373 1235 1422 accensis:
1261 1371 1369 1437 antiqui

226 1442 315 1506 prima
333 1442 397 1490 face
417 1441 562 1501 dicebant;
582 1440 681 1489 deinde
700 1440 874 1497 concubium,
895 1452 954 1507 enm
973 1440 1041 1488 itum
1060 1445 1102 1489 est
1115 1440 1249 1501 cubitum;
1270 1437 1369 1489 exinde

228 1510 394 1573 intempesta
413 1509 441 1557 id
461 1515 503 1558 est
516 1508 602 1557 multa
614 1524 682 1569 uox,
702 1523 756 1575 qna
774 1506 843 1556 nihil
863 1506 910 1567 agi
928 1508 1135 1572 tempestiuum,
1150 1513 1214 1557 tnnc
1234 1505 1315 1573 [cnm]
1334 1505 1370 1557 ad

227 1576 346 1625 mediam
359 1576 581 1625 noctemdicitur
595 1576 676 1625 etsie
690 1576 780 1624 media
793 1587 846 1624 nox
864 1587 879 1618 a
899 1586 915 1616 a
933 1573 967 1622 a’
982 1575 1170 1625 ServiusAen.
1183 1574 1281 1624 11268:
1296 1576 1370 1624 ‘sunt

227 1650 320 1693 nartem
339 1644 446 1692 solidae
464 1645 555 1693 noctis
574 1650 667 1708 partes
681 1643 829 1692 seeundum
842 1644 990 1692 Varronem
1005 1642 1072 1691 hae:
1092 1657 1209 1708 uespera
1223 1658 1368 1708 crepuscu-

226 1712 282 1760 lum
311 1712 493 1760 conticininm
524 1711 686 1760 concubium
716 1711 883 1775 intempesta
911 1726 965 1758 nox
988 1709 1161 1775 gallicinium
1185 1710 1287 1759 lucifer
1311 1726 1369 1760 cre·
1430 1760 1433 1761 γ

226 1778 369 1845 pasculum
383 1781 556 1828 matutinum.
588 1778 658 1827 diei:
678 1794 759 1827 mane
772 1781 848 1828 ortus
861 1778 990 1827 meridies
1004 1792 1129 1827 occasus.
1161 1779 1194 1827 de
1208 1777 1370 1842 crepusculo

226 1862 292 1896 uero
312 1847 382 1911 quod
402 1852 444 1895 est
463 1846 548 1895 dubia
566 1847 620 1909 lux,
640 1862 702 1894 nam
717 1862 858 1910 creperum
872 1845 982 1894 dubium
1001 1844 1150 1909 signifieat,
1170 1846 1323 1910 quaeritur3
1343 1849 1371 1895 et

226 1914 295 1964 licet
317 1915 426 1978 utrique
451 1914 569 1979 tempori
588 1914 677 1978 possit
694 1914 786 1978 iungi,
811 1928 876 1962 usus
900 1920 993 1962 tamen
1016 1918 1047 1961 nt
1069 1914 1204 1962 matutino
1226 1914 1371 1977 iungamus

227 1982 355 2031 obtinuit.
398 1997 507 2030 manum
534 1997 616 2043 uero,
645 1981 717 2030 unde
742 1986 784 2030 est
802 1996 898 2042 mane,
928 1982 1028 2029 bonnm
1051 1979 1143 2029 dixere
1167 1979 1297 2029 ueteres.’
1334 1981 1369 2031 cf.

227 2051 339 2099 Servius
366 2049 433 2098 Aen.
462 2049 504 2098 ΙΙΙ
532 2048 590 2097 587.
630 2049 789 2097 Macrobius
816 2054 867 2097 sat.
896 2047 909 2096 I
937 2046 966 2108 3,
1000 2046 1030 2095 12
1054 2064 1127 2112 sqq.:
1171 2048 1283 2097 ‘Ciuilis
1312 2049 1371 2097 dics

228 2119 267 2167 ita
291 2117 432 2166 diuiditur.
475 2118 591 2181 primum
616 2122 722 2181 ternpus
747 2116 803 2165 diei
829 2116 932 2164 dicitur
959 2115 1069 2165 mediae
1091 2117 1183 2164 noetis
1210 2115 1370 2164 inclinatio:

227 2185 326 2235 deinde
351 2185 539 2249 gallicinium,
565 2183 629 2233 inde
654 2184 833 2234 conticinium
853 2198 912 2232 curu
935 2188 963 2231 et
981 2182 1050 2248 galli
1069 2183 1260 2233 conticescunt
1279 2188 1306 2232 et
1324 2183 1370 2232 ho-

227 2254 314 2302 mines
334 2256 419 2303 etiam
438 2258 495 2301 tum
514 2253 674 2316 quieseunt:
699 2251 798 2300 deinde
817 2249 980 2311 diluculum,
1006 2250 1032 2298 id
1057 2255 1100 2299 est
1124 2258 1184 2299 cuni
1208 2251 1308 2315 incipit
1331 2251 1371 2299 di·

226 2321 303 2369 nosci
318 2321 391 2370 dies:
410 2321 473 2369 inde
488 2336 577 2377 mane,
592 2335 653 2368 cum
666 2319 726 2368 dies
739 2319 830 2369 clarus
843 2322 893 2367 est.
924 2333 1004 2366 mane
1018 2323 1110 2366 autem
1123 2317 1227 2367 dietum
1240 2324 1288 2367 aut
1301 2317 1371 2383 qnod

228 2388 263 2435 ab
276 2388 454 2437 inferioribus
466 2388 546 2449 tocie,
566 2387 593 2436 id
608 2393 650 2436 est
663 2402 680 2435 a
692 2387 831 2446 Manibus,
852 2385 991 2434 exordium
1003 2385 1074 2435 lucis
1087 2392 1224 2449 emergat,
1239 2393 1289 2435 ant
1301 2385 1372 2450 quod

227 2456 320 2504 uerius
346 2455 413 2504 mihi
437 2455 547 2504 uidetur
572 2456 606 2503 ab
630 2455 721 2504 omine
745 2454 809 2502 boni
833 2452 960 2501 nominis.
997 2468 1061 2502 uam
1085 2454 1114 2501 et
1132 2453 1272 2503 Lanuuini
1291 2469 1371 2503 mane
1436 2456 1440 2465 ’

227 2538 276 2587 pro
294 2523 366 2572 bono
384 2523 494 2571 dicunt:
515 2524 589 2571 sicut
607 2521 680 2585 apud
698 2536 748 2570 nos
767 2534 874 2585 quoqne
893 2521 1061 2569 eontrarium
1082 2525 1124 2569 est
1142 2520 1262 2581 inmane,
1281 2527 1312 2569 nt
1330 2523 1370 2570 in·

227 2592 316 2639 manis
340 2589 424 2639 belua
447 2590 491 2638 uel
516 2592 626 2638 inmane
651 2588 763 2638 facinus
787 2594 814 2637 et
837 2587 888 2637 hoc
912 2603 998 2653 genus
1022 2592 1117 2637 cetera
1141 2604 1190 2653 pro
1214 2604 1267 2637 non
1289 2588 1370 2638 bono.

228 2657 329 2706 deinde
349 2673 365 2706 a
384 2673 464 2706 mane
484 2657 518 2706 ad
537 2657 694 2719 meridiem,
719 2655 771 2705 hnc
791 2660 834 2704 est
853 2654 887 2703 ad
906 2656 1024 2704 medium
1042 2656 1112 2704 dici:
1132 2655 1196 2706 inde
1215 2657 1270 2704 iam
1289 2671 1372 2721 supra

150 2767 156 2776 .
227 2729 344 2773 uocatur
361 2730 469 2789 tempus
488 2724 631 2773 occiduum
651 2728 680 2771 et
697 2739 758 2773 mox
777 2738 905 2788 suprema
923 2728 1087 2787 tempestas,
1113 2723 1164 2772 hoe
1189 2729 1231 2772 est
1249 2720 1305 2773 diei
1324 2740 1371 2774 no·

227 2793 370 2840 nissimnm
388 2797 508 2856 tempus,
528 2793 600 2840 sicut
619 2806 778 2855 expressum
797 2796 840 2839 est
858 2792 886 2839 in
904 2790 1048 2840 duodecim
1068 2790 1185 2840 tabulis:
1205 2790 1271 2841 solis
1290 2807 1372 2841 occa·

228 2875 274 2907 sus
293 2875 421 2923 suprema
442 2864 594 2923 tempestas
619 2864 687 2907 esto.
724 2858 824 2907 deinde
848 2855 965 2923 uespera
990 2858 1060 2922 quod
1083 2873 1099 2906 a
1119 2858 1234 2908 Graccis
1252 2864 1372 2908 tractum

157 2926 162 2935 '
229 2931 279 2975 est.
317 2926 359 2975 illi
379 2927 451 2976 enim
471 2918 594 2990 ἑσπέραν
613 2942 629 2975 a
648 2925 731 2975 stella
749 2927 876 2991 Hespero
894 2925 1003 2974 dicunt:
1023 2925 1094 2974 unde
1114 2932 1143 2975 et
1160 2926 1297 2991 Hesperia
1315 2927 1371 2976 Ita-

228 2993 281 3055 lia,
301 2994 372 3057 quod
390 2995 503 3043 occasui
521 2994 649 3044 subiecta
667 2995 717 3055 sit,
743 2994 907 3043 nominatur.
946 2994 981 3042 ab
1004 2992 1056 3042 hoe
1075 2998 1198 3059 tempore
1216 2995 1305 3060 prima
1325 2995 1372 3044 fax

229 3061 340 3122 dicitur,
360 3061 460 3111 deinde
479 3062 617 3111 concubia
635 3067 663 3111 et
681 3062 745 3111 inde
763 3060 945 3125 intempesta,
970 3075 1040 3124 quae
1064 3077 1119 3110 non
1140 3061 1226 3111 hahet
1244 3061 1373 3111 idoneum

228 3133 336 3192 tempus
354 3129 435 3178 rebus
454 3129 590 3193 gerendis.
627 3129 698 3179 haec
722 3135 764 3179 eat
787 3130 844 3178 diei
863 3128 955 3178 ciuilis
979 3143 996 3177 a
1014 3126 1146 3178 Romanis
1165 3129 1313 3180 obseruata
1332 3130 1372 3180 di·

228 3195 318 3245 nisio!
335 3224 364 3230 ν-
379 3196 486 3246 Gellius
499 3197 540 3246 111
553 3197 582 3255 s,
597 3198 612 3243 2
626 3212 698 3262 sqq.:
715 3196 759 3245 ‘M.
773 3197 861 3246 Varro
874 3197 902 3245 in
915 3196 985 3245 libro
998 3211 1087 3245 rerum
1099 3196 1280 3245 humanarum
1294 3212 1372 3262 quem

228 3264 262 3313 de
281 3264 379 3314 dicbus
397 3265 521 3329 scripsit:
541 3265 688 3325 Homines,
708 3266 811 3327 inquit,
836 3264 882 3328 qui
901 3263 964 3313 inde
984 3279 1001 3312 a
1019 3264 1111 3313 media
1130 3271 1211 3314 nocte
1231 3265 1266 3314 ad
1283 3267 1373 3329 proxi-

229 3348 300 3381 mam
319 3332 437 3381 mediam
462 3339 571 3382 noctem
590 3334 619 3380 in
637 3332 680 3380 his
697 3332 772 3381 horis
791 3332 892 3395 uiginti
911 3335 1041 3395 qrrattuor
1063 3332 1124 3380 nati
1147 3338 1224 3393 sunt,
1249 3347 1303 3381 uno
1327 3333 1372 3381 die

228 3401 288 3449 nati
308 3399 443 3449 dicuntur.
481 3400 579 3465 quihus
592 3401 685 3449 uerbis
705 3400 744 3447 ita
757 3400 867 3448 uidetur
879 3399 984 3447 dierum
998 3399 1220 3449 obseruationem
1233 3400 1371 3461 diuisisss,

227 3473 258 3516 nt
278 3469 323 3532 qui
341 3474 404 3533 post
422 3467 507 3517 solem
531 3483 661 3517 occasum
686 3473 751 3516 ante
776 3467 894 3516 mediam
917 3472 1026 3516 noctem
1049 3472 1131 3517 natus
1155 3469 1192 3516 ait
1215 3468 1239 3517 is
1264 3469 1290 3517 ei
1314 3469 1373 3517 dies

229 3536 331 3584 natalis
350 3535 400 3598 sit,
427 3552 443 3584 a
462 3551 514 3599 quo
533 3536 578 3595 die
593 3532 632 3584 'ea
650 3551 703 3583 nox
722 3535 858 3599 coeperim
884 3540 981 3584 contra
998 3550 1090 3597 uero„
1104 3535 1150 3599 qui
1170 3536 1198 3583 in
1216 3550 1265 3584 sex
1282 3536 1373 3584 noctis

228 3603 304 3652 horis
321 3603 519 3667 posterioribus
537 3610 678 3663 nascatur,
699 3618 731 3651 eo
750 3601 795 3651 die
813 3601 901 3651 uideri
920 3606 1024 3663 natum,
1045 3603 1092 3668 qui
1110 3609 1246 3667 posteram
1264 3609 1373 3652 noctem

231 3670 368 3719 diluxerit.
411 3669 596 3720 Athenienses
621 3676 713 3719 autern
737 3668 820 3719 aliter
842 3671 990 3719 obseruare
1015 3671 1086 3719 idem
1110 3671 1196 3720 Varro
1220 3671 1249 3719 in
1278 3671 1374 3719 eodem

229 3738 300 3786 libro
319 3737 441 3802 scripsit,
467 3753 568 3802 eosque
587 3754 604 3787 a
622 3737 680 3786 sole
699 3752 799 3786 occaso
818 3737 853 3785 ad
875 3737 962 3787 solem
983 3739 1081 3788 iterum
1102 3737 1274 3787 occidentem
1294 3753 1373 3787 omne

229 3804 257 3852 id
276 3804 394 3852 medium
411 3810 520 3870 tempus
537 3820 619 3854 unum
639 3805 710 3853 diem
730 3820 791 3854 esse
810 3805 912 3855 dicere.
949 3805 1119 3869 Babylonios
1156 3818 1217 3854 erro
1237 3805 1332 3855 aliter:
1357 3821 1399 3863 a,

230 3872 288 3920 sole
308 3871 379 3920 enim
399 3878 492 3922 exorto
512 3873 546 3922 ad
561 3878 682 3935 exortum
696 3872 818 3921 eiusdem
831 3872 1009 3937 incipientem
1024 3879 1109 3923 totum
1122 3822 1154 3921 ul
1160 3874 1279 3937 spatium
1292 3873 1374 3922 unius

230 3940 286 3989 diei
304 3939 414 3989 nomine
433 3940 590 4005 appellare3
615 3941 714 3989 multos
739 3954 804 3989 uero
828 3941 857 3989 in
881 3946 955 3989 terra
973 3941 1087 3989 Vmbria
1109 3955 1192 3988 unum
1211 3945 1239 3989 et
1258 3940 1373 3989 eundem

231 4004 302 4056 diem
321 4022 381 4056 esse
395 4007 487 4057 dicere
508 4023 524 4056 a
542 4007 654 4057 meridie
674 4006 709 4056 ad
722 4008 912 4071 insequentem
925 4008 1078 4057 meridiem:
1098 4006 1177 4068 Quod
1196 4008 1312 4071 quidem,
1332 4009 1372 4056 in-

231 4076 303 4138 quit,
328 4076 410 4124 nimis
428 4075 575 4124 absurdum
595 4080 644 4124 est.
680 4090 744 4123 narn
768 4076 814 4139 qni
831 4075 965 4124 Kalendis
984 4075 1052 4124 hora
1070 4080 1149 4123 sexta
1168 4075 1240 4139 apud
1258 4075 1373 4124 Vmbros

231 4148 312 4191 natus
332 4147 387 4204 cst,
412 4141 470 4196 dies
495 4143 554 4192 eius
577 4141 680 4191 natalis
703 4142 794 4192 uideri
811 4141 926 4192 debebit
947 4147 976 4192 et
993 4141 1180 4191 Kalendarum
1198 4141 1382 4195 dimidiarum.
1442 4208 1446 4211 Δ

319 4307 330 4358 1
343 4316 363 4353 a
376 4314 429 4354 om.
446 4292 522 4353 B¹M
534 4289 547 4377 11
562 4293 627 4354 solc
639 4297 663 4354 G
676 4288 690 4376 ΙΙ
706 4294 764 4355 aid
784 4304 831 4355 est
845 4305 942 4355 totum
953 4297 982 4353 B
995 4289 1009 4376 Η
1024 4293 1055 4353 id
1069 4313 1123 4353 om.
1136 4290 1175 4352 B¹
1194 4294 1234 4353 ad
1245 4298 1279 4353 M
1290 4289 1304 4377 Η
1320 4316 1373 4374 ap-

230 4378 429 4460 pellantumA
444 4375 457 4462 ΙΙ
473 4379 622 4457 aAegipti
633 4380 720 4453 (corr.
731 4399 766 4436 m.
777 4383 805 4454 2)
815 4381 850 4437 M
860 4374 873 4461 ΙΙ
890 4387 1054 4460 sequentes
1061 4382 1115 4438 ΑΒ
1129 4373 1144 4463 ΙΙ
1157 4380 1373 4440 trahuntGrr‘a-
