3186 4996
673 418 715 463 na
739 420 854 465 rosera
1001 426 1003 433 ⁴
1295 407 1333 468 13

273 566 392 632 Mimus
412 566 467 632 'est
485 566 643 639 ammonis
662 568 836 633 cuiuslibet
859 573 919 652 (et)
939 578 1046 637 motus
1066 571 1137 634 sino
1153 574 1335 637 reuerentia

135 728 161 758 ·.
186 678 220 733 et
241 669 479 737 factorumuet
498 655 642 755 turpium
654 682 730 737 curu
754 669 893 734 lasciuia
913 673 1067 755 imitatio,
1090 692 1110 734 a
1133 674 1269 737 Graecis
1288 676 1334 737 ita
1357 678 1359 681 ’

182 772 358 835 definitus:
400 769 498 853 μτμός
524 770 777 855 &octupiis-qaae
802 774 896 853 βίον,
911 768 968 836 *τά
996 795 1032 836 τε
1053 773 1334 858 συγκεχωρημένα

186 870 244 935 καὶ
268 864 488 955 ἄσογχώρητα
510 871 683 954 περιέχων.
712 872 830 935 mimus
852 874 958 937 dictus
979 867 1068 955 παρὰ
1090 866 1128 938 τὸ
1147 881 1333 958 μιμεῖσθαι,

164 974 285 1059 squeri
305 972 395 1037 solus
417 974 577 1055 imitetur,
599 996 671 1036 cum
695 982 727 1036 et
744 972 809 1035 alia
830 983 980 1059 poemata
997 976 1087 1039 idem
1102 976 1257 1063 taciantp
1276 976 1333 1040 scd

186 1075 278 1138 solus
300 1078 394 1159 quasi
417 1075 591 1160 priuilegio
611 1074 750 1160 quodam
778 1074 864 1160 quod
892 1070 954 1139 fuit
976 1074 1145 1141 communio
1171 1074 1332 1162 possedit:

184 1164 338 1239 similiter
359 1161 469 1263 atquo
484 1177 512 1238 is
541 1176 595 1259 qui
620 1197 751 1239 uersum
774 1175 854 1239 facit
881 1176 987 1241 dictus
1010 1174 1163 1261 ποιητής,
1201 1200 1273 1243 oum
1302 1188 1334 1241 et

186 1276 347 1357 artifices,
371 1299 442 1340 cum
466 1297 570 1363 aeque
592 1276 672 1361 quid
694 1276 829 1354 faciant,
851 1300 916 1342 non
930 1278 1092 1342 -dicantur
1112 1289 1238 1366 poetae.

190 1420 195 1427 -
274 1404 314 1441 *a
329 1377 475 1463 Togatae
498 1376 630 1441 fabulae
653 1376 820 1460 dicuntur,
853 1402 936 1465 quae
958 1382 1099 1468 scriptae
1122 1393 1198 1445 sunt
1219 1405 1332 1445 secun·

150 1480 266 1543 rodum
292 1481 375 1543 ritus
398 1490 430 1543 et
451 1478 596 1542 habitum
617 1478 781 1542 hominum
803 1489 1005 1566 togatorum,
1038 1483 1071 1545 id
1100 1491 1150 1548 est
1172 1484 1331 1551 Romanu·

186 1603 260 1665 rum
280 1618 318 1626 —
334 1591 412 1665 toga
425 1601 565 1666 namque
580 1580 729 1644 Romana
745 1590 795 1646 est
813 1620 850 1629 —
868 1583 952 1645 sicut
971 1583 1115 1648 Graecas
1138 1584 1267 1649 fabulas
1289 1587 1331 1650 sb

187 1682 301 1746 habitu
328 1702 430 1768 aeque
457 1681 610 1768 palliatas
638 1676 743 1751 Varro
766 1684 813 1744 ait
841 1684 1013 1747 nominari.
1062 1695 1199 1769 togatas
1213 1697 1331 1764 autem,
1356 1746 1360 1773 ,

186 1806 261 1847 cum
285 1785 338 1853 sit
355 1782 509 1868 generale
539 1804 673 1861 nomen,
703 1783 889 1868 specialiter
915 1793 1023 1849 tamen
1048 1808 1108 1873 pro
1136 1788 1332 1853 tabernariis

185 1907 252 1949 non
275 1885 371 1949 modo
399 1885 579 1949 communis
608 1906 698 1948 error
717 1896 867 1970 usurpat,
899 1887 955 1973 qui
977 1887 1095 1953 Afrani
1121 1897 1249 1973 togatas
1271 1910 1330 1973 m·
1417 1886 1421 1895 '

153 2009 177 2047 15
187 1986 306 2072 pellat,
329 1985 387 2048 scd
409 1996 442 2049 et
461 1989 593 2071 poetae,
615 1994 651 2048 ut
672 1984 844 2067 Horatius,
869 1990 925 2073 qui
944 1991 1006 2052 ait:

315 2086 369 2150 uel
391 2089 447 2173 qui
466 2095 655 2172 praetextas
674 2085 727 2150 uel
751 2089 807 2173 qui
830 2088 970 2153 docuere
992 2098 1131 2175 togatas.

163 2189 279 2251 ‘initio
303 2197 434 2273 togatae
463 2188 651 2252 comoediae
672 2187 880 2271 dicebantur,
910 2192 996 2276 quod
1019 2193 1128 2256 omnia
1150 2193 1183 2255 in
1205 2192 1330 2279 pulpito
1388 2260 1394 2271 ,

187 2289 352 2363 †thonors
362 2289 499 2359 confusa
507 2288 734 2353 cernebantur.
748 2311 830 2376 quac
838 2298 969 2375 togatae
980 2301 1093 2376 postea
1103 2294 1135 2355 in
1146 2302 1329 2378 praetexta-

186 2402 237 2452 tas
253 2398 286 2453 et
303 2388 503 2453 tabernarias
522 2390 763 2454 diuidebautur.
801 2402 984 2475 togatarum
1001 2393 1185 2457 fabularum
1204 2396 1329 2480 specics

154 2499 233 2555 ²⁰tot
251 2493 320 2555 fere
336 2500 413 2554 sunt
428 2503 507 2577 quot
522 2491 787 2579 etpalliatarum.
821 2515 895 2556 nam
910 2495 1015 2580 prima
1029 2496 1156 2579 species
1172 2506 1221 2558 ost
1239 2504 1330 2579 toga-

188 2712 295 2761 semper
317 2713 351 2746 ac
373 2698 531 2761 petulantes
550 2697 616 2747 deos
634 2699 735 2748 scimus
757 2716 831 2759 esso,
851 2701 976 2750 uocitata
1000 2699 1066 2751 est.’
1103 2702 1220 2752 'l'zctzes
1240 2719 1273 2752 π.
1300 2701 1327 2752 δ.

188 2780 279 2830 ποιητ.
303 2765 350 2814 125
368 2782 423 2830 sq.:
465 2758 497 2814 τὸ
520 2761 673 2828 σατυρικὸν
701 2758 731 2816 ἐκ
756 2762 884 2832 σατύρων
906 2758 1028 2833 εὑρέθη·
1046 2768 1049 2834 Ι
1064 2762 1130 2827 τοὺς
1151 2760 1271 2834 οἶγρόται
1297 2764 1329 2819 δὲ

187 2830 256 2896 πρὶν
274 2825 398 2882 ἐκάλουν
415 2825 569 2896 σατύρους
585 2832 589 2894 Ι
605 2825 636 2884 ἐκ
655 2832 745 2884 τοῖνδε
764 2833 834 2898 γοῦν
852 2824 955 2900 εὕρηκε
973 2829 1026 2901 τὴν
1044 2836 1143 2902 κλῆσιν
1163 2832 1238 2888 τόδε.

269 2900 362 2965 a-p.
386 2901 464 2960 int
499 2900 614 2951 Caesius
633 2902 735 2951 Bassus
753 2903 777 2951 V
795 2920 821 2967 p.
841 2902 889 2951 stt
910 2904 951 2952 ed.
974 2904 1076 2953 Gaist'.:
1104 2906 1247 2954 ‘Poeticae
1267 2922 1328 2969 spe·

187 2969 244 3016 cies
262 2969 391 3017 listinae.
416 2970 490 3033 Epos
507 2969 567 3029 siue
586 2968 767 3032 dactylicum,
789 2972 971 3034 epigramma,
997 2973 1131 3032 iambica,
1151 2972 1253 3035 lyrica,
1274 2980 1329 3021 tra·

186 3036 300 3099 poeuis,
319 3043 415 3152 ΒΨ
428 3036 509 3097 (immo
522 3036 672 3099 satyrica),
690 3044 880 3100 praetextata,
895 3040 1051 3099 comoedia,
1070 3041 1238 3099 tabernaria,
1253 3036 1327 3089 Atei·
1340 3037 1387 3097 d·

187 3102 264 3162 lana,
290 3103 374 3152 [thiat
394 3105 490 3165 oniea,
509 3103 604 3152 mimi)
628 3104 694 3153 cod.
714 3103 793 3153 Atilii
811 3106 1006 3155 Fortunatiani
1024 3108 1115 3155 Vatia.
1140 3106 1208 3155 5216
1230 3125 1255 3171 p.
1276 3109 1327 3156 Vll
1373 3118 1378 3125 '

187 3170 290 3220 (inissa
317 3171 451 3221 ‘Poescos
474 3188 578 3235 genera
607 3180 671 3220 sunt
693 3172 760 3220 tria:
785 3173 896 3223 actuale
919 3176 1089 3224 narratiuum
1113 3176 1328 3225 coniunctiuum.

274 3420 282 3469 1
298 3418 329 3468 ct
344 3412 498 3475 omABM
503 3455 509 3480 ,
529 3414 638 3468 addidit
652 3412 773 3469 latinius
780 3416 856 3484 prol.
875 3416 905 3468 in
923 3414 1006 3469 Pers.
1023 3433 1053 3486 μ
1070 3415 1204 3471 LXXXI
1209 3416 1245 3469 V:
1263 3412 1327 3471 imi-

186 3494 259 3551 tatio
283 3503 314 3552 et
330 3497 442 3552 licitiae
457 3490 469 3574 Η
485 3495 551 3552 siue
566 3514 644 3553 corr.
665 3496 730 3553 sine
750 3500 775 3553 Α
789 3516 862 3555 sene
877 3500 903 3552 Β
918 3490 932 3578 ss
946 3490 1007 3557 iot
1022 3499 1171 3556 factorum
1193 3497 1243 3555 uel
1267 3507 1328 3554 tur·

186 3579 266 3655 pium
281 3583 388 3652 scripsi
393 3604 402 3635 .·
423 3579 473 3636 uel
490 3580 638 3637 factorum
659 3588 690 3637 et
710 3582 840 3658 turpium
854 3584 943 3638 ΑΒΜ
953 3583 1003 3639 uel
1021 3583 1168 3639 factorum
1187 3592 1217 3639 ct
1233 3581 1327 3639 dicto·

186 3682 249 3719 rum
271 3663 401 3742 turpium
424 3666 535 3721 Keilius
549 3658 562 3743 Η
577 3674 594 3725 3
609 3664 714 3724 mimus
730 3664 850 3742 (mimos
873 3664 918 3742 M)
933 3664 949 3724 e
966 3667 996 3723 iu
1012 3667 1145 3724 mimesis
1168 3666 1327 3740 (minaeisis

186 3747 228 3824 M)
254 3747 372 3806 biutate
403 3749 624 3826 syncechorem
651 3747 904 3828 (synchechorcm
937 3750 977 3827 Β)
1008 3770 1123 3809 onacea
1153 3751 1328 3809 sinchorcta

187 3832 384 3912 (synchoreta
405 3832 445 3908 B)
460 3833 626 3911 periechon
642 3832 831 3911 (perdcchon
847 3834 892 3912 M)
909 3837 1016 3895 mimus
1033 3835 1328 3913 (mumusA)dict11s

186 3923 290 3994 parato
305 3916 457 3975 mimisthe
472 3920 560 3974 ΑΒΜ
576 3911 591 3999 ΙΙ
610 3919 726 3997 5quasi
740 3940 758 3977 a
772 3919 854 3979 solus
870 3924 895 3977 Α
911 3919 924 3998 [ξ
938 3934 953 3983 5
971 3940 1039 3978 cum
1052 3940 1083 3991 5:
1100 3941 1167 3979 cum
1184 3923 1272 3978 ΑΒΜ
1284 3918 1327 4004 117

186 3994 317 4081 ποιητής]
333 4010 422 4080 petes
436 4005 523 4060 ΑΒΜ
537 3999 549 4083 ΙΙ
564 4011 582 4062 8
595 4003 710 4062 fuciunt
725 4009 778 4061 ΑΒ
793 3999 806 4085 Η
831 4016 861 4066 10
877 4005 908 4064 id
929 4016 1061 4067 est-tl
1079 4013 1125 4065 est
1139 4027 1192 4065 om.
1210 4009 1245 4063 M
1260 4001 1274 4087 Η
1297 4017 1328 4068 tt

185 4096 270 4163 tegas
293 4098 396 4145 autom
413 4091 438 4143 Α
457 4082 471 4166 Η
494 4096 525 4149 14
548 4085 599 4166 qui
621 4087 741 4148 Afranii
768 4098 888 4166 togatas
910 4090 1046 4169 appellat
1067 4094 1247 4149 Bencensius
1264 4096 1326 4149 coll.
1370 4128 1374 4136 ·

184 4174 232 4229 tiu.
243 4192 276 4245 p.
294 4179 332 4230 1.·
348 4172 421 4251 quia
442 4174 527 4231 fauni
547 4178 666 4247 togatas
683 4172 778 4251 (togas
795 4173 862 4252 BM)
880 4175 1036 4254 appellant
1057 4178 1146 4233 ΑΒΜ
1181 4178 1231 4233 tria
1246 4178 1326 4233 Fau·
1376 4172 1378 4177 ’

185 4258 249 4315 nius
267 4266 390 4334 togatas
407 4258 544 4336 appellat
560 4276 578 4325 ς
596 4252 609 4335 Η
635 4268 665 4319 15
679 4256 836 4338 Horatius]
856 4263 890 4317 de
910 4270 974 4317 arte
991 4271 1065 4332 poet.
1090 4196 1183 4338 28Βῇ
1207 4267 1238 4319 17
1260 4259 1325 4335 pul-

183 4342 243 4419 pito
266 4345 389 4416 scripsi:
415 4341 537 4419 publico
565 4345 651 4400 ΑΒΜ
673 4337 687 4420 ΙΙ
715 4353 747 4405 18
767 4343 881 4401 honore
897 4362 1008 4419 quoque
1025 4354 1193 4416 corruptum
1216 4346 1322 4400 videtur
1361 4370 1365 4383 ·

183 4422 361 4505 [lpretextas
378 4427 413 4483 M
423 4426 437 4504 Η
453 4436 488 4488 20
502 4427 685 4505 pallatarum
709 4430 770 4485 ΑΜ
790 4428 972 4507 pollutarum
994 4431 1020 4484 B
1108 4468 1122 4489 0
