3186 4996
247 397 325 491 62Ι
476 456 484 471 ,
611 420 653 461 ns
677 421 762 464 vrars
786 422 999 465 rrnvsrarsrs
1108 420 1115 448 r

246 566 411 649 recitauit,
451 564 630 663 secundum
665 577 815 654 quartum
848 579 976 634 sextum
983 621 992 653 ,
1034 570 1091 635 sed
1123 570 1209 635 hunc
1242 568 1379 635 notabili

246 666 405 731 Octauiae
425 665 626 751 adfectione,
645 691 728 755 quae
748 693 822 734 cum
841 672 1023 736 recitationi
1045 673 1218 737 interesset
1242 673 1284 736 ad
1306 671 1380 735 illes

246 768 287 832 de
315 768 381 833 filio
411 789 469 832 suo
496 790 626 833 uersus:
670 775 725 834 ‘tu
758 771 932 836 Marcellus
965 774 1045 837 eris'
1081 772 1241 838 defecisse
1278 773 1381 837 fertur

245 879 342 954 atquc
368 891 464 953 aegre
492 869 639 935 focillate
657 880 717 936 est.
748 856 919 937 ⁸'recitauit
940 879 975 937 et'
1000 873 1163 960 pluribus,
1191 873 1248 939 sed
1274 894 1395 960 neque·

245 971 432 1058 frequenter
459 980 491 1035 ct
517 993 557 1035 ea
584 972 653 1037 fere
682 973 722 1037 de
745 975 863 1061 quibus
885 974 1087 1060 ambigebat,
1115 997 1179 1062 quo
1201 977 1305 1061 magis
1332 977 1401 1039 iu·a

246 1074 366 1138 dicium
388 1071 553 1139 hominurn
579 1076 791 1162 experiretur.
824 1076 956 1141 Erotem
983 1076 1150 1141 librarium
1173 1085 1204 1141 et
1229 1075 1379 1141 libertum

246 1176 315 1238 eius
344 1183 480 1238 exactae
505 1175 570 1238 iam
596 1177 773 1242 senectutis
795 1177 929 1241 tradunt
952 1179 1075 1243 referre
1106 1179 1253 1260 solitum,
1280 1188 1380 1263 querr-
1437 1218 1441 1225 -

245 1275 319 1340 dam
343 1292 416 1339 enm
438 1277 472 1341 in
497 1277 665 1342 recitando
690 1278 772 1343 duos
795 1279 981 1344 dimidiatos
1002 1301 1116 1344 uersus
1139 1279 1317 1366 complesse
1339 1300 1380 1342 ex

244 1386 404 1463 tempere:
422 1400 498 1442 nam
518 1400 591 1442 cum
620 1378 775 1444 hacteuus
802 1379 951 1445 haberet:
995 1381 1174 1446 ‘Misenum
1201 1378 1379 1448 Aeoliden'

244 1480 419 1544 adiecisse:
464 1488 547 1566 ‘que
568 1503 633 1545 non
660 1483 877 1567 praestantior
904 1480 1021 1565 alter'5
1059 1484 1137 1546 item
1163 1482 1256 1546 huie:
1286 1489 1415 1547 ‘aercro

244 1564 331 1646 ciere
358 1582 462 1646 uiros’
490 1581 588 1645 simili
610 1581 718 1647 calere
749 1581 869 1646 elatum
897 1582 1122 1648 subiunxisse:
1161 1583 1380 1670 ‘Martemque

244 1683 568 1761 accendere'eantu’,
584 1686 758 1769 statimque
774 1683 837 1747 sibi
849 1686 1045 1771 imperasse,
1058 1696 1095 1749 ut
1106 1694 1278 1772 utrumque
1289 1685 1379 1748 uelu-

226 1786 323 1850 *mini
341 1784 552 1850 adscriberet.
568 1772 683 1849 lAnno
698 1787 816 1849 aetatis
832 1787 1100 1872 quinquagesimo
1122 1786 1264 1852 seeundo
1280 1786 1378 1871 impe·

244 1889 364 1953 siturus
372 1887 512 1952 Aeneidi
525 1909 683 1952 summam
694 1908 823 1950 manum
836 1888 947 1952 statuit
959 1886 1170 1952 inGraeciam
1183 1901 1215 1952 et
1226 1887 1379 1952 iuAsianr

243 1990 396 2055 secedere
416 1990 620 2076 triennioque
644 1990 798 2054 continuo
821 1989 902 2052 nihil
921 1987 1062 2076 amplius
1077 2012 1173 2075 quam
1196 1989 1379 2072 emendare,
1392 2014 1415 2054 a

243 2101 280 2155 ut
309 2090 434 2177 reliqua
460 2092 529 2154 uita
554 2100 680 2154 tanturn
708 2089 931 2175 philosophiae
959 2100 1108 2154 uacaret:
1151 2091 1207 2155 sed
1238 2113 1310 2154 euru
1333 2092 1379 2153 in·

242 2214 373 2278 gressus
395 2193 457 2257 iter
477 2192 615 2256 Athenis
639 2193 834 2257 occurrisset
855 2191 1005 2276 Auguste
1033 2192 1075 2255 ab
1096 2195 1221 2257 oriente
1244 2192 1380 2256 Romam

151 2376 155 2385 Ι
242 2296 417 2359 reuertenti
447 2295 689 2380 destinarctque
718 2316 783 2358 non
815 2291 974 2356 absistere
1004 2302 1101 2378 atque
1127 2295 1224 2358 etiam
1245 2316 1311 2357 una
1331 2316 1379 2357 re·

244 2395 330 2478 dirc,
379 2396 455 2460 dum
483 2394 619 2480 Megara
656 2395 799 2458 uieinnrn
837 2394 991 2480 oppidum
1030 2394 1273 2460 feruentissimo
1312 2395 1380 2459 sole

328 2651 340 2703 l
359 2670 419 2719 sqq.
449 2653 559 2703 Servius
572 2652 639 2702 Aen.
653 2652 691 2702 VI
703 2650 766 2700 802:
799 2651 835 2701 ‘et
849 2658 958 2701 constat
969 2652 1041 2701 hane
1054 2652 1152 2702 librum
1166 2658 1245 2703 tanta
1262 2668 1378 2718 pronun·

242 2721 358 2771 tiatienc
376 2726 498 2784 Anguste
517 2728 545 2769 ct
562 2721 698 2769 Octaviae
718 2736 778 2769 esse
797 2722 958 2782 recitatum,
985 2726 1016 2769 ut
1028 2721 1092 2769 fletu
1111 2722 1195 2770 nimie
1214 2722 1380 2785 imperarent

241 2791 379 2840 silentium
387 2826 403 2880 ’s
413 2790 468 2838 nisi
481 2788 612 2853 Virgilius
631 2788 711 2837 linem
730 2804 791 2837 csse
809 2788 932 2851 dixisset,
953 2789 998 2852 qni
1017 2805 1065 2853 pre
1084 2789 1134 2837 hoe
1154 2805 1217 2838 aere
1236 2791 1314 2852 graui
1333 2789 1379 2837 do-

242 2863 411 2989 natusieddq.
436 2924 547 2973 Servius
560 2924 628 2972 Aen.
641 2923 679 2972 VI
694 2922 754 2972 llh'r:
780 2925 949 2987 Martemque
964 2923 1116 2972 accendere
1134 2922 1226 2989 cautu]
1247 2925 1377 2974 ‘hemisti-

242 2994 332 3043 chium
351 2993 400 3041 hee
420 2992 520 3041 dieitur
539 2991 677 3040 addidisse
696 2992 757 3040 dum
770 2994 893 3056 Augusto
912 2991 983 3039 bunc
998 2999 1104 3041 sextum
1122 2992 1220 3041 librum
1233 2995 1379 3053 recitarem

165 3060 168 3068 ⁴
240 3078 304 3110 nam
322 3066 386 3110 ante
405 3059 607 3109 hemistichium
628 3060 747 3121 lecerat,
772 3060 902 3110 dicende:
926 3060 995 3107 Aere
1021 3061 1093 3108 eiere
1116 3062 1204 3121 viros;
1231 3070 1328 3125 postea
1351 3062 1378 3109 in

241 3129 399 3195 praeseutia
411 3128 528 3191 Augusti
547 3144 579 3176 ex
598 3127 769 3177 abundantia
788 3127 945 3176 intellectus
963 3127 1189 3178 addiditsnhito:
1209 3130 1378 3194 Martemque

242 3197 393 3247 accendere
412 3199 513 3246 cantu*

241 3333 272 3340 —-

327 3431 337 3480 1
363 3417 528 3478 secuudum
547 3416 693 3476 uidelicet
710 3412 754 3499 5ss
768 3417 848 3475 hune
874 3418 1038 3495 praecipuo
1061 3417 1098 3475 oh
1121 3418 1279 3477 Octauiam
1296 3415 1339 3496 ‘a'll
1358 3426 1375 3478 2

240 3506 401 3564 affectione
429 3508 456 3561 B
470 3498 489 3586 ΙΙ
511 3513 528 3565 4
546 3503 682 3561 focillate
704 3507 731 3561 B
753 3502 879 3561 focilata
899 3504 924 3559 R
947 3502 1121 3562 refocillata
1146 3500 1190 3585 ςΙΙ
1206 3503 1379 3562 refocillata

240 3592 320 3649 dena
334 3589 475 3649 sestertia
484 3609 538 3667 pro
555 3587 673 3664 singulo
694 3608 784 3646 uersu
803 3586 928 3662 Virgilio
944 3586 1008 3645 dari
1033 3589 1149 3657 iussitq
1168 3584 1181 3670 ll
1203 3601 1218 3648 ὁ
1235 3600 1265 3647 et.
1281 3590 1376 3647 ferrus

239 3676 292 3734 illa
308 3670 351 3755 ςΙΙ
366 3683 381 3737 7
399 3675 551 3755 quondam
570 3676 617 3741 Βς
636 3674 757 3751 quando
772 3676 799 3729 B
814 3667 827 3753 ll
842 3682 859 3733 8
876 3672 907 3729 in
922 3672 1076 3731 recitando
1093 3692 1161 3731 eum
1179 3695 1196 3742 ς
1210 3669 1223 3754 Η
1238 3684 1254 3735 9
1272 3675 1376 3732 misse·

239 3763 351 3818 numll
373 3755 387 3841 ΙΙ
406 3759 566 3818 Aeolidem
582 3762 610 3817 B
629 3759 642 3837 {i
665 3771 698 3822 10
712 3756 779 3837 crel
796 3754 906 3835 crjlere
925 3758 1018 3833 (sie)R
1039 3754 1052 3838 ll
1075 3768 1102 3819 Η
1129 3758 1242 3816 elatum
1257 3763 1362 3832 scripsi
1369 3784 1378 3816 :

239 3846 385 3904 laetatum
400 3847 455 3902 BR
465 3844 607 3903 iactatum
625 3853 783 3914 §actutum
794 3845 983 3900 Burmannus
998 3838 1016 3925 ll
1028 3853 1060 3904 13
1072 3842 1237 3907 ascriberet
1254 3845 1281 3900 R
1296 3839 1308 3924 ll
1325 3844 1376 3902 ad·

239 3929 394 3991 scriberet.
406 3929 551 3988 lincoliae
565 3929 777 4007 Georgicaqae
793 3925 977 3986 emendauit.
1001 3948 1078 3987 amre
1093 3947 1166 3986 uero
1185 3949 1202 3997 ς
1215 3923 1227 4009 ll
1243 3928 1377 3986 secunde

239 4024 272 4073 ut
287 4015 422 4074 ultimam
434 4034 555 4073 manum
570 4014 702 4073 Aeneidi
718 4015 884 4090 imponeret
902 4008 944 4091 ςΗ
961 4022 994 4074 14
1008 4033 1123 4071 summe
1138 4033 1229 4071 manu
1247 4016 1301 4071 BR
1318 4009 1330 4095 ll
1342 4023 1377 4083 ct

238 4100 343 4160 Asiam
361 4095 405 4181 ςΙι
422 4112 452 4165 15
470 4100 661 4177 triennioque
677 4099 817 4156 continuo
836 4117 954 4155 ornnem
970 4104 1092 4176 operam
1109 4097 1255 4156 liuratioui
1272 4099 1344 4157 dare
1363 4119 1380 4168 ς

240 4182 252 4267 l!
269 4185 397 4244 triennio
414 4203 534 4264 quoque
551 4186 577 4241 R
592 4180 604 4264 ll
621 4183 748 4262 amplius
766 4203 819 4241 orn.
838 4184 864 4238 R
879 4178 891 4262 l}
911 4191 941 4245 16
953 4184 983 4241 iu
998 4182 1116 4262 reliqua
1127 4203 1144 4253 ς
1157 4177 1170 4263 ll
1185 4183 1379 4261 philosophia

239 4275 267 4329 B
281 4268 294 4352 ΙΙ
312 4280 344 4332 18
364 4270 530 4329 reuertenti
551 4288 612 4326 una
628 4288 694 4327 cnm
714 4268 847 4327 Caesare
863 4266 962 4327 redire
979 4268 1158 4327 destinauit·
1186 4276 1218 4325 at
1233 4290 1298 4326 eum
1313 4271 1377 4327 lle·

238 4377 313 4433 gara
335 4356 465 4413 uicinum
486 4353 616 4411 Athenis
642 4353 784 4432 oppidum
808 4351 925 4410 uisendi
948 4354 1046 4429 gratia
1067 4354 1290 4413 feruentissime
1313 4353 1377 4412 sele

174 4438 177 4444 ‘
237 4449 373 4520 peteret,
392 4439 569 4516 languorem
586 4447 694 4498 nactus
714 4448 761 4497 est
775 4457 864 4516 quem
889 4458 907 4505 ς
