3186 4996
215 299 257 362 56
520 309 523 315 '
586 321 628 360 os
653 321 739 360 vnns
763 320 974 360 rnsvsramvs

217 472 354 554 Corpore
383 475 414 529 et
440 475 564 529 statura
592 466 654 530 fuit
680 466 829 551 grandis,
858 466 966 553 aquilo
993 466 1116 548 colora,
1144 464 1228 530 facie
1256 467 1350 531 rusti-

216 591 312 650 cana,
342 567 530 632 ualetudine
559 568 665 630 uaria:
714 590 788 631 nam
817 567 1006 655 plerumque
1036 592 1056 631 a
1084 567 1248 633 stomacho
1275 577 1307 632 et
1331 591 1351 632 a

216 670 367 735 faucibus
391 691 429 733 ac
451 669 561 733 dolore
585 669 700 755 capitis
723 669 907 750 laborabat,
932 672 1122 754 sanguinem
1137 672 1233 734 etiam
1255 677 1351 757 saepe

215 773 343 837 reiecit:
367 771 432 835 eibi
455 771 588 857 uinique
603 772 743 847 minimi,
764 770 909 835 libidinis
931 773 964 835 in
980 794 1097 857 pueros
1112 773 1259 859 pronior,
1276 795 1351 858 quo-

302 978 315 1028 l
329 994 368 1042 sq.
388 978 540 1044 Porphyris
552 979 617 1028 Hor.
632 983 684 1027 sat.
698 978 711 1027 1
728 977 756 1039 3,
770 978 815 1029 32:
830 979 885 1028 ‘hic
898 979 1000 1028 dicitur
1011 978 1121 1044 pulsare
1133 979 1293 1044 Virgilium,
1307 979 1351 1044 qui

216 1047 340 1103 §decori
360 1054 388 1105 et
404 1046 526 1112 corporis
545 1054 573 1095 et
591 1045 701 1095 babitus
715 1046 785 1095 fuit·
805 1047 906 1097 Conrm.
920 1047 1001 1111 Cruq.
1021 1048 1086 1097 Hor.
1100 1053 1152 1097 sat.
1172 1048 1228 1109 15,
1247 1046 1280 1095 48
1297 1064 1350 1111 sq:

205 1114 261 1164 ·‘se
290 1117 331 1164 ait
360 1115 472 1179 lippum,
501 1114 647 1178 Virgilium
677 1120 768 1164 autem
791 1114 916 1175 crudum3
946 1114 1093 1164 laborabat
1123 1117 1195 1165 enim
1218 1115 1352 1165 stomachi

217 1183 367 1241 cruditate,
391 1182 461 1247 quod
481 1182 571 1231 cibum
594 1182 732 1247 ingestum
750 1181 900 1232 difficulter
922 1188 1124 1249 concoqueret'
1159 1184 1250 1233 Acron
1273 1182 1351 1232 adh.

215 1249 249 1300 l.:
286 1250 340 1300 ‘Ad
357 1249 503 1315 Virgilium
521 1250 623 1311 retulit,
643 1250 714 1314 quod
731 1250 846 1301 difficile
864 1251 1019 1317 digerebat.
1044 1251 1189 1301 dicebatur
1208 1251 1280 1301 enim
1297 1256 1351 1301 sto·

216 1319 343 1368 maehum
361 1318 453 1367 dolere
472 1317 629 1383 Virgilius*

381 1457 415 1464 -

216 1538 297 1621 quod
320 1560 386 1597 cnm
406 1540 551 1616 magister
571 1539 682 1598 stabuli
707 1539 846 1638 Augusto
869 1540 1029 1599 recitasset
1037 1539 1251 1620 ,duplicari
1243 1540 1300 1619 ipsi
1321 1541 1353 1598 in

216 1623 386 1684 mercedum
401 1645 496 1703 panes
508 1625 605 1684 iussit.
634 1619 782 1683 camitem
802 1644 838 1684 ex
851 1626 1002 1725 Hispania
1017 1626 1154 1702 Augusto
1169 1646 1261 1683 canes
1274 1624 1352 1684 dono

215 1712 404 1769 mitterentur
421 1720 451 1768 ct
467 1720 610 1788 parentes
630 1730 733 1768 eorum
746 1708 822 1768 dixit
843 1719 873 1768 et
895 1711 1026 1769 animum
1041 1710 1290 1791 celeritatemque
1307 1711 1351 1767 su·

216 1807 403 1875 tutamque
421 1794 541 1871 cognito
554 1794 711 1853 mandatit
700 1803 796 1853 terum
808 1796 935 1871 Virgilio
948 1815 1042 1873 panes
1059 1795 1215 1874 duplicari.
1234 1794 1350 1857 dubit-

216 1880 261 1938 uit
285 1880 442 1978 Augustus
465 1878 627 1939 Octauiine
648 1878 727 1937 filius
748 1888 829 1937 asset
851 1901 890 1938 en
911 1880 1052 1939 alterius.
1067 1880 1177 1979 'idque
1196 1862 1354 1939 Maronem

216 1965 335 2043 aperire
355 1984 444 2043 posse
460 1964 623 2024 arbitratus
641 1975 703 2037 est,
730 1964 802 2043 quia
825 1984 930 2039 canum
954 1974 984 2023 et
1004 1966 1080 2045 equi
1090 1974 1228 2023 naturam
1238 1984 1352 2064 ..paren

216 2060 324 2130 tesqua
343 2059 497 2126 cognorat.
533 2051 639 2109 amotis
652 2050 743 2126 igitur
754 2049 890 2107 omnibus
904 2049 1024 2108 arbitris
1039 2049 1142 2108 illum
1134 2070 1165 2108 m
1176 2050 1354 2128 penitiorem

216 2144 333 2213 partem
351 2133 457 2193 domus
469 2144 559 2193 vocat
571 2143 602 2194 et
615 2132 713 2192 solum
729 2142 816 2211 rogat
828 2155 867 2193 au
882 2136 959 2193 sciat
974 2136 1112 2213 quisnam
1130 2143 1212 2192 esset
1223 2144 1253 2193 et
1264 2154 1355 2214 quam

217 2219 255 2277 ad
268 2218 460 2279 felicitandos
472 2219 609 2278 homines
621 2219 797 2277 facultatem
808 2218 943 2280 haberet.
962 2221 1074 2292 ‘noui,'
1089 2221 1186 2298 inquit
1197 2220 1294 2292 Mara
1310 2221 1352 2277 ‘te
1402 2212 1405 2221 '

217 2306 333 2364 Caesar
348 2305 487 2381 Auguste
506 2315 535 2363 et
552 2306 647 2365 ferme
664 2324 791 2384 aequem
803 2324 872 2362 cum
884 2304 930 2363 dis
943 2303 1161 2363 immortalibus
1173 2312 1355 2382 potestatem

215 2389 329 2449 habere
345 2398 378 2447 ut
393 2391 529 2469 quemuis
547 2389 668 2448 felicem
679 2390 799 2447 facias'
821 2391 868 2447 ‘eo
886 2389 985 2448 animo
997 2392 1091 2461 sum',
1108 2388 1265 2468 respondit
1278 2388 1354 2447 Cae-

120 2543 124 2550 .
216 2495 280 2547 sar,
297 2475 347 2532 ‘ut
358 2475 384 2532 si
399 2493 505 2533 uerum
519 2495 571 2552 pro
586 2484 692 2552 rogatu
706 2474 820 2556 dixeris
835 2473 957 2533 beatum
969 2483 1000 2533 te
1013 2472 1195 2555 felicemque
1206 2473 1366 2545 reddam?

215 2560 364 2630 ‘utinam',
381 2560 423 2617 ait
438 2560 534 2631 Maro,
555 2560 766 2635 ‘interroganti
782 2558 836 2617 tibi
851 2578 925 2618 nera
941 2559 1042 2619 dicere
1057 2560 1190 2638 queam'
1209 2568 1279 2617 tunc
1292 2560 1355 2617 Au-

215 2654 336 2721 gustus:
371 2644 628 2721 ‘putautaliime
647 2654 750 2702 natum
767 2642 911 2702 Octauio:
943 2643 1065 2723 quidam
1082 2645 1274 2722 suspicantur
1295 2645 1354 2702 alio

215 2749 264 2787 me
275 2729 410 2806 genitum
426 2729 517 2787 esse.'
529 2729 616 2787 Maro
629 2727 797 2798 subridens,
814 2728 942 2800 ‘facile'‚
958 2729 1063 2807 inquit,
1081 2730 1116 2786 ‘si
1128 2731 1248 2807 impune
1261 2728 1354 2787 licen·

216 2823 322 2894 terque
338 2813 421 2893 loqui
434 2813 534 2885 iubes,
546 2812 578 2871 id
593 2812 714 2871 dicam.²
744 2813 874 2872 affirmat
891 2812 1006 2873 Caesar
1021 2815 1084 2871 inre
1099 2813 1225 2873 iurando
1240 2814 1354 2872 nullum

217 2900 282 2957 eius
305 2898 417 2956 dictum
436 2918 528 2975 aegre
543 2898 688 2968 laturum,
709 2899 798 2956 immo
820 2918 879 2955 non
896 2899 956 2956 nisi
972 2898 1114 2957 donatum
1131 2899 1168 2957 ab
1188 2919 1223 2957 eo
1241 2898 1354 2957 disces-

216 3004 326 3041 surum.
345 2983 383 3042 ad
399 2983 475 3042 haec
491 2983 595 3040 oculos
611 2983 706 3041 oculis
719 2982 849 3059 Augusti
864 2983 992 3059 infigens
1004 2984 1104 3056 Maro,
1123 2984 1285 3055 ‘facilins'‚
1303 2985 1354 3052 ait,

217 3069 266 3126 <iu
289 3070 399 3127 ceteris
415 3068 594 3127 animalibus
609 3068 772 3147 qualitates
790 3078 950 3147 parentum
964 3087 989 3127 a
1008 3069 1228 3128 mathematicis
1248 3077 1278 3127 et
1290 3067 1354 3147 phi-

215 3153 349 3232 losophis
375 3155 517 3231 cognosc-i
539 3162 681 3232 possunt:
719 3155 750 3211 in
769 3152 890 3212 homine
912 3174 1105 3235 nequaquam
1131 3153 1276 3232 possibile
1300 3163 1354 3211 est.

216 3238 270 3297 sad
290 3238 327 3296 de
346 3247 377 3297 te
394 3240 595 3297 coniecturam
613 3237 710 3297 habeo
727 3239 855 3296 similem
870 3239 937 3297 ueri
950 3248 984 3297 ut
999 3238 1071 3317 quid
1087 3240 1258 3297 exercuerit
1271 3246 1357 3316 pater

216 3333 285 3382 tuus
306 3325 384 3382 scire
398 3325 534 3401 possim?
562 3331 677 3382 attente
693 3322 875 3401 expectabat
891 3323 1046 3401 Augustus
1066 3323 1210 3404 quidnam
1229 3323 1355 3381 diceret.

215 3418 247 3468 at
264 3408 332 3467 ille:
351 3409 509 3488 ‘quantum
526 3428 582 3483 ego
594 3428 657 3466 rem
671 3409 842 3484 intelligere
859 3428 991 3486 possum,
1005 3408 1127 3487 pistoris
1142 3408 1221 3467 filius
1238 3409 1293 3478 es’,
1311 3407 1355 3463 iu-

215 3495 288 3575 quit.
316 3492 513 3572 obstupuerat
525 3493 640 3569 Caesar
650 3502 681 3551 ct
695 3495 796 3552 statim
809 3512 868 3572 quo
884 3493 914 3552 id
928 3503 1017 3571 pacto
1034 3494 1097 3551 lieri
1109 3494 1241 3571 potuerit
1257 3492 1355 3551 animo

215 3577 367 3638 uoluebat.
383 3580 607 3657 interrumpens
618 3578 774 3655 Virgilius,
791 3577 903 3650 ‘eudi,’
921 3580 1032 3659 inquit,
1048 3579 1120 3658 ‘qno
1133 3586 1222 3659 pacto
1239 3576 1270 3634 id
1285 3596 1354 3633 con-

215 3664 294 3722 iicio.
339 3684 406 3722 eum
434 3663 586 3744 quaedam
612 3664 796 3724 enunciarim
821 3663 1084 3742 praedixerimque
1116 3683 1195 3741 quae
1227 3660 1355 3736 intelligi

215 3748 347 3827 scirique
368 3750 507 3808 nonnisi
531 3747 568 3806 ab
591 3749 698 3807 erudit
678 3749 800 3806 t1ssimis
823 3750 1006 3829 summisque
1022 3748 1094 3806 uiris
1108 3748 1293 3825 potuissent,
1324 3754 1355 3802 tu

215 3835 355 3911 princeps
371 3833 490 3893 orbis't
468 3857 479 3892 ι
480 3844 538 3892 tem
555 3842 585 3891 et
601 3836 673 3891 item
686 3854 781 3911 panes
797 3833 826 3891 in
842 3828 1021 3892 mercedem
1029 3832 1095 3891 dari
1111 3831 1244 3891 iussisti:
1274 3829 1355 3910 quod

215 3917 337 3997 quidem
355 3929 406 3977 aut
424 3919 485 3998 pist
487 3918 545 3976 oris
562 3927 614 3975 aut
628 3919 692 3976 nati
708 3918 821 3997 pistore
835 3918 967 3976 officium
984 3926 1057 3976 erat.
1061 3917 1215 3997 'placuit
1204 3916 1356 3976 thesari

216 4004 338 4063 facetia
370 4006 414 4062 ‘at
429 4003 606 4081 deinceps
627 4003 724 4081 inquit
741 4003 907 4075 Caesar
916 4024 975 4061 non
998 4003 1144 4081 apistore
1169 4001 1224 4059 sed
1246 4022 1265 4059 a
1283 4019 1356 4076 rege

215 4089 406 4165 magnanimo
428 4088 507 4146 dona
522 4088 634 4146 feres':
667 4086 813 4167 illumque
836 4088 956 4165 plurimi
973 4088 1046 4146 fecit
1069 4096 1100 4146 et
1088 4086 1250 4145 tPollioni
1273 4105 1354 4143 corn-

215 4172 371 4231 meudauit
393 4194 412 4242 ς
432 4167 444 4253 ll
468 4184 477 4233 1
503 4171 610 4248 grandi
628 4192 646 4240 ς
664 4166 682 4266 ll
700 4173 801 4252 aquilo
824 4176 943 4231 Daniel:
970 4173 1065 4251 aquili
1083 4175 1109 4229 B
1126 4171 1259 4251 aquilino
1286 4172 1332 4238 ae
1349 4166 1357 4247 ll

215 4266 276 4316 tet
291 4257 429 4315 saucibus
446 4278 464 4326 ς
477 4253 490 4338 ll
505 4251 639 4317 tcibu
611 4261 781 4336 urnaqueR
798 4253 810 4339 ll
825 4258 950 4317 minimi
957 4278 986 4327 ς.·
1003 4257 1123 4317 minime
1135 4260 1191 4316 BR
1206 4251 1219 4337 ll
1234 4255 1356 4334 pronior

215 4343 242 4399 R
257 4344 387 4420 pronior.
404 4341 451 4399 his
469 4346 495 4399 B
509 4342 658 4420 pronioris
675 4337 717 4424 ςΙΙ
734 4340 922 4401 ltb1d1nre'm
937 4362 1047 4421 pueros
1068 4342 1205 4422 pronior,
1231 4361 1355 4421 quornm
