3202 4998
699 437 804 477 enarr
827 437 839 476 1
1274 418 1334 480 397

203 582 259 641 sed
273 583 393 659 langius
409 584 500 642 etiam
516 603 679 662 progressa
694 595 741 644 est
757 586 839 645 vitae
855 585 1049 663 depravatio:
1072 584 1171 645 foedis
1192 588 1271 645 enim
1292 589 1336 646 in-

137 708 141 714 ’
202 673 328 765 quinnta
347 695 393 743 est
413 684 696 763 interpolationibus
717 687 827 766 partim
847 687 891 747 eis
912 706 990 765 qnae
1018 707 1055 745 ex
1080 687 1203 747 scholiis
1226 696 1337 766 poetae

203 787 317 864 petitae
338 785 494 857 videntur,
516 786 625 863 partim
649 789 693 846 eis
717 807 796 867 quae
818 807 963 866 perverso
992 788 1210 866 interpretandi
1237 788 1351 851 studio,

202 894 381 963 procreatae
393 893 472 944 sunt.
494 905 563 943 narn
579 885 632 945 illa
648 907 727 966 qnae
745 886 782 945 de
795 886 928 948 Cornuto
944 887 1103 947 traduntur
1120 886 1163 968 (p.
1177 897 1220 959 73,
1235 888 1337 966 ηερ.)

202 1006 342 1066 quaeque
365 988 470 1044 mirum
487 986 519 1045 in
534 986 654 1046 modum
677 987 732 1047 sed
754 1008 789 1047 co
811 1009 870 1067 quo
890 987 1038 1047 emblema
1053 990 1199 1066 prodatur
1220 1010 1280 1048 non
1295 988 1337 1046 ibi

202 1088 302 1165 posita
330 1095 413 1161 sunt,
441 1087 493 1147 nbi
520 1090 618 1166 prima
641 1089 753 1148 mentio
776 1089 948 1169 philosophi
974 1091 1059 1149 facta
1083 1098 1163 1162 erat,
1192 1109 1230 1147 ex
1256 1088 1337 1147 male

203 1189 314 1266 scripto
337 1188 453 1247 scholio
475 1189 585 1247 hausta
606 1189 763 1262 videntur,
789 1191 870 1269 qnod
892 1212 929 1251 ca
951 1192 1069 1250 ratione
1094 1191 1252 1261 restituas,
1278 1209 1338 1267 qna

202 1291 346 1350 Pithoeus
375 1300 406 1349 et
431 1291 592 1349 Martinins
624 1289 717 1350 Probi
748 1290 843 1350 verba
872 1292 1034 1352 emendare
1059 1290 1117 1349 sibi
1145 1290 1335 1349 videbantur.

203 1392 242 1449 ad
256 1392 338 1451 idem
351 1390 592 1469 interpolationis
607 1412 704 1469 genus
720 1391 914 1469 referendum
926 1401 973 1451 est
986 1384 1062 1450 illud
1075 1394 1230 1465 Chrysippi
1244 1411 1272 1469 p.
1292 1396 1336 1462 7⁴,

204 1504 250 1564 14,
269 1492 350 1572 quod
367 1497 553 1568 septingentis
569 1494 657 1553 Persi
676 1496 756 1550 libris
771 1492 908 1551 additum
925 1500 980 1551 est.
1010 1513 1080 1550 nam
1095 1512 1162 1550 cnm
1178 1491 1227 1549 hic
1240 1490 1336 1569 Chry·

202 1595 283 1672 sippi
311 1592 455 1651 librorum
480 1614 623 1654 numerus
649 1595 745 1653 fnisse
776 1594 926 1667 tradatur,
953 1594 1060 1653 mirum
1088 1613 1162 1652 vero
1189 1601 1285 1665 essct,
1312 1593 1336 1650 si

201 1695 326 1753 Persius
347 1714 450 1753 omncs
471 1695 644 1775 philosophi
666 1696 758 1756 libros
782 1696 971 1776 possedisset
997 1715 1097 1773 nequo
1119 1694 1196 1754 alins
1224 1694 1338 1772 scripta

202 1796 233 1852 in
252 1795 437 1854 bibliotheca
454 1806 510 1854 sna
527 1796 700 1872 habuisset,
717 1799 862 1858 debemus
877 1798 936 1855 huc
951 1795 1078 1854 verbum
1094 1816 1160 1853 cnm
1180 1794 1216 1855 Ο.
1229 1795 1336 1854 Iahnio

202 1917 221 1954 a
244 1897 339 1956 sciolo
362 1897 547 1975 adscriptum
572 1918 639 1957 esse
661 1908 785 1977 putare:
810 1898 865 1958 sed
889 1897 1033 1975 repetivit
1055 1897 1080 1954 is
1104 1896 1183 1954 hanc
1200 1894 1337 1952 notitiam

203 2017 241 2056 cx
257 1998 372 2056 scholio
387 2007 444 2057 sat.
460 1998 505 2056 VI
519 2007 554 2059 80
570 2019 649 2057 nunc
667 1999 789 2080 quidem
809 1997 983 2077 deperdito,
1001 1995 1052 2053 ubi
1073 1994 1230 2053 commode
1252 2004 1336 2071 pota·

202 2107 271 2157 rant
291 2099 361 2157 libri
380 2097 553 2176 philosophi
578 2102 815 2158 commemorari.
851 2097 1116 2176 interpolationem
1138 2095 1263 2153 alterius
1284 2113 1336 2169 ge·

201 2201 283 2258 neris
301 2198 472 2278 repperisse
488 2198 594 2258 videor
607 2201 637 2258 in
654 2200 721 2258 loeo
738 2220 825 2278 quem
841 2200 899 2258 viri
915 2198 995 2256 docti
1012 2197 1164 2276 exquisita
1178 2214 1237 2251 non
1252 2213 1335 2251 nnm-

202 2321 292 2379 quam
309 2299 364 2358 sed
380 2300 492 2358 frustra
519 2298 656 2358 adhibita
677 2300 815 2359 doctrina
829 2320 937 2359 sanare
955 2297 1144 2358 studuerunt.
1173 2302 1243 2353 sunt
1259 2295 1338 2352 enim

203 2400 358 2460 celebrata
382 2400 436 2457 illa
458 2398 555 2459 verba
579 2422 609 2479 p.
627 2408 677 2473 74,
698 2410 801 2480 20sq.:
826 2407 986 2475 scripserat
1012 2404 1041 2456 in
1066 2401 1193 2471 pueritia
1214 2400 1338 2454 Flaccus

202 2506 287 2561 etiam
303 2510 489 2575 praetextam
511 2507 615 2561 asama.
656 2523 765 2581 nempe
788 2505 818 2561 in
841 2507 935 2562 irescio
956 2519 1023 2559 cum
1047 2498 1140 2558 index
1160 2495 1337 2574 tragoediae

202 2603 299 2662 latere
316 2603 485 2675 videretur,
509 2623 568 2682 qno
584 2602 664 2661 hnnc
681 2603 891 2675 restituerent,
909 2622 990 2661 nova
1010 2619 1129 2678 semper
1150 2600 1237 2657 novis
1259 2618 1337 2657 com·

203 2704 312 2762 mentis
339 2701 444 2760 addita
469 2712 547 2761 sunt.
585 2703 725 2782 equidem
747 2703 862 2762 nullum
881 2688 1006 2762 titulum
1030 2702 1173 2761 traditum
1195 2719 1263 2759 esse
1286 2709 1339 2758 aut

204 2812 286 2862 certo
311 2824 327 2863 e
350 2809 444 2862 nescio
465 2825 524 2862 non
546 2823 636 2882 posse
657 2824 724 2862 enm
746 2805 919 2884 recuperari
940 2805 1048 2884 quovis
1069 2804 1195 2881 pignora
1213 2809 1337 2859 conten·

205 2904 290 2981 dam3
317 2906 430 2985 quippe
448 2905 529 2985 qnod
549 2913 645 2963 ortum
668 2908 708 2963 sit
730 2926 768 2964 ex
787 2906 892 2983 glossa
911 2903 1082 2964 huiusmodi
1102 2912 1259 2977 praetexta
1276 2921 1339 2961 ues-

203 3014 254 3078 tis,
275 3010 359 3067 cuins
380 3007 495 3065 similes
511 3006 588 3064 adeo
607 3008 811 3066 correctiones
830 3008 860 3066 in
878 3005 1098 3075 recentioribus
1120 3004 1204 3064 libris
1222 3015 1337 3063 extant,

203 3111 234 3168 in
254 3108 363 3189 quibus
380 3118 538 3183 praetenta
560 3111 678 3166 uestitus
698 3108 747 3167 vel
770 3114 886 3168 indutus
907 3110 1051 3187 scriptum
1070 3115 1129 3177 est,
1147 3107 1287 3165 nimirum
1306 3116 1339 3164 ut

204 3211 311 3270 eadem
330 3212 499 3283 sententia,
519 3229 599 3291 quae
620 3208 722 3268 vorbis
738 3215 768 3267 ia
786 3215 911 3283 pitantia
933 3209 1137 3286 significatur,
1164 3206 1297 3265 ornatior
1313 3206 1339 3264 si

204 3312 250 3370 dis
267 3313 370 3391 placet
384 3322 582 3391 repeteretur.
608 3330 666 3370 nec
683 3309 872 3389 inprobabile
883 3311 956 3371 mihi
969 3309 1102 3381 videtur,
1119 3307 1238 3366 titulum
1249 3328 1337 3386 prae·

203 3421 307 3471 textae
326 3431 345 3469 a
360 3422 458 3471 matre
472 3412 560 3473 Persi
576 3412 710 3472 abolitae
726 3411 784 3491 ipsi
798 3412 899 3471 Probo
917 3410 1103 3488 incognitum
1118 3410 1222 3467 fnisse.

226 3530 231 3541 “
289 3511 351 3573 Sed
367 3513 570 3572 confitendum
587 3516 680 3573 estin
701 3514 759 3572 hac
778 3514 841 3572 vita
858 3515 933 3573 mira
947 3533 1067 3591 semper·
1084 3512 1128 3570 eis
1145 3529 1224 3589 qnae
1239 3510 1337 3585 magis

203 3614 343 3674 miranda
368 3622 438 3674 sunt
466 3614 581 3692 excipi3
611 3633 681 3671 narn
713 3615 805 3694 paulo
833 3623 904 3694 post
929 3615 996 3686 illa,
1025 3635 1092 3673 cnm
1117 3612 1230 3670 dictum
1257 3620 1340 3670 esset

203 3718 340 3778 Persium
363 3715 549 3787 decessisse,
572 3733 644 3772 ecce
659 3714 698 3773 ad
716 3716 818 3773 vivum
834 3716 972 3779 Persium
986 3714 1148 3774 revertitur
1161 3714 1338 3781 orationar-

204 3830 365 3897 ratarqne,
384 3837 443 3897 qno
463 3822 554 3894 pacto
573 3822 742 3873 saturarum
763 3815 989 3875 scribendarum
1008 3815 1139 3875 studium
1156 3817 1221 3876 eins
1235 3824 1340 3875 natum

206 3921 245 3978 sit
258 3927 288 3977 et
303 3938 506 3997 progressum.
536 3934 614 3995 quae
630 3917 698 3975 visa
713 3924 783 3974 sunt
799 3914 837 3975 Ο.
852 3916 960 3975 Iahnio
974 3917 994 3976 l.
1009 3937 1034 3975 c.
1050 3937 1066 3975 a
1082 3918 1207 3977 scholiis
1224 3920 1338 3997 primae

205 4031 326 4079 saturae
345 4019 493 4079 derivata.
522 4036 579 4075 nec
596 4027 723 4094 possunt
737 4037 807 4096 pars
823 4016 995 4076 Probianae
1009 4018 1093 4076 vitae
1107 4016 1223 4091 haberi,
1244 4038 1263 4076 a
1279 4038 1340 4097 qua
1423 4076 1428 4083 .

206 4122 296 4181 ctiam
316 4119 447 4201 quadam
468 4119 614 4179 sermonis
637 4119 841 4178 concinnitate
863 4117 1014 4176 differunt.
1051 4128 1187 4177 attamen
1208 4132 1287 4198 qnae
1309 4121 1341 4177 in

206 4222 264 4279 hoc
276 4223 422 4299 epimetro
434 4228 610 4293 narrantur,
624 4229 694 4299 apte
711 4226 851 4299 poterant
865 4219 897 4276 in
912 4218 978 4277 vita
991 4226 1100 4296 poetae
1115 4220 1243 4298 exponi,
1260 4240 1339 4279 com·

206 4332 409 4381 memorantur
427 4334 527 4382 antem
549 4325 605 4395 ita,
635 4330 667 4380 ut
685 4321 832 4400 adpareat
848 4319 962 4379 adferri
988 4338 1025 4377 ea
1044 4338 1104 4376 nou
1122 4327 1185 4377 tam
1201 4319 1239 4377 ad
1258 4329 1340 4379 satu·

207 4445 270 4482 ram
286 4423 437 4504 quand-am
452 4423 668 4495 enarrandam,
691 4440 783 4502 qnam
797 4429 830 4480 ut
850 4422 949 4500 ipsum
965 4428 1076 4498 poetae
1097 4420 1250 4496 ingenium
1270 4419 1340 4481 des·
1423 4448 1426 4456 Α
