3220 5022
567 418 742 461 vnnaoavus
761 418 1001 461 nrrssnanrmn
1292 404 1356 468 280

298 577 549 630 sunr1ranuvss
577 570 611 629 et
635 571 858 647 rsarsrvvu]
886 563 1041 649 Nigidius
1060 565 1105 629 in
1127 563 1214 630 libro
1240 575 1355 653 quarto

213 693 246 731 ss
257 668 317 731 ait:
334 666 578 753 ‘sempiternum
590 666 810 731 inmortalium
825 688 950 748 rerum,
966 674 1158 751 perpetuum
1168 665 1354 731 mortalium

213 777 279 851 est3
301 770 503 854 perpetuitas
525 771 611 832 enim
634 769 668 832 iu
690 775 803 832 nostra
825 776 942 832 natura
964 775 1029 850 est,
1051 789 1136 854 quae
1154 770 1281 854 perpeti
1303 789 1355 831 ac-

212 869 357 934 cidentia
376 875 494 953 potest,
517 870 759 955 sempiternitas
779 867 909 932 infinita
930 876 990 949 est,
1010 889 1048 932 eo
1069 868 1156 955 quod
1173 877 1323 955 semper?

190 996 204 1036 s
298 984 464 1033 summust
483 978 516 1034 et
537 975 678 1051 ssalvn]
707 967 841 1033 sedulus
864 970 933 1033 sine
960 968 1034 1034 dolo
1059 978 1110 1033 est
1137 979 1170 1033 et
1190 980 1353 1053 strenuus,

213 1072 319 1135 serius
349 1072 444 1157 qnasi
472 1093 607 1135 seuerus
634 1079 668 1133 et
694 1092 800 1157 asper.
847 1071 965 1151 {senas
992 1072 1089 1135 etism
1124 1070 1230 1137 dictas
1255 1094 1308 1136 res
1335 1094 1355 1136 s

212 1173 363 1237 barbaris
387 1172 443 1258 qui
466 1171 562 1237 Seres
584 1170 800 1258 appellantur,
821 1173 992 1258 asperrimi
1012 1182 1045 1235 et
1063 1173 1271 1256 austerrimi]

299 1289 530 1338 sosnnsnrvn
552 1288 779 1337 scursunosvn
802 1282 834 1337 ct
857 1288 1059 1338 scnnssrvu
1081 1270 1116 1339 id
1137 1274 1262 1338 differt:
1287 1297 1354 1340 sce·

211 1373 334 1439 leuatus
357 1385 408 1439 est
424 1396 484 1441 suo
506 1375 616 1461 aliquo
639 1373 762 1438 scelere
784 1376 1024 1439 contaminatus
1045 1374 1098 1439 uel
1115 1375 1225 1462 aliqua
1246 1385 1355 1441 eonta-

179 1478 309 1561 rogione
327 1475 470 1563 pollutus
493 1484 525 1541 et
546 1476 697 1558 infamis3
720 1474 906 1562 (scelestus)
927 1486 1035 1540 autem
1054 1474 1210 1541 scelerum
1232 1479 1355 1562 cogita-

212 1586 263 1641 tor
285 1587 317 1641 et
333 1580 529 1662 conmissor3
561 1577 742 1642 scelerosus
764 1600 842 1642 uero
861 1579 955 1664 quasi
977 1577 1170 1657 insidiosus,
1194 1576 1355 1665 periculo·

212 1700 270 1744 sus
288 1690 419 1766 propter
437 1680 660 1745 assiduitatem
682 1678 852 1743 scelerum.

298 1796 421 1844 sinuas
449 1790 482 1845 et
503 1785 653 1861 uacuas]
684 1781 740 1867 qui
768 1781 843 1845 silet
871 1779 992 1844 desinit
1012 1778 1117 1868 loqui,
1137 1790 1225 1846 tacet
1245 1790 1354 1847 autem

212 1883 265 1968 qui
289 1881 432 1947 nondum
454 1883 570 1970 coepit.

178 2005 203 2045 rs
298 1998 472 2058 consuevi
495 1999 641 2059 sessum
669 1988 822 2065 russam]
844 1984 1073 2070 consequimur
1093 1984 1354 2070 praecedentem,

212 2084 418 2171 assequimur
442 2085 560 2167 studio,
585 2087 789 2172 insequimur
811 2085 991 2148 inimicum.

298 2271 499 2337 Sempiternum
519 2278 547 2323 et
563 2272 734 2340 perpetuum]
754 2275 790 2323 cf.
808 2274 822 2322 1
840 2271 904 2323 tuo:
925 2273 1014 2323 ‘Inter
1032 2274 1228 2338 sempiternum
1247 2281 1276 2324 et
1292 2291 1354 2340 per·

211 2345 324 2405 petuam
346 2340 398 2390 hoc
420 2341 519 2403 distat,
544 2343 616 2406 qnod
639 2344 845 2408 sempiternitas
873 2341 907 2391 ad
931 2341 1010 2390 deum
1028 2343 1163 2407 pertinet,
1182 2346 1353 2408 perpetuitas

213 2408 248 2457 sd
273 2407 387 2473 angelos
408 2408 454 2459 uel
478 2410 512 2459 ad
539 2412 645 2459 animas
671 2410 817 2459 hominnm.
859 2410 973 2474 primum
998 2411 1070 2459 enim
1094 2424 1202 2474 semper
1224 2411 1278 2460 luit
1300 2426 1352 2459 nec

210 2490 337 2593 qmqusrq
362 2491 423 2527 esse
452 2478 567 2540 desinit3
596 2478 712 2527 alterum
737 2493 797 2527 esse
827 2477 933 2543 coepit,
958 2477 1007 2526 sed
1031 2491 1091 2526 esse
1114 2481 1274 2543 perpetuum
1298 2494 1353 2529 non

232 2544 324 2594 esinit.

296 2611 466 2662 Sceleratum
490 2612 657 2663 scelerosum
680 2618 709 2663 et
731 2609 888 2678 scelestum]
912 2612 936 2662 G
959 2628 986 2678 p.
1009 2610 1043 2662 94
1060 2627 1086 2661 n.
1110 2610 1156 2662 ol:
1183 2612 1353 2664 ‘Sceleratus

211 2693 260 2728 sno
278 2679 383 2729 scelere
406 2680 453 2729 uel
476 2680 568 2730 alieno
587 2683 803 2740 contaminatus,
824 2680 957 2731 scelestus
975 2680 1109 2731 scelerum
1129 2682 1274 2745 cogitator,
1294 2697 1352 2731 sce-

211 2746 316 2797 lerosus
333 2749 412 2812 quasi
431 2748 593 2810 insidiosus,
622 2748 793 2813 periculosus
815 2747 861 2797 uel
884 2754 958 2798 totus
976 2748 1036 2797 dies
1054 2748 1099 2798 uel
1118 2749 1225 2798 animus
1241 2758 1355 2815 propter

212 2814 398 2865 arduitatem)
428 2816 454 2865 H
471 2832 498 2882 p.
520 2816 563 2866 17:
583 2814 750 2867 ‘Sceleratus
768 2832 817 2866 suo
835 2816 881 2865 uel
899 2816 991 2865 alieno
1003 2816 1049 2867 die
1062 2818 1274 2879 contaminatur,
1293 2832 1354 2867 soe·

211 2881 297 2932 lestns
315 2882 450 2932 scelerum
470 2886 615 2949 cogitator,
636 2884 790 2934 scelerosus
804 2884 882 2949 qussi
899 2881 1067 2936 insidiosus!
1081 2909 1113 2919 ·-
1132 2884 1145 2933 I
1164 2882 1226 2934 507:
1247 2884 1352 2933 ‘Gram-

211 2951 306 2999 matici
330 2950 424 3000 dicunt
447 2952 614 3001 sceleratum
635 2953 711 3002 illum
731 2968 790 3002 esse
814 2954 843 3001 in
862 2967 913 3016 quo
931 2950 962 3000 fit
979 2951 1083 3013 scelus3
1102 2957 1133 3000 ut
1151 2951 1265 3002 Cicero:
1285 2952 1308 3001 0
1325 2959 1353 3002 te

211 3017 358 3079 scelerate,
378 3019 424 3082 qni
441 3019 573 3069 subactus
596 3024 624 3069 et
646 3022 810 3085 prostitutus
833 3026 884 3069 est.
925 3018 1073 3069 scelestum
1093 3024 1185 3069 sutem
1207 3035 1353 3085 perquem

210 3085 255 3147 fit;
279 3090 309 3134 ut
326 3086 487 3136 Terentius:
516 3086 655 3149 Scelesta,
680 3103 758 3137 ouem
782 3087 846 3152 lupo
870 3087 1038 3137 commisisti.
1075 3086 1228 3137 scelerosus
1247 3089 1293 3151 qui
1311 3089 1353 3138 fs·

164 3182 167 3187 ·
212 3154 264 3215 cit3
288 3158 318 3203 nt
335 3153 420 3203 idern:
448 3155 509 3219 ligo
530 3155 606 3204 illurn
629 3156 795 3207 scelerosum
818 3156 918 3205 misera
940 3155 1037 3204 nolens
1059 3155 1170 3219 pertuli.
1210 3156 1258 3205 sed
1282 3156 1353 3206 haec

212 3227 338 3271 suctores
357 3236 411 3272 non
428 3236 624 3289 usquequaque
647 3222 827 3274 custodiunt’
868 3223 995 3271 Donatus
1015 3222 1130 3271 eunuch.
1148 3222 1204 3271 1111
1222 3221 1252 3272 3:
1279 3222 1352 3272 ‘Sce-

210 3288 316 3339 lerosus
334 3296 377 3338 est
394 3289 548 3352 multorum,
567 3289 702 3341 scelestus
719 3290 765 3339 nel
782 3290 872 3352 nnius,
890 3289 1044 3339 scelerosus
1062 3291 1171 3354 proprie
1185 3294 1281 3340 auctor
1292 3305 1353 3341 sce·

210 3354 291 3420 leris‚
311 3356 463 3407 sceleratus
483 3359 511 3407 iu
530 3374 582 3423 qno
600 3358 691 3408 scelus
709 3359 747 3408 sit
765 3358 937 3407 commissum
954 3356 999 3406 uel
1017 3355 1215 3406 constitutum)

295 3425 384 3474 silere
408 3430 437 3475 et
460 3424 564 3491 tacere]
591 3425 615 3476 G
638 3442 664 3491 p.
688 3424 722 3475 94
743 3441 770 3475 n.
794 3426 840 3474 ὁδε
872 3424 933 3487 ‘Qui
956 3424 1058 3473 desinit
1075 3422 1150 3488 loqui
1172 3424 1237 3473 silet
1260 3427 1353 3490 etqui
1452 3460 1456 3468 ·

210 3505 264 3542 non
283 3494 376 3558 coepit
398 3492 493 3543 tacet!
518 3520 550 3528 -
585 3494 653 3558 Pp.
672 3490 734 3543 352:
766 3490 845 3542 ‘silet
867 3493 945 3542 cuius
967 3490 1105 3555 loquentis
1128 3506 1217 3540 sermo
1236 3494 1352 3559 compri-

210 3561 292 3610 mltur
310 3561 345 3610 ab
363 3561 424 3625 ipsa
437 3560 643 3627 significatione
655 3558 766 3610 litterae
778 3561 810 3623 S,
830 3564 907 3609 tacet
919 3560 965 3624 qui
977 3574 1012 3607 nc
1025 3558 1099 3622 loqui
1113 3558 1221 3623 quidem
1240 3559 1351 3624 coepit’

295 3628 435 3693 Consequi
453 3627 564 3693 assequi
586 3628 704 3692 insequi]
729 3628 753 3677 G
776 3645 801 3694 p.
823 3626 858 3678 93
880 3644 906 3677 n.
930 3626 976 3676 57:
1006 3625 1138 3674 ‘Amicum
1162 3627 1353 3690 consequimur

209 3695 437 3764 praecedentem,
461 3696 632 3760 insequimur
653 3693 814 3746 inimicum)
850 3694 876 3744 H
894 3710 919 3760 p.
944 3694 974 3743 7:
1005 3692 1216 3757 ‘Consequimur
1238 3709 1352 3757 praece·

211 3764 330 3825 dentem,
349 3764 520 3830 insequimur
536 3761 695 3813 inimicum'
733 3764 755 3811 (i
774 3780 799 3828 p.
817 3761 852 3812 98
868 3778 894 3813 n.
915 3761 976 3813 132:
1004 3760 1094 3811 ‘Inter
1112 3762 1244 3851 consequi
1262 3766 1291 3810 et
1309 3776 1352 3809 as-

210 3833 289 3897 sequi
310 3831 363 3881 hoc
381 3833 499 3882 interest
517 3830 588 3896 quod
611 3832 748 3896 sequimur
765 3830 893 3896 pedibus,
915 3828 1087 3892 assequimur
1104 3827 1202 3877 studio.
1249 3829 1352 3893 Agroe-

209 3899 447 3964 cruentatur:
478 3899 693 3963 ‘Consequimur
711 3899 814 3959 studio,
839 3898 1014 3962 obsequimur
1031 3895 1138 3959 officio,
1163 3898 1353 3962 persequimur

210 3966 319 4028 iniuria,
338 3968 527 4033 prosequimur
544 3968 648 4029 ordine,
669 3967 840 4031 assequimur
857 3963 939 4016 uoto.’

296 4134 308 4184 1
334 4122 419 4181 lobro
437 4122 472 4181 M
483 4116 497 4204 ΙΙ
512 4127 610 4181 titulus
626 4124 693 4180 libri
709 4123 853 4185 intercidit
867 4114 881 4202 ll
895 4128 1050 4182 dseuerus
1070 4118 1208 4178 Rotlsius:
1245 4138 1352 4179 seruus

210 4207 245 4264 M
255 4204 269 4288 Η
284 4208 388 4286 iasper
401 4209 434 4265 M
446 4203 460 4290 ΙΙ
476 4206 797 4267 serias—austerrimi
814 4208 919 4263 seclusi
930 4199 944 4287 ΙΙ
960 4212 977 4266 9
993 4213 1093 4262 autem
1112 4215 1159 4264 est
1174 4206 1206 4261 M
1219 4200 1233 4287 [Ι
1249 4213 1351 4262 conta·

208 4295 305 4353 minat
314 4295 353 4414 ιΙΙΙ
364 4289 378 4375 ΙΙ
394 4304 427 4354 10
440 4292 574 4372 pollutor
589 4293 621 4349 M
633 4286 647 4373 ΙΙ
663 4290 811 4349 scelestus
826 4292 935 4348 addidit
945 4292 1067 4348 Ratdius
1081 4284 1094 4371 ΙΙ
1110 4306 1228 4348 scerum
1245 4290 1278 4345 M
1290 4283 1303 4370 ll
1321 4299 1354 4351 13

211 4429 310 4491 desini
327 4430 362 4486 M

240 4544 360 4582 sssrorsr
380 4543 443 4580 usn.
1105 4524 1144 4585 19
