3202 4998
273 394 335 453 4⁴02
580 418 816 481 'Qutusslonas
841 422 1068 462 SVBTONIANAE

274 570 375 648 itaque
392 567 484 626 malui
501 568 585 626 initio
600 579 769 627 truncatam
783 570 1019 630 differentiarum
1036 575 1255 633 conlectionem
1270 578 1415 638 exhibere

274 691 362 749 (priam
380 672 423 728 eis
436 691 549 746 augere
563 692 719 749 (piraeeum
732 673 844 731 nullius
858 673 1088 751 subscriptionis
1102 679 1274 737 testimonio
1287 681 1326 739 ad
1338 682 1413 740 Sue-

273 775 386 831 tonium
413 773 583 832 referantur
605 795 643 833 ex
661 775 790 833 divorsis
808 775 981 833 anconibus
1006 798 1044 835 ne
1065 783 1276 840 consarcinata
1299 782 1414 842 habeas

272 875 347 934 nihil
365 875 486 933 obstare
510 875 640 934 videtur.
679 876 751 954 quid
773 877 853 955 quod
875 878 1174 954 Montepessulanam
1194 884 1414 944 conlectionem

273 980 430 1057 quominus
443 980 486 1035 ita
497 989 528 1036 ut
544 979 622 1037 libro
636 979 772 1036 tradatur
784 977 821 1036 ab
835 980 900 1057 ipso
912 981 1057 1037 Suetonio
1070 984 1235 1058 prolectam
1247 1005 1314 1043 esse
1326 995 1412 1064 pute·

272 1101 337 1137 mus
355 1081 455 1138 statim
475 1082 504 1137 in
524 1083 588 1159 ipso
606 1080 708 1137 limine
725 1080 934 1158 prohibemur:
965 1084 1038 1137 irum
1057 1092 1084 1139 et
1100 1089 1288 1144 iracundiam.
1314 1094 1361 1146 ira
1374 1108 1414 1148 ex

271 1203 361 1241 causa
378 1188 522 1254 nascitur,
542 1187 694 1240 iracundia
708 1192 880 1255 perpetuum
902 1187 999 1240 uitium
1018 1190 1119 1242 meretis
1139 1196 1346 1261 etpcccctorr's
1360 1202 1413 1263 est,

189 1350 192 1358 Ι
271 1286 323 1344 ubi
341 1284 434 1344 verbo
447 1291 609 1359 peccatoris
618 1286 807 1367 (taurianas
819 1283 963 1360 proditur.
983 1305 1074 1363 (paam
1087 1287 1348 1367 interpolationem
1360 1315 1412 1352 no·

272 1390 323 1447 lim
347 1388 489 1446 Rothium
511 1387 705 1459 obscurasse,
735 1388 786 1466 qui
812 1389 940 1443 otiosum
960 1398 989 1444 ct
1007 1395 1133 1462 pectoris
1149 1395 1325 1471 reponendo
1347 1417 1413 1456 cor-

273 1500 391 1570 ruptam
410 1510 488 1570 quae
507 1490 564 1547 sibi
579 1490 733 1548 rideretur
752 1489 867 1546 librarii
887 1489 1082 1565 neglegentia
1103 1494 1281 1571 scripturam
1304 1519 1413 1557 sanare

273 1592 419 1650 studeret.
456 1591 510 1649 scd
529 1593 586 1649 etsi
608 1591 757 1648 emblema
777 1590 852 1648 illud
875 1591 966 1647 facile
988 1591 1046 1648 eici
1061 1602 1175 1670 potest,
1204 1597 1294 1674 plane
1311 1608 1412 1659 taurea

272 1682 445 1769 ignoramus
461 1712 550 1771 quam
566 1694 628 1751 late
646 1692 778 1771 patuerit
794 1693 995 1768 interpolatio.
1025 1716 1206 1776 quamquam
1228 1719 1286 1756 non
1304 1700 1414 1761 desunt

273 1815 351 1875 quae
368 1796 460 1853 etiarn
474 1814 552 1852 nuuc
569 1803 682 1852 certam
698 1794 741 1852 rei
757 1794 902 1851 rationem
919 1807 1040 1854 secutus
1056 1818 1074 1854 a
1087 1799 1209 1857 relicuis
1225 1802 1414 1864 secludenda

273 1919 340 1956 csse
363 1897 525 1971 intellegas
545 1897 640 1955 voluti
662 1917 691 1975 p.
718 1904 784 1967 278,
807 1906 867 1975 9p.
884 1907 950 1968 ⁶293,
974 1904 998 1956 4.
1015 1906 1032 1958 9
1050 1919 1080 1976 p.
1097 1908 1163 1968 ⁴295,
1188 1912 1230 1964 12.
1266 1907 1413 1965 maximas

272 1998 351 2061 vero*
362 1999 465 2059 turbas
481 1999 530 2057 hie
547 2000 643 2057 factas
662 2018 729 2056 esse
745 1999 804 2055 iam
821 2000 887 2077 ipse
904 2019 1001 2057 sermo
1018 1999 1142 2058 indicat.
1167 2004 1223 2062 sed
1238 1978 1412 2067 tamennon

273 2108 372 2166 omnia
388 2103 521 2163 melioris
538 2102 633 2177 frugis
648 2100 801 2158 interiisse
817 2100 867 2158 vel
882 2122 942 2158 uno
962 2100 1066 2177 Nigidi
1083 2103 1252 2179 fragmento
1270 2107 1412 2167 discimus

273 2210 353 2292 quod
370 2231 399 2287 p.
414 2216 466 2269 ⁶289
483 2205 610 2280 legitur3
641 2211 803 2280 practerea
817 2203 931 2259 similes
948 2203 1137 2263 differentiae
1153 2206 1183 2264 in
1203 2207 1291 2267 Verri
1307 2210 1411 2270 Flacci

273 2310 441 2388 excerptis,
471 2305 552 2384 apud
573 2303 706 2363 Gellium
728 2304 899 2362 (iliarisiurn
922 2304 1054 2367 Nonium
1078 2308 1233 2366 Donatum
1259 2310 1411 2386 Servium,

273 2414 403 2490 denique
418 2412 448 2467 in
465 2405 700 2483 orthographiae
714 2403 799 2462 libris
812 2405 899 2464 Flavi
916 2403 1007 2483 Capri
1020 2414 1050 2463 et
1067 2408 1194 2483 Agroeti
1207 2413 1412 2489 proferuntur.

357 2513 398 2572 Vt
415 2513 507 2587 igitur
523 2507 580 2565 hae
604 2508 792 2565 differentiae
815 2526 881 2564 cunr
899 2506 1043 2565 Suetonio
1065 2509 1140 2567 nihil
1160 2520 1283 2588 praeter
1302 2535 1412 2573 nomen

273 2633 430 2675 commune
445 2611 579 2669 habeant
593 2608 675 2688 quod
696 2607 835 2686 equidem
851 2628 911 2665 non
930 2608 1037 2681 crede,
1054 2610 1111 2667 hoc
1125 2620 1226 2671 tamen
1243 2625 1326 2673 certo
1342 2616 1410 2673 sub·

272 2717 445 2796 scriptionis
460 2711 632 2771 testimonio
657 2719 776 2767 constat
801 2711 937 2768 extitisse
958 2710 989 2767 in
1009 2713 1103 2789 pratis
1127 2723 1219 2793 caput
1236 2716 1287 2773 vel
1304 2717 1411 2776 librum

273 2816 521 2878 differentiarum.
542 2812 670 2870 vidimus
686 2810 808 2888 quidem
824 2812 1002 2869 Suetonium
1015 2813 1046 2870 in
1059 2814 1155 2891 pratis
1171 2815 1209 2875 de
1225 2819 1412 2897 proprietate

272 2919 419 2980 sermonis
440 2917 605 2995 praecipuo
626 2912 726 2972 studio
751 2914 850 2988 egisse
871 2913 925 2971 sed
947 2915 991 2972 ita
1011 2924 1045 2972 ut
1068 2935 1135 2973 eam
1156 2939 1215 2976 uon
1240 2921 1412 2998 promiscue

245 3014 249 3023 ¹
272 3027 441 3099 exponeret
456 3017 512 3076 sed
525 3009 684 3076 occasione
701 3015 869 3091 argumenti
888 3015 959 3073 data
983 3017 1065 3096 quod
1084 3017 1236 3078 diversum
1258 3022 1287 3080 iu
1311 3023 1411 3083 diver·

272 3122 314 3180 sis
328 3114 483 3199 protorum¹
498 3119 583 3178 libris
599 3119 691 3176 fuisse
712 3115 916 3175 intelleximus
941 3138 979 3176 ea
997 3118 1034 3177 dc
1052 3140 1084 3178 re
1100 3120 1275 3198 disputaret.
1309 3145 1327 3182 a
1342 3146 1411 3204 pro·

271 3223 430 3282 habilitate
448 3232 547 3280 tamen
564 3240 624 3279 nou
640 3219 784 3277 abhorret
799 3238 851 3277 eas
868 3219 1054 3279 differentias
1074 3242 1151 3300 quae
1168 3223 1267 3283 locum
1286 3247 1345 3284 nou
1357 3227 1411 3286 ha-

272 3326 380 3385 bereut
395 3325 425 3382 in
448 3324 633 3400 argumentis
654 3322 693 3380 ab
713 3321 780 3399 ipso
800 3323 994 3398 pertractatis
1010 3324 1220 3403 fl‘ranquillum
1240 3331 1411 3405 promiscue

272 3428 368 3488 solum
389 3426 558 3484 litterarum
580 3424 715 3483 ordinem
733 3431 871 3481 secutum
892 3424 1083 3501 explanasse.
1113 3447 1273 3505 quaecum
1290 3431 1332 3488 ita
1352 3433 1413 3489 sint

271 3549 350 3587 noro
363 3529 420 3587 hoc
434 3528 574 3606 exemplo
587 3526 729 3583 discimus
745 3526 941 3603 praecipuum
953 3537 1106 3604 pratorum
1120 3528 1277 3588 consilium
1290 3541 1413 3609 praeter

271 3632 353 3709 ipsas
369 3651 418 3690 res
434 3629 466 3687 in
481 3650 517 3688 eo
535 3630 665 3708 positum
681 3627 776 3686 fuisse
790 3636 824 3686 ut
841 3630 987 3686 sermonis
1005 3632 1175 3707 proprietas
1190 3630 1410 3692 demonstrare-

272 3743 329 3794 tur.
359 3754 420 3813 qua
433 3752 466 3791 re
483 3741 566 3790 recte
584 3730 830 3790 Graefenhanius
847 3730 867 3788 l.
887 3750 911 3787 c.
930 3751 959 3808 p.
975 3739 1008 3793 tu
1032 3731 1089 3788 etsi
1106 3730 1144 3788 de
1158 3732 1300 3790 universo
1318 3754 1411 3812 opere

271 3834 347 3892 nihil
360 3835 433 3892 dicit
446 3832 526 3912 apud
539 3831 664 3892 Suidam
681 3832 732 3910 qui
746 3840 849 3910 partes
866 3841 980 3890 tantum
996 3842 1150 3911 pratorum
1165 3854 1226 3892 non
1242 3834 1308 3913 ipsa
1324 3846 1412 3913 prata

217 3959 221 3967 ·
271 3956 360 3995 nosse
381 3935 502 3994 videtur
524 3934 640 3993 duobus
658 3934 717 3991 illis
738 3935 833 3993 titulis
861 3930 927 4007 περὶ
954 3923 1106 4010 ὀνομάτων
1126 3934 1238 4008 κυρίων
1259 3931 1310 3993 aul
1333 3932 1413 4006 ἰδέας

271 4030 448 4113 ἐσθημάτων
467 4035 517 4095 καὶ
537 4028 735 4114 ὑποόημάτων
754 4032 805 4093 καὶ
828 4035 885 4093 τών
908 4028 1007 4093 ἄλλων
1028 4030 1073 4105 οἷς
1094 4058 1137 4105 τις
1159 4031 1356 4112 ἀμφιέννυται
1381 4050 1413 4097 ct

271 4136 338 4215 περὶ
355 4130 517 4214 ὃνσφήμων
532 4138 634 4211 λέξεων
645 4130 710 4214 ἤτοι
727 4138 926 4216 βλασφημιῶν
946 4136 998 4217 pal
1017 4133 1114 4196 πόθεν
1133 4131 1243 4212 ἑκάστη
1257 4147 1413 4217 pratorum

271 4252 374 4320 partes
398 4243 561 4319 significari
585 4242 749 4300 contendit.
792 4259 871 4318 quae
897 4242 1029 4318 suspicio
1053 4261 1088 4298 eo
1114 4242 1308 4300 confirmatur
1329 4224 1418 4319 quod·

272 4343 382 4402 Suidas
398 4364 458 4401 non
471 4343 603 4415 addidit,
620 4344 697 4402 haec
713 4344 828 4420 scripta
844 4362 936 4400 uurrm
952 4363 991 4400 an
1006 4342 1110 4420 plures
1127 4342 1219 4401 libros
1242 4344 1410 4405 effecerint.

270 4464 328 4503 nec
347 4447 445 4503 minus
467 4444 670 4522 inscriptionis
690 4444 799 4523 prioris
820 4444 896 4501 ratio
913 4445 969 4503 etsi
994 4444 1122 4502 alluidu
1137 4446 1187 4503 vel
1204 4446 1269 4503 eius
1286 4456 1413 4505 auctore
