3200 4992
574 384 577 391 '
606 403 649 443 nr.
674 402 762 442 unse
785 401 989 443 aonsnonvu
1308 384 1366 443 165

223 548 511 626 meroiimbrIum
535 548 641 634 adque
665 547 753 612 ueris
775 557 972 634 acceperunt
994 546 1163 612 uocabula.
1197 571 1293 634 porro
1318 566 1366 610 rn-

129 644 135 653 ’
222 666 384 714 uvaurvu
412 672 455 715 ex
479 651 609 714 nomine
632 649 706 713 Iani
727 658 939 729 uocauerunt,
962 648 1019 711 sed
1041 648 1228 734 specialiter
1249 649 1366 712 Ianua-

221 753 289 815 rius
315 751 502 836 appellatur
534 771 572 813 eo
604 750 691 835 quod
719 752 817 814 ianua
845 753 888 814 sit
914 753 991 813 anui
1022 749 1129 835 adque
1156 751 1365 836 principium.

222 866 449 914 uuuuvautvn
475 861 583 914 autern
611 872 632 912 a
654 850 793 914 Februis
815 852 918 915 sacris
939 850 1161 937 Lupercorum
1181 848 1366 937 appellaue-
1393 890 1395 901 ι
1421 894 1425 903 ·

200 962 310 1017 erunt.
354 953 466 1038 itaque
485 951 571 1037 apud
595 954 745 1037 antiquos
767 950 903 1016 Latinos
925 951 1036 1015 decem
1058 951 1225 1016 mensibus
1250 974 1366 1016 cursus

220 1054 299 1117 anni
326 1052 585 1138 computabatur.
624 1054 682 1116 sed
705 1052 894 1115 Ianuarium
918 1053 1075 1116 Romanis
1093 1062 1125 1115 et
1146 1052 1365 1117 Februarium
1452 1074 1454 1078 “

221 1197 278 1241 turn
301 1191 395 1240 XVIII
417 1190 445 1240 5:
472 1190 533 1240 ‘sed
557 1196 585 1241 et
608 1190 746 1241 mensibus
770 1191 958 1255 imposuerunt
979 1191 1091 1241 nomina
1110 1191 1221 1240 deorum
1244 1206 1362 1241 suorum.

221 1264 333 1324 propter
350 1259 481 1308 honorem
494 1259 594 1324 quippe
608 1259 725 1317 Romuli,
745 1259 810 1322 quia
823 1273 884 1307 eum
896 1259 994 1308 Martis
1007 1257 1093 1307 filium
1106 1258 1289 1317 crediderunt.
1309 1260 1364 1324 pri-

223 1343 292 1376 mum
313 1342 434 1375 mensem
451 1327 535 1375 Marti
554 1327 680 1375 dicantes
698 1326 826 1375 Martium
846 1333 1025 1376 uocauerunt.
1063 1330 1091 1375 ct
1114 1326 1176 1375 inde
1201 1326 1323 1392 Aprilem
1348 1342 1365 1375 a

222 1394 296 1443 nullo
315 1393 360 1442 dei
376 1395 419 1442 sui
438 1394 547 1443 nomine
566 1395 615 1443 sed
634 1409 651 1442 a
668 1410 697 1442 re
717 1394 779 1458 ipsa
797 1395 876 1458 quasi
896 1393 1028 1458 aperilem
1047 1394 1118 1457 quod
1137 1400 1202 1442 tunc
1220 1395 1364 1458 plurimum

222 1461 353 1527 germinis
372 1462 515 1528 aperiatur
532 1463 561 1510 in
579 1462 681 1511 florem.
711 1462 775 1511 inde
793 1461 905 1511 tertium
923 1477 1044 1511 mensem
1057 1462 1159 1513 Maium
1178 1462 1248 1526 quod
1260 1462 1365 1511 Maiam

222 1529 353 1579 Mercurii
376 1535 490 1577 matrem
513 1529 593 1578 deam
612 1528 715 1579 colunt.
751 1529 814 1577 inde
838 1536 964 1592 quartum
989 1529 1096 1578 Iunium
1116 1545 1131 1577 a
1150 1529 1263 1578 Iunone.
1300 1529 1364 1579 inde

223 1602 330 1646 ceteros
349 1611 433 1660 usque
453 1596 488 1646 ad
507 1596 687 1645 Decembrem
707 1598 862 1645 a'numeris
880 1597 1064 1646 nominarunt.
1101 1597 1150 1645 sod
1168 1611 1201 1645 ex
1221 1598 1261 1646 eis
1280 1598 1364 1658 Quin·

222 1664 281 1713 tilis
299 1670 382 1728 atque
401 1663 514 1713 Sextilis
536 1665 694 1725 homiuibus
714 1663 853 1719 hominum
877 1664 975 1728 quibus
998 1664 1107 1715 diuinos
1129 1664 1247 1715 honores
1269 1664 1365 1714 dacre-

222 1740 321 1780 uerant
339 1731 473 1795 appellati
491 1736 555 1780 sunt
573 1732 659 1780 Iulius
684 1737 711 1780 et
728 1732 876 1796 Augustus.
913 1748 976 1780 nam
1000 1733 1132 1797 septimus
1150 1731 1314 1796 September
1337 1738 1366 1781 et

223 1799 310 1849 ceteri
335 1805 366 1847 ut
387 1797 446 1847 disi
468 1813 554 1863 usque
573 1798 608 1847 ad
626 1798 807 1849 Decembrem
831 1814 1001 1849 numerorum
1022 1815 1055 1848 ex
1073 1799 1169 1848 ordine
1206 1801 1365 1849 ronuntian·

222 1870 273 1915 tur.
309 1881 389 1930 porro
409 1866 553 1915 Ianuarius
573 1881 590 1913 a
608 1866 676 1915 Iano
696 1865 852 1930 appellatus
866 1872 916 1923 est,
936 1816 1264 1917 Februanusauebruis
1277 1867 1364 1917 sacris
1398 1874 1407 1887 ”

222 1931 425 2011 Lupercorqm)
451 1933 634 1997 Hieronymus
648 1949 742 1982 comm.
757 1935 786 1982 in
798 1933 881 1982 Zach.
895 1934 924 1983 II
941 1932 958 1982 8
970 1940 1033 1983 tom.
1048 1934 1086 1982 VI
1100 1951 1125 1998 p.
1137 1932 1189 1982 852
1204 1934 1290 1983 Valla
1310 1935 1363 1983 ‘Ia-

222 2001 335 2055 nuarius
353 2017 385 2049 eo
404 2000 475 2064 quod
494 2002 578 2050 ianua
596 2001 661 2049 anni
679 2003 715 2050 eit
734 2006 816 2064 atque
835 2001 1000 2065 principium
1017 1999 1138 2050 dicitur)
1170 2001 1207 2050 ci.
1226 2002 1364 2052 commin

220 2067 323 2119 Erech.
341 2067 422 2117 VIIII
434 2066 467 2116 29
480 2073 544 2117 tom.
558 2069 581 2117 V
595 2085 620 2133 p.
635 2067 683 2117 341
696 2068 769 2117 Vall.
792 2095 815 2101 -
833 2067 945 2117 Servius
958 2084 1052 2133 georg.
1071 2066 1129 2118 143
1149 2066 1230 2129 (unde
1244 2068 1364 2118 Isidorus

221 2136 308 2201 origg.
316 2134 367 2185 l.c.
375 2135 508 2185 nonnulla
518 2136 689 2200 exscripsit):
705 2135 819 2185 ‘Nouum
829 2151 877 2191 uer
886 2135 948 2185 ideo
960 2136 1008 2197 eit,
1020 2136 1085 2201 quia
1096 2136 1162 2184 anni
1171 2136 1279 2184 Initium
1289 2151 1364 2186 meu·

221 2204 261 2252 sis
280 2209 321 2253 est
338 2203 463 2252 Martius.
488 2210 515 2252 et
532 2203 674 2252 sciendum
692 2200 787 2253 decem
806 2207 913 2252 tantum
930 2218 1038 2253 menses
1052 2202 1138 2252 luisse
1151 2202 1224 2268 apud
1236 2204 1363 2252 maiores.
1437 2246 1440 2257 .

221 2271 350 2320 Martium
368 2278 462 2319 autem
476 2271 542 2319 anni
561 2271 724 2335 principium
743 2270 846 2319 hebere
869 2269 1013 2319 uoluerunt
1031 2276 1142 2334 propter
1162 2271 1278 2319 Martem
1295 2286 1363 2320 suae

221 2339 312 2401 gentis
323 2342 471 2387 auctorem.
484 2337 554 2402 quod
565 2337 655 2387 multis
666 2338 788 2387 firmatur
798 2337 965 2387 auctoribus.
975 2337 1104 2401 NIgidius
1114 2337 1142 2385 in
1152 2336 1363 2401 sphaeraGrae-

222 2404 320 2454 canica
332 2420 432 2454 nouum
446 2420 545 2454 annum
560 2406 762 2469 aequinoctium
775 2405 888 2454 uernale
900 2406 1033 2455 nominat.
1057 2405 1144 2454 Varro
1157 2405 1364 2469 epistolicarum

222 2473 425 2535 quaestionum:
445 2473 520 2522 Inter
532 2489 651 2522 mensem
665 2473 845 2521 FebruarIum
859 2474 905 2537 qui
917 2479 981 2521 tunc
995 2476 1069 2521 esset
1082 2478 1231 2533 extremus,
1251 2479 1279 2523 et
1292 2472 1364 2522 inter

222 2539 353 2589 calendas
366 2540 482 2589 Murtias
495 2556 566 2604 quae
580 2546 643 2590 tunc
657 2546 736 2589 erant
747 2541 862 2603 primae.
892 2541 969 2589 Atta:
989 2540 1094 2588 Annum
1108 2555 1206 2589 nouum
1219 2539 1365 2589 uoluerunt

222 2622 282 2656 esse
300 2607 415 2672 primum
428 2623 549 2659 mensem
562 2609 699 2657 Martium.
734 2614 762 2656 ct
777 2607 859 2656 alibi:
876 2608 997 2656 Maiores
1010 2607 1138 2659 Martium
1151 2605 1265 2672 primum
1278 2606 1363 2656 habu·

221 2681 308 2724 erunt.
332 2674 433 2740 Aprilis
450 2690 515 2724 uero
527 2675 618 2724 dictus
631 2681 673 2724 est
690 2677 769 2738 quasi
780 2682 869 2724 terras
879 2681 974 2739 tepore
988 2675 1131 2739 aperiens,
1145 2674 1235 2725 Maius
1247 2690 1264 2724 a
1275 2675 1360 2735 Mais,

222 2742 318 2791 lunius
329 2758 345 2791 a
358 2742 476 2793 Iunone:
497 2758 660 2806 quamquam
674 2741 723 2792 alii
745 2758 762 2791 a
775 2742 927 2791 maioribus
944 2748 972 2791 et
983 2742 1136 2791 iuniorIbus
1147 2741 1196 2792 hos
1209 2743 1275 2791 duos
1289 2759 1362 2795 men:

221 2825 265 2858 ses
277 2808 366 2858 uaIInt
379 2811 542 2859 nominatos.
579 2826 641 2859 nam
661 2816 725 2859 ente
738 2809 853 2874 populus
871 2810 1010 2859 Rouranus
1028 2811 1056 2858 in
1070 2810 1210 2859 centurias
1227 2810 1362 2859 iuniorum

222 2881 249 2925 et
261 2877 397 2926 seniorum
410 2876 516 2926 diuisus
530 2877 627 2926 luerat.
659 2876 757 2941 reIIqui
771 2878 824 2927 iam
838 2893 854 2926 a
866 2893 979 2927 numero
990 2878 1211 2937 nominabantur,
1231 2877 1364 2938 Quintilis

221 2943 333 2993 Sextilis
352 2945 514 3008 September
532 2943 653 2994 October
670 2945 824 2993 Nouember
847 2945 1010 2995 December.
1048 2952 1075 2994 et
1101 2945 1130 2993 hi
1154 2950 1234 2994 erant
1256 2950 1361 2994 tautum

221 3010 316 3061 decem
341 3027 456 3061 menses.
493 3011 546 3061 duo
574 3027 640 3062 uero
663 3018 775 3077 propter
802 3012 938 3063 rationem
959 3014 1100 3076 signorum
1124 3013 1189 3061 anni
1213 3012 1362 3062 intercala-

113 3068 129 3105 ”
220 3079 328 3141 bantur,
349 3079 395 3143 qui
413 3084 511 3143 postea
530 3096 546 3128 a
565 3080 632 3130 Iano
652 3084 680 3127 et
703 3095 720 3128 a
737 3079 845 3129 Februo
869 3081 1003 3129 nominati
1020 3086 1092 3129 sunt.
1128 3079 1251 3129 Februus
1270 3086 1362 3130 autem

222 3152 264 3195 est
282 3146 355 3195 Ditis
373 3152 454 3211 pater
474 3146 518 3195 cui
538 3163 569 3195 co
588 3148 681 3195 mense
701 3146 920 3196 sacrificabatur.
951 3147 1084 3208 Quintilis
1100 3152 1128 3196 et
1140 3147 1252 3197 Sextilis
1264 3149 1362 3196 mutati

220 3219 283 3263 sunt
301 3219 398 3278 postea
417 3213 592 3263 inhonorem
611 3214 675 3263 Iulii
695 3215 824 3263 Caesaris
843 3220 872 3262 ot
889 3215 1014 3278 Augusti.
1049 3214 1120 3263 unde
1144 3219 1207 3263 eunt
1224 3214 1310 3263 Iulius
1334 3220 1362 3263 et

219 3280 364 3345 Augustus.
401 3282 442 3330 sic
461 3280 577 3331 Ouidius
595 3282 624 3329 In
643 3279 742 3330 lastis?
763 3308 793 3316 -
818 3281 904 3331 Varro
923 3283 955 3330 L.
974 3283 1006 3330 L.
1026 3282 1063 3330 vt
1081 3280 1113 3330 33
1131 3297 1185 3344 sq:
1212 3282 1362 3331 ‘Mensium

219 3348 330 3398 nomina
350 3349 407 3397 fere
427 3355 524 3412 aperta
542 3354 605 3398 sunt
628 3349 652 3396 si
676 3364 693 3397 a
710 3350 811 3398 Martio
830 3354 857 3397 ut
882 3350 989 3413 antiqui
1007 3348 1208 3399 constituerunt
1226 3364 1363 3397 numeres.

219 3415 398 3480 namprimus
417 3432 433 3464 a
451 3416 549 3464 Marte.
587 3416 721 3465 sccundus
743 3422 773 3464 ut
791 3415 904 3465 Fuluius
928 3417 1026 3465 scribit
1049 3421 1078 3465 et
1101 3416 1195 3464 Iunius
1218 3432 1234 3464 a
1253 3416 1360 3464 Venere

220 3482 291 3546 quod
310 3498 344 3532 ea
362 3483 398 3532 sit
416 3482 580 3547 Aphrodite:
600 3483 696 3547 quoius
714 3499 813 3532 nornen
832 3499 882 3547 ego
897 3484 1019 3547 antiquis
1031 3483 1132 3532 litteris
1146 3482 1215 3546 quod
1229 3498 1361 3546 nusquam

219 3550 327 3609 inueni,
353 3551 442 3613 magis
460 3556 525 3615 puto
549 3551 651 3599 dictum
676 3551 745 3615 quod
770 3566 818 3599 uer
836 3551 927 3600 omnia
951 3551 1041 3615 aperit
1062 3551 1193 3614 Aprilem.
1229 3551 1325 3599 tertius
1345 3566 1362 3598 a

219 3618 369 3667 maioribus
388 3618 495 3679 hlaine,
521 3624 631 3681 quartus
656 3633 672 3667 a
696 3618 848 3667 iunioribus
871 3614 961 3667 dictus
985 3618 1087 3666 Iunius.
1129 3617 1228 3666 dehinc
1251 3617 1362 3682 quintus

219 3684 352 3745 Quintilis
372 3691 399 3733 et
417 3686 457 3734 sic
476 3685 609 3749 deinceps
627 3700 710 3749 usque
737 3684 771 3734 ad
790 3685 971 3734 Decembrem
995 3701 1011 3733 a
1035 3700 1154 3734 numero.
1192 3685 1227 3733 ad
1247 3684 1297 3735 hos
1316 3684 1361 3748 qui

220 3752 307 3801 additi
326 3753 401 3817 prior
419 3768 436 3801 a
453 3754 579 3818 principe
598 3752 649 3803 deo
667 3752 814 3801 Ianuarius
833 3752 1001 3817 appellatus;
1027 3752 1162 3817 posterior
1183 3758 1213 3801 ut
1231 3752 1302 3801 idem
1321 3751 1361 3800 di·

220 3844 420 3855 ......---·—-.

305 3899 317 3948 l
337 3899 429 3967 atque
443 3884 541 3947 AB²E
554 3883 567 3970 Η
583 3890 759 3967 acciperunt
773 3886 869 3948 AB¹D
882 3883 897 3970 ΙΙ
911 3888 1072 3947 uocablum
1092 3895 1115 3946 A
1131 3884 1145 3968 li
1160 3889 1296 3948 ianuario
1319 3885 1358 3946 B¹

221 3968 233 4051 il
257 3974 344 4033 iiam
361 3978 385 4030 A
402 3971 416 4054 Η
430 3970 472 4032 s&
488 3970 527 4031 B¹
544 3984 572 4031 et
585 3978 627 4032 itu
638 3977 704 4047 fere
720 3992 833 4047 semper
848 3969 893 4054 113
912 3973 1064 4053 apellatur
1080 3977 1107 4032 B
1121 3968 1135 4056 ΙΙ
1150 3983 1243 4054 atque
1260 3971 1327 4031 213²
1345 3969 1358 4053 li

218 4067 235 4117 4
249 4056 434 4116 februarium
450 4054 487 4115 Α1
505 4054 518 4140 ΙΙ
534 4057 653 4117 febrase
666 4055 704 4115 13¹
723 4054 736 4138 ΙΙ
751 4060 847 4117 saeris
863 4071 893 4117 et
907 4057 1018 4117 ualidis
1037 4062 1069 4115 A·
1083 4052 1096 4138 ii
1118 4057 1310 4137 lupercorum
1327 4057 1358 4115 id

220 4150 296 4208 usta
314 4142 441 4220 plutone
456 4143 504 4200 cui
521 4163 556 4201 eo
572 4163 676 4201 mense
690 4140 939 4219 sacrificabantur
950 4144 1065 4201 romani
1080 4147 1105 4201 B
1121 4137 1133 4223 ii
1149 4143 1360 4220 apellauenmt
1449 4212 1451 4217 y

222 4228 248 4282 B
261 4221 274 4307 ΙΙ
289 4235 306 4288 6
323 4227 468 4285 Romanis
484 4228 657 4285 ianuarium
675 4236 706 4285 et
720 4226 918 4285 Februarium
935 4229 1099 4285 Barbarus:
1126 4224 1295 4285 ianuarium
1310 4246 1357 4283 ro-

218 4312 299 4369 mani
316 4310 500 4369 februarium
521 4309 588 4369 A¹E
605 4312 774 4369 ianuarium
794 4311 909 4368 romani
934 4310 1077 4369 disserunt
1091 4310 1274 4368 februarium
1293 4305 1359 4365 .th

217 4394 383 4453 ianuarium
401 4396 517 4453 romani
526 4394 711 4454 addiderunt
727 4393 912 4453 februarium
927 4396 955 4452 D
