3220 5022
282 394 344 456 370
619 412 842 461 ovassrrouss
863 412 1091 454 svsrouranas

281 584 360 645 quae
373 564 412 622 de
425 564 534 621 ceteris
546 583 638 641 super
649 571 720 621 aunt
732 562 967 621 conformandae
980 571 1078 622 erunt.
1095 562 1251 639 praemisit
1261 562 1352 638 igitur
1363 563 1421 620 sin·

281 666 360 743 gulis
383 665 501 723 indices
518 667 649 724 virorum
672 683 796 743 quorum
815 663 908 722 vitam
931 671 1106 723 narraturus
1123 672 1189 722 erat
1212 684 1248 721 ex
1267 684 1349 722 more
1371 672 1421 722 ar'r·

280 768 428 849 tiquitutis
451 767 524 825 satis
546 773 632 840 n0t03
659 765 740 843 quod
761 767 791 823 in
816 785 909 824 causa
929 766 1023 824 fuisse
1044 764 1180 847 videtur,
1207 776 1241 823 ut
1259 766 1425 845 Byzantini

281 870 418 928 homines
441 869 548 926 mirum
574 866 659 924 illum
685 866 804 925 titulum
831 867 888 925 sibi
911 869 1118 944 confingerent
1141 864 1253 943 στέμμα
1274 857 1424 942 Ῥωμαίων

280 959 399 1045 ἀνδρῶν
410 963 571 1044 ἐπισήμων.
591 966 702 1025 deinde
714 968 904 1045 praefatione
916 970 1003 1028 initia
1017 978 1047 1027 et
1059 978 1140 1026 ortus
1154 968 1192 1027 de
1205 989 1264 1047 quo
1277 968 1425 1045 agebatur

282 1075 403 1152 generis
422 1090 563 1151 quaeqae
579 1068 687 1128 codem
704 1071 892 1146 pertinerent
908 1071 1007 1127 emnia
1023 1077 1170 1127 executus
1185 1078 1241 1129 est.
1286 1072 1425 1129 similiter

282 1178 314 1234 in
339 1182 497 1253 poetarum
526 1171 618 1243 libro,
636 1171 825 1249 ,priusquam
851 1181 961 1249 poetae
989 1172 1020 1229 in
1041 1170 1178 1230 ordinem
1203 1171 1424 1249 digererentur,

282 1297 347 1335 rem
374 1276 474 1352 egisse
496 1250 644 1351 reliquiae
666 1271 846 1343 ostendunt,
876 1292 956 1352 quae
978 1282 1031 1330 ant
1052 1274 1111 1331 iam
1138 1273 1197 1330 hue
1217 1275 1334 1334 relatae
1356 1284 1426 1334 sunt

284 1388 337 1438 ant
355 1375 538 1436 referendae
559 1373 710 1431 videntur.
748 1375 793 1431 sic
809 1374 1008 1433 Casaubonns
1031 1377 1234 1452 fragmentum
1249 1375 1324 1434 illud
1340 1395 1426 1453 egre-

284 1481 382 1557 gium,
410 1497 471 1557 quo
493 1477 562 1553 ipsa
583 1476 685 1553 poesis
716 1475 800 1558 origo
830 1475 1002 1554 explicatur
1025 1477 1086 1556 (2),
1114 1477 1174 1535 huc
1201 1477 1353 1555 pertinere
1380 1479 1425 1535 iu·

285 1582 414 1642 tullerit.
442 1576 523 1657 qued
541 1576 670 1655 quidem
680 1576 835 1654 paululum
852 1577 953 1636 differt
968 1598 986 1634 a
1001 1580 1118 1637 ratione
1138 1579 1169 1635 in
1184 1559 1425 1656 praefationibus

285 1702 365 1763 quae
380 1688 552 1760 supersunt
569 1678 742 1755 conspicua.
762 1678 793 1735 in
804 1677 852 1736 his
869 1670 953 1736 enini
965 1681 1073 1737 artium
1086 1679 1212 1736 historia
1225 1699 1262 1736 ex
1276 1698 1314 1737 ea
1325 1687 1426 1738 aetate

285 1784 443 1863 repetitur,
459 1800 520 1859 qua
536 1800 637 1838 earum
649 1778 750 1837 studia
762 1779 888 1855 primum
904 1780 1009 1838 urbem
1021 1781 1118 1838 inlata
1133 1780 1203 1838 sint.
1231 1799 1311 1859 quae
1327 1779 1430 1857 diver3

286 1886 363 1944 sitas
379 1882 489 1959 inipso
506 1882 631 1957 originis
642 1880 820 1939 diversitate
832 1882 933 1959 posita
950 1890 1007 1939 est.
1039 1902 1109 1940 narn
1123 1883 1224 1960 poesis
1238 1882 1352 1941 Latina
1366 1902 1428 1940 non

276 1985 464 2064 ‚simpliciter
476 2001 514 2041 cx
527 1982 659 2042 Graecia
669 1981 787 2040 adscita
800 1990 848 2040 est
861 1990 894 2039 ut
911 1984 1109 2058 grammatica
1125 1991 1156 2041 et
1170 1983 1330 2054 rhetorica,
1349 2002 1428 2062 quae

287 2097 369 2148 artes
386 2095 417 2145 et
431 2087 558 2144 Romam
575 2083 689 2141 inlatae
711 2092 781 2143 sunt
800 2092 832 2142 ct
854 2104 921 2141 curn
935 2084 974 2143 ad
991 2094 1169 2161 argumenta
1184 2084 1295 2142 Latina
1310 2102 1427 2142 accom-

286 2188 482 2248 modarentur
496 2194 579 2244 totae
594 2182 633 2241 ad
650 2183 823 2261 exemplum
839 2184 1025 2244 Graecorum
1040 2184 1314 2244 conformabantur.
1346 2194 1427 2243 cete·

287 2310 355 2349 rum
379 2288 486 2349 eadem
509 2286 626 2344 ratione
644 2285 743 2345 Varro
765 2286 806 2345 de
827 2287 977 2363 poematis
998 2286 1036 2344 ad
1057 2289 1198 2365 poeticae
1219 2287 1347 2346 Latinae
1370 2288 1427 2346 ori·

288 2393 376 2469 gines
397 2399 428 2449 et
455 2388 495 2449 ad
517 2388 634 2465 priscos
658 2386 730 2446 illos
756 2396 844 2445 vates
871 2387 1040 2467 faunosque
1071 2388 1269 2448 descendisse
1298 2388 1427 2448 videtur.

289 2495 330 2554 ef.
352 2492 390 2551 de
413 2491 518 2567 lingua
532 2487 643 2546 Latina
663 2487 722 2546 VII
737 2500 779 2553 36.
819 2509 880 2568 qua
902 2509 934 2547 re
950 2510 1011 2547 non
1026 2489 1258 2567 inprobabiliter
1272 2491 1429 2567 suspicere

290 2615 329 2654 ea
349 2612 429 2673 quae
445 2587 527 2668 apud
545 2587 697 2647 Isidorum
720 2591 922 2666 fragmentum
948 2590 1026 2650 illud
1045 2592 1173 2651 Suetcni
1194 2592 1351 2669 excipiunt
1374 2591 1428 2671 (cf.

288 2693 371 2775 pe),
383 2714 452 2752 cnm
462 2692 500 2751 de
512 2692 592 2749 vatis
605 2690 805 2766 originatione
817 2700 918 2767 agant,
933 2690 1207 2752 Suetoniodeberi.
1220 2713 1299 2773 quae
1311 2695 1430 2753 coniec-

289 2808 358 2857 tura
380 2816 417 2855 eo
442 2792 566 2874 quidem
585 2791 768 2865 infirmatur,
790 2792 873 2871 quod
887 2793 1065 2853 Isidorianis
1086 2793 1188 2853 verbis
1209 2795 1359 2855 Serviane
1377 2793 1431 2872 (ad

290 2899 371 2958 Aen.
391 2897 441 2956 111
460 2891 526 2967 443)
548 2903 580 2952 et
602 2894 670 2972 ipsa
690 2893 744 2952 illa
762 2914 841 2974 quae
864 2894 956 2953 citavi
978 2894 1067 2953 modo
1091 2896 1282 2955 Varroniano
1304 2898 1431 2956 inmixta

291 2998 463 3058 videantur.
486 2994 596 3074 quibus
619 3005 721 3054 tamen
743 2996 888 3055 detractis
908 3004 1045 3055 remanet
1070 2996 1151 3075 qnod
1170 2997 1339 3076 pleniorem
1365 2998 1430 3057 fon·

292 3106 354 3158 tem
368 3094 485 3178 produt.

375 3200 485 3261 Poesis
499 3199 665 3271 notatione,
682 3219 762 3279 qnae
776 3198 864 3257 simul
881 3199 1053 3275 fragmento
1072 3199 1126 3259 ille
1145 3200 1335 3279 describitur,
1355 3201 1431 3260 Sue-

293 3302 410 3375 tonius,
434 3300 515 3380 quod
541 3300 664 3379 quidem
685 3301 786 3359 multis
817 3300 887 3359 aliis
910 3299 1099 3373 documentis
1129 3303 1204 3362 satis
1226 3301 1387 3381 probatur,
1414 3323 1432 3361 a

292 3402 459 3484 puerilibus
471 3402 537 3461 istis
550 3404 816 3479 grammaticorum
833 3409 971 3462 veterum
983 3404 1073 3480 nugis
1090 3424 1124 3463 se
1139 3425 1199 3464 non
1214 3405 1348 3464 alienum
1362 3423 1432 3463 esse
1479 3396 1483 3407 ’

294 3503 444 3577 ostendit,
463 3523 500 3563 eo
513 3505 610 3581 magis
622 3504 680 3563 hoc
694 3503 762 3563 loco
779 3502 948 3575 mirandus,
965 3504 1046 3584 quod
1064 3525 1130 3563 cum
1146 3507 1177 3564 in
1193 3506 1237 3565 eis
1254 3525 1335 3585 qnae
1347 3503 1433 3564 addit

292 3612 410 3681 emaque
426 3607 556 3678 sectores
565 3615 670 3679 poetae
692 3625 797 3664 verum
818 3615 943 3685 etymon
964 3606 995 3664 in
1020 3614 1125 3684 aperto
1145 3607 1278 3685 positum
1299 3607 1432 3665 sondrae

224 3752 230 3763 .
293 3707 449 3780 videatur,
468 3727 507 3766 ea
525 3707 612 3787 quasi
627 3707 751 3784 gemina
762 3706 849 3766 verbi
863 3706 966 3766 radice
979 3707 1100 3787 prolata
1113 3715 1207 3767 totam
1223 3726 1286 3766 rem
1304 3708 1434 3767 maxime

294 3807 451 3889 pervertit.
540 3850 546 3861 .

357 3909 521 3990 ,Alterum
546 3909 744 3987 praefationis
770 3911 987 3988 fragmentum,
1018 3930 1078 3989 quo
1110 3910 1176 3969 eins
1201 3892 1433 3969 reconcinnatio

296 4028 481 4089 magnopere
510 4007 686 4082 adiuvatur,
714 4008 827 4086 legitur
855 4011 937 4092 apud
963 4011 1145 4071 Diomedem
1167 4011 1218 4070 ΠΙ
1243 4031 1274 4090 p.
1299 4020 1369 4086 482,
1402 4019 1434 4073 rt

298 4120 373 4173 14-
387 4120 453 4185 492,
481 4120 514 4172 14
535 4108 616 4187 (3²³).
654 4117 748 4169 tcum
770 4115 851 4172 enirn
870 4114 949 4172 hanc
972 4112 1206 4191 disputationem
1231 4112 1270 4171 de
1284 4112 1434 4191 poematis

295 4212 459 4291 generibus
471 4199 617 4272 Suetonio
630 4210 736 4271 deberi
749 4211 786 4272 Ο.
796 4213 921 4272 Iahnius
932 4212 1092 4273 intellexit.
1111 4214 1151 4274 ef.
1163 4233 1239 4274 mus.
1252 4214 1352 4272 Rhen.
1363 4232 1434 4273 nor.

297 4314 394 4375 VIIII
403 4335 433 4393 p.
446 4323 507 4378 639.
529 4312 741 4399 Tranquillum
756 4314 875 4373 scilicet
884 4314 916 4372 iu
929 4314 989 4373 fine
1007 4317 1072 4375 eius
1085 4323 1119 4375 ut
1135 4325 1290 4375 auctorem
1300 4314 1436 4374 nominat

206 4494 210 4503 ι
297 4414 464 4477 Diomedes
476 4423 616 4475 nocente
626 4434 737 4477 nomen
752 4415 884 4477 auctoris
895 4417 948 4495 qui
960 4417 1086 4496 propius
1099 4415 1139 4475 ad
1150 4417 1340 4494 grammatici
1351 4424 1435 4475 acta·
