3194 5004
556 369 584 409 e.
600 366 778 411 arrsenenn
794 367 1034 413 censueramus
1295 352 1357 415 519

155 554 158 560 ·
219 522 312 580 niano
341 519 505 581 abhorrere
535 501 566 579 iu
590 519 649 579 hoe
674 537 788 596 genere
815 523 880 579 dicit
902 521 1084 600 perspicitur
1110 541 1127 581 a
1152 519 1217 582 vita
1241 520 1270 582 d.
1296 522 1354 583 Iul.

219 633 253 687 55
270 630 345 682 extr.

304 724 381 802 Peg.
395 722 446 796 32,
461 723 500 782 14
514 723 619 783 mirum
637 731 683 783 est
696 731 758 783 tam
772 722 825 785 diu
840 724 990 803 concoqui
1004 725 1139 802 potuisse
1154 724 1236 805 quod
1251 726 1356 804 vulga·

218 834 267 886 tur
288 844 350 887 cum
367 834 473 884 centum
488 835 515 883 ct
527 834 586 884 octo
605 827 708 900 subulis
722 830 865 887 conueru'a
885 827 1089 885 cMencndre:
1111 847 1170 907 quo
1192 827 1269 886 nihil
1287 849 1355 888 uar-

218 929 280 991 rari
295 926 465 998 absurdius,
477 926 551 985 nihil
565 926 663 1003 magis
678 922 838 986 ridiculum
848 928 957 1005 potuit.
979 927 1062 1007 Quid
1075 929 1176 988 cuim?
1192 930 1276 989 cuius
1292 929 1353 989 for·

218 1040 301 1091 tasse
328 1050 390 1090 non
414 1029 519 1110 plures
543 1049 634 1110 quam
659 1028 804 1109 quinque
819 1037 850 1088 et
878 1038 1010 1096 centum,
1025 1029 1148 1091 fabulae
1174 1033 1356 1093 exstiterunt

219 1134 355 1209 omnino,
378 1131 410 1190 id
431 1129 512 1211 quod
527 1116 732 1209 Apollodorus
750 1138 881 1190 testatus
901 1139 949 1190 eet
972 1129 1053 1211 apud
1068 1129 1203 1192 Gellium
1217 1145 1307 1207 aevu,
1326 1142 1363 1207 4,-

219 1235 395 1295 eiusdemne
409 1232 569 1293 Menandri
583 1240 617 1291 ut
632 1242 701 1293 octo
715 1251 807 1312 supra
824 1240 943 1292 centum
958 1233 1085 1293 Latinus
1100 1242 1192 1313 poeta
1204 1234 1353 1297 uerterit?

219 1345 250 1397 et
268 1338 296 1396 ei
316 1336 367 1399 vel
385 1352 465 1394 cvm
481 1334 533 1393 vel
549 1351 602 1393 orx
621 1334 734 1392 fuerint
755 1333 922 1395 secundum
940 1334 1016 1394 alios
1034 1343 1175 1395 auctores
1192 1334 1354 1396 abeodem

219 1438 320 1499 Gellio
342 1444 538 1511 memoratos,
558 1434 737 1515 quibuscum
763 1436 873 1497 Suidas
899 1437 989 1511 lacit,
1017 1456 1070 1497 cas
1095 1439 1237 1497 etunius
1258 1439 1355 1498 ferme

218 1541 292 1601 anni
311 1541 411 1620 spatio
434 1535 487 1620 (ab
510 1558 537 1598 a.
563 1547 615 1601 594
636 1537 676 1599 ad
700 1536 765 1617 595)
791 1558 895 1598 omnes
917 1539 1105 1598 transtulerit
1124 1540 1155 1601 h.
1178 1559 1204 1604 e.
1225 1538 1355 1618 singulis

217 1641 371 1702 mensibus
389 1641 509 1701 circiter
526 1638 688 1700 novenas?
710 1634 787 1700 nihil
800 1649 833 1701 ut
855 1638 894 1699 de
914 1648 1056 1721 quattuor
1075 1640 1126 1702 vel
1144 1642 1278 1722 quinque
1294 1640 1355 1701 illie

218 1744 317 1805 dicam
337 1763 415 1825 quas
433 1761 472 1803 ex
487 1741 595 1802 eodem
608 1760 733 1802 numero
750 1741 875 1804 Latinas
896 1743 956 1802 iam
970 1743 1088 1805 Romae
1104 1744 1231 1805 fecerat.
1276 1744 1355 1820 'Pam

216 1847 309 1924 igitur
324 1844 529 1925 prodigiosam
549 1845 723 1903 memoriam
744 1844 893 1923 proditam
911 1864 930 1905 a
950 1853 1055 1905 vetere
1076 1846 1224 1925 scriptore
1241 1843 1354 1906 Cosco-

217 1950 268 2007 nio
286 1945 481 2027 putabimus?
505 1954 535 2004 et
550 1944 678 2005 simodo
694 1944 817 2025 prodita
834 1947 941 2019 fuerit,
962 1946 1116 2007 mentione
1136 1946 1258 2024 dignam
1277 1947 1354 2007 Sue·

218 2050 301 2109 tonio
315 2047 434 2108 visam?
458 2047 535 2106 et-si
555 2045 647 2123 digna
667 2047 751 2117 uisa,
769 2048 835 2106 siue
851 2048 913 2133 ullo
929 2048 1127 2109 dubitationis
1143 2046 1254 2107 iudicio
1275 2047 1353 2108 rela-

217 2149 302 2211 tam?
330 2149 440 2228 Apage
458 2156 519 2207 tam
537 2147 744 2209 incredibilia:
767 2149 947 2229 praesertim
966 2170 1032 2209 cum
1054 2151 1123 2210 fone
1144 2150 1253 2209 erroris
1268 2149 1308 2210 sit
1323 2150 1355 2208 iu

217 2242 388 2332 propatulo.
423 2249 501 2329 Quis
522 2250 603 2309 euim
625 2250 720 2309 semel
742 2251 873 2313 monitus
897 2250 1075 2313 diffitebitur
1095 2233 1208 2312 temere
1226 2252 1353 2311 iteratae

219 2372 293 2419 cusu
306 2352 524 2432 praepositioni
538 2371 695 2411 numerum
716 2351 800 2413 illum
821 2372 936 2413 omnem
955 2371 1036 2414 cem
1052 2352 1181 2413 deberi?
1216 2352 1353 2433 Eiusque

219 2456 344 2533 originis
359 2455 419 2534 ipsi
433 2453 511 2514 adeo
528 2453 597 2515 libri
612 2474 665 2515 me.
682 2452 857 2515 obscuriora
870 2455 1002 2533 vestigia
1018 2464 1186 2515 servarunt.
1195 2454 1226 2533 ⁸)
1272 2519 1276 2529 ,
1389 2435 1393 2444 ’

282 2703 307 2771 *)
326 2706 500 2757 Contrarium
520 2708 671 2773 exemplum
689 2709 718 2757 in
736 2706 899 2758 vocabulum
917 2708 1014 2779 mutati
1027 2707 1131 2758 numeri
1143 2707 1231 2758 habes
1243 2707 1272 2757 in
1285 2706 1352 2758 Sua-

217 2791 351 2843 eoriarum'
366 2791 438 2841 libro
457 2791 581 2842 Senecae
598 2808 625 2857 p.
645 2791 688 2849 11,
707 2792 740 2841 24
759 2791 800 2843 ed.
820 2792 915 2855 Burs,
934 2792 983 2842 ubi
1001 2792 1159 2861 Laconibus
1178 2785 1353 2843 haec‘uerba

133 2866 135 2869 ’
216 2878 385 2929 tribuuntur:
414 2878 473 2927 ideo
491 2876 533 2940 (h.
553 2894 578 2928 e.
596 2883 627 2927 ut
644 2893 704 2928 cum
723 2877 840 2944 Spartae
858 2877 993 2929 dedecore
1012 2877 1166 2944 fugiamus)
1184 2878 1250 2929 leuc
1266 2877 1352 2929 Euro·

215 2971 257 3015 tac
274 2966 353 3014 maura
370 2962 523 3027 circumfluit,
543 2965 587 3028 qui
601 2968 736 3027 pucrtttoru
753 2965 857 3013 indurat
879 2964 915 3013 ad
932 2964 1039 3027 suturae
1061 2965 1164 3014 militiae
1183 2966 1353 3030 patientiam?

159 3060 163 3067 ·
215 3051 272 3099 ideo
295 3048 404 3112 lbypcti
420 3049 528 3097 neruoris
546 3047 662 3111 difficilia
679 3052 729 3099 uici
745 3048 890 3104 Laconibus
906 3048 984 3113 iupa?
1009 3049 1065 3099 tdco
1084 3049 1197 3099 Hercule
1214 3038 1354 3113 plectatur

216 3135 248 3184 de
266 3133 385 3197 operibus
402 3137 497 3182 coelum
514 3136 622 3181 merito?
650 3134 706 3183 ideo
729 3134 797 3182 muri
814 3137 897 3183 uostrc'
913 3148 985 3183 arma
1001 3135 1076 3183 aunt?
1098 3132 1165 3198 vVbi
1187 3132 1269 3182 nihili
1292 3148 1352 3183 esse

217 3224 245 3269 ct
264 3233 280 3268 a
298 3217 439 3267 latinitate
457 3232 567 3283 prorsus
581 3217 731 3267 abhorrens
749 3219 787 3268 dc
804 3217 924 3283 opertbua
941 3220 1036 3267 coctum
1053 3221 1142 3268 merito
1160 3219 1298 3267 nemiuem
1311 3217 1353 3267 fu·

215 3304 266 3369 git.
302 3301 368 3351 Fuit
384 3303 469 3368 igitur
487 3303 531 3351 cui
550 3304 607 3352 deo
625 3302 745 3366 operibus
763 3306 858 3353 caelum
874 3304 963 3353 merito
982 3302 1011 3350 in
1028 3308 1148 3353 mentem
1164 3302 1281 3352 veniret.
1316 3302 1354 3352 At

214 3388 288 3438 inter
305 3387 371 3437 deos
389 3402 444 3436 uon
462 3391 506 3436 est
523 3387 648 3451 profecto
667 3386 734 3436 deus
752 3391 893 3451 receptus,
912 3386 962 3436 eed
979 3386 1059 3437 homo
1078 3386 1216 3437 mortalis:
1234 3387 1353 3452 opertdua
1435 3459 1438 3465 Ι

216 3478 308 3523 autem
326 3477 382 3521 tam
400 3471 473 3520 nude
490 3471 610 3535 positum
628 3470 743 3520 mirifice
763 3471 857 3537 friget.
893 3470 965 3533 Quid
983 3470 1088 3521 multa?
1111 3477 1206 3522 nutum
1224 3476 1267 3521 eet
1283 3470 1352 3522 illud

216 3573 251 3608 ne
268 3573 302 3607 ex
320 3572 370 3619 oc,
394 3556 579 3619 scriptumque
603 3570 619 3604 a
637 3555 745 3605 Seneca
766 3558 935 3606 scaceutte
952 3555 1071 3620 operibus
1088 3558 1182 3606 cochem
1199 3557 1298 3607 merite.
1319 3582 1352 3592 -

215 3642 296 3691 Aliud
314 3641 368 3691 hac
387 3641 534 3690 occasione
549 3639 670 3689 eiusdem
685 3640 826 3705 scriptoris
837 3639 963 3691 mendum
976 3642 1114 3707 corrigere
1127 3640 1204 3705 libet,
1217 3656 1298 3691 unum
1318 3656 1353 3691 er

215 3725 372 3776 incredibili
390 3724 565 3775 multitudino
579 3739 671 3775 corum
684 3740 754 3789 quae
766 3725 917 3776 Bursisnue
930 3725 994 3775 aliie
1007 3726 1132 3775 sananda
1144 3725 1256 3791 reliquit
1266 3741 1352 3792 prope

213 3810 301 3860 nimia
319 3809 500 3861 liberalitate.
535 3810 567 3859 In
581 3808 834 3860 Controuersiarum
852 3811 924 3859 enim
942 3809 960 3860 1.
979 3826 1021 3860 vn
1038 3827 1064 3876 p.
1079 3809 1136 3873 184,
1158 3810 1201 3862 12:
1220 3811 1352 3876 udtcpcr?

214 3898 241 3945 irc
256 3895 445 3960 puberucculo?
468 3897 568 3946 nullum
584 3900 632 3947 cet.
667 3900 693 3945 tu
710 3898 832 3961 remtqro?
855 3910 891 3945 nc
914 3895 972 3945 doc
995 3896 1094 3961 peridem
1112 3901 1159 3946 cst.
1194 3898 1220 3946 in
1244 3898 1351 3953 corrue?

215 3996 286 4031 ccmo
304 3989 422 4045 repertur
440 3986 479 4030 cat
496 3980 618 4045 naufrapr'
634 3995 724 4033 comes.
761 3983 787 4031 tu
804 3983 878 4031 uelo?
902 3982 927 4029 c'u
950 3982 1027 4030 orte?
1051 3983 1134 4031 omnia
1155 3996 1239 4047 paene
1256 3982 1350 4031 iustru-

214 4071 298 4115 mcutc
314 4067 461 4116 circumcua
477 4071 535 4114 aunt
552 4093 592 4125 -‚
612 4064 677 4129 quid
694 4064 749 4114 sibi
766 4064 838 4115 velle
856 4069 881 4115 s‘u
893 4070 950 4115 arte
969 4064 1052 4125 dices,
1071 4065 1118 4116 ubi
1136 4066 1170 4117 de
1188 4066 1351 4116 iustrumen-

215 4151 252 4200 tie
275 4150 381 4200 sermo?
411 4148 567 4216 Scripserst
584 4148 692 4200 Seneca
709 4152 735 4199 in
757 4152 831 4201 uelo?
854 4154 880 4200 in
898 4152 1080 4200 artemone?
1102 4152 1186 4202 omnio
1205 4177 1245 4203 -.
1280 4150 1351 4202 Nam

216 4234 326 4284 differre
345 4250 362 4283 a
379 4233 442 4285 velo
461 4239 629 4285 artemonem
648 4239 765 4285 constat
799 4236 837 4285 Et
854 4237 880 4285 in
902 4240 959 4286 arte
982 4236 1009 4285 iu
1030 4239 1113 4287 omnia
1135 4237 1239 4287 habere
1262 4235 1350 4288 codex

214 4317 403 4370 Bruxellenaie
415 4318 531 4371 videtur.
561 4319 667 4371 Eadem
685 4335 769 4386 opera
786 4318 892 4371 leviora
910 4320 1016 4386 corrige
1028 4319 1154 4386 finitima,
1172 4319 1266 4386 paullo
1285 4326 1350 4372 ante

215 4402 277 4457 ud
300 4406 361 4470 quid
378 4420 482 4455 accusas
500 4406 569 4471 quod
590 4405 756 4472 inpunitatem
776 4389 862 4470 [τάπ’
882 4406 1008 4468 dederim,
1033 4421 1120 4473 quom
1139 4406 1198 4470 sato
1222 4409 1349 4458 maurum
