3202 4998
722 443 827 484 csrvr
851 445 862 484 1
1301 424 1363 489 383

224 590 392 672 probabilis
411 593 623 652 Gntschmidio
639 593 721 664 visa,
748 613 828 673 quae
844 593 967 674 quidem
983 615 1051 679 cnm
1071 595 1108 654 et'
1121 594 1210 653 nobis
1231 595 1363 674 placeat,

225 696 374 754 laetamur
386 696 445 755 iam
457 694 571 753 nullam
589 696 804 754 necessitatem
820 716 875 754 nos
894 716 1004 773 cogere
1014 704 1056 767 ,ut
1072 717 1139 755 cum
1152 696 1364 756 Gutschmidio

226 796 264 856 ad
285 796 463 856 Suetonium
486 795 555 854 illas
576 795 748 855 notationes
773 798 950 856 referamus.
986 818 1054 856 nam
1078 796 1235 865 debemus„
1244 801 1311 875 cogi
1332 806 1365 857 ut

225 898 386 957 credamus
402 900 559 958 Valerium
576 900 741 959 Maximum
763 918 782 957 a
797 899 942 958 Suetonio
960 901 992 958 in
1015 920 1171 960 numerum
1192 900 1364 961 inlustrium

224 1000 357 1058 virorum
381 999 511 1060 relatum
535 1021 614 1060 esse.
653 1021 783 1082 quocum
808 1019 926 1061 conexa
947 1001 1043 1078 'Progi
1070 1004 1231 1075 memoria,
1260 1023 1363 1083 qnam·

226 1121 315 1180 quam
338 1110 453 1161 certum
474 1122 573 1182 paene
590 1113 665 1181 pulo
682 1102 859 1163 Suetonium
879 1104 973 1161 vitam
992 1105 1056 1162 eius
1078 1105 1276 1176 inlustrasse,
1296 1118 1363 1163 cnm

227 1203 433 1282 descriptione
453 1204 646 1264 historiarum
668 1203 907 1283 Philippicarum
930 1204 1091 1263 coniuncta
1114 1213 1174 1278 est,
1195 1224 1274 1284 quae
1294 1206 1363 1264 Bie-

224 1304 352 1364 lowskio
384 1305 507 1385 quidem
533 1326 571 1365 ex
593 1308 695 1382 Trogo
717 1305 827 1364 hausta
852 1304 1029 1379 videbatur,
1062 1326 1122 1385 qua
1145 1314 1246 1365 tamen
1268 1307 1364 1383 Trogi

225 1406 368 1466 historias
397 1427 458 1465 non
482 1427 573 1486 posse
599 1408 763 1483 significari
784 1407 964 1485 prudentem
989 1407 1134 1468 lectorem
1159 1428 1220 1467 non
1244 1402 1365 1487 poterat

224 1509 342 1586 fugere.
377 1515 468 1587 atque
491 1517 561 1567 sunt
583 1508 667 1567 Flori
687 1507 795 1577 verba,
822 1509 874 1588 qui
897 1507 1013 1585 inipso
1039 1509 1189 1586 epitomae
1213 1511 1364 1589 principio

224 1609 272 1670 12
289 1608 366 1668 haec
382 1607 472 1668 dicit:
491 1613 531 1666 itu
546 1614 604 1667 late
618 1627 673 1682 per
688 1612 784 1667 orbem
802 1616 949 1666 terrarum
965 1628 1047 1666 orma
1062 1615 1251 1681 circumtulit,
1268 1616 1368 1686 utqui

224 1729 273 1770 res
286 1715 363 1769 illius
378 1715 475 1785 legunt
488 1730 544 1769 non
561 1714 647 1769 unius
658 1715 760 1785 populi
771 1716 823 1769 sed
835 1717 950 1785 pencris
963 1714 1083 1769 lumeni
1089 1714 1172 1787 sacta
1186 1716 1363 1772 condiscunt.

225 1820 265 1871 tot
283 1816 313 1870 in
333 1815 478 1870 laboribus
496 1816 692 1886 periculisque
713 1817 914 1881 iactaturum,
940 1817 1031 1871 ulad
1052 1818 1279 1883 constituendum
1301 1819 1364 1873 eius

184 1978 187 1983 ,
223 1918 375 1987 imperium
394 1917 573 1973 contendisse
595 1918 691 1970 uirtus
708 1923 735 1971 ct
747 1915 870 1988 fortuna
888 1918 1051 1972 uideantur.
1082 1935 1142 1993 quo
1160 1922 1259 1973 sutem
1274 1915 1363 1974 modo

224 2015 301 2075 haec
321 2014 418 2075 verba
437 2014 475 2073 ad
492 2014 588 2090 Trogi
612 2014 754 2073 historias
776 2014 994 2074 describendas
1015 2015 1154 2076 adhibita
1175 2018 1250 2088 sint,
1274 2037 1362 2094 saga·

226 2116 301 2186 citer
322 2116 552 2176 Gutschmidius
569 2136 599 2194 p.
616 2124 667 2178 ael
684 2136 751 2195 sqq.
770 2114 938 2192 indagavit.
974 2134 1046 2174 usus
1064 2126 1111 2176 est
1126 2119 1205 2177 enim
1222 2119 1362 2195 Rogerns

225 2216 281 2293 (cf.
308 2218 416 2276 Matth.
442 2218 570 2278 Westm.
592 2218 621 2276 V
640 2214 670 2293 4)
696 2216 823 2275 historia
842 2217 996 2289 Romana,
1027 2238 1106 2297 quae
1133 2221 1226 2296 vulgo
1254 2220 1364 2279 dicitur

154 2326 157 2333 '
225 2318 351 2377 historia
371 2318 523 2391 miscella,
545 2319 588 2377 ita
610 2326 645 2376 ut
665 2317 814 2396 adpareat
834 2318 866 2375 in
885 2318 1024 2396 exemplo
1046 2320 1111 2378 eius
1135 2321 1243 2379 Iustini
1267 2323 1362 2401 epito-

224 2440 303 2479 mam
322 2420 361 2479 ad
376 2419 617 2497 amplificandam
635 2420 723 2477 istam
739 2419 924 2494 farraginem
946 2418 1111 2479 adhibitam
1136 2441 1215 2481 esse.
1256 2424 1315 2481 iarn
1337 2425 1363 2482 si

222 2510 396 2582 memineris
418 2523 450 2580 in
470 2521 603 2597 vulgatis
623 2519 768 2578 historiae
789 2519 946 2579 miscellae
967 2518 1053 2578 libris
1076 2540 1144 2580 cum
1163 2522 1311 2604 Eutropio
1332 2535 1363 2585 et

226 2623 335 2684 Orosio
356 2622 498 2700 coniungi
520 2622 568 2680 hic
590 2620 654 2680 illic
670 2629 816 2701 excerpta
833 2620 872 2680 de
891 2622 996 2707 Valeri
1016 2622 1168 2697 historiis,
1184 2646 1244 2683 non
1259 2628 1361 2705 inpro-

224 2725 326 2785 babile
352 2724 473 2784 videtur
494 2724 647 2800 Rogarem
669 2724 701 2781 in
725 2723 784 2782 hoc
810 2722 886 2781 libro
907 2724 1078 2782 notationes
1099 2723 1168 2786 illas
1189 2731 1362 2807 repperisse

225 2825 351 2887 haustas
371 2825 440 2885 illas
461 2826 583 2905 quidem
605 2826 637 2884 ni
657 2825 749 2884 fallor
773 2844 811 2882 ex
832 2824 1184 2913 antiquissimistlustini
1206 2839 1236 2889 et
1257 2831 1363 2891 Valeri

226 2929 393 2990 codicibus.

311 3032 399 3110 Quae
414 3050 481 3089 cum
493 3031 537 3089 ita
549 3030 623 3101 sint,
641 3028 724 3087 solus
736 3028 943 3107 Hieronymus
959 3037 1066 3088 auctor
1080 3029 1166 3091 nobis
1182 3042 1213 3092 et
1228 3035 1297 3094 fons
1316 3043 1363 3094 est

226 3135 433 3197 Suetonianae
450 3132 488 3192 de
505 3130 682 3191 inlustribus
700 3129 774 3187 viris
790 3131 952 3188 memoriae
970 3132 1000 3190 in
1019 3132 1163 3192 chronica
1184 3135 1361 3195 translatae.

225 3239 310 3297 cuius
329 3219 537 3314 antiquissimo
552 3232 762 3309 Bongarsiano
778 3229 871 3303 libro,
894 3251 983 3312 quem
1003 3253 1091 3291 nemo
1107 3243 1177 3311 post
1195 3236 1362 3297 Pontacum

225 3347 256 3398 et
270 3337 459 3414 Scaligerum
474 3332 622 3407 adhibuit,
638 3334 682 3391 uti
695 3331 780 3391 licuit
797 3332 908 3409 insigni
921 3333 1071 3392 Ritscheli
1088 3333 1245 3393 beneficio.
1274 3336 1362 3395 facil·

224 3440 295 3499 lime
312 3439 392 3498 enim
410 3437 441 3494 in
456 3455 556 3494 meram
571 3453 658 3493 usum
677 3435 829 3492 concessit
844 3452 932 3512 quom
948 3442 1112 3513 paraverat
1129 3434 1362 3514 descriptionem

224 3541 319 3619 partis
340 3539 422 3609 elus,
442 3557 503 3616 qua
518 3543 663 3614 excerpta
676 3533 863 3594 Suetouiana
879 3536 1078 3608 continentur,
1095 3537 1360 3596 accuratissimam.

226 3661 315 3721 quam
342 3641 393 3720 qui
421 3638 569 3709 confecit,
598 3656 660 3695 non
683 3634 861 3713 simpliciter
882 3635 1019 3695 codicem
1044 3636 1223 3714 descripsit,
1249 3637 1304 3696 sed
1331 3641 1362 3697 in

226 3744 333 3803 charta
353 3738 532 3801 tenuissima
552 3738 688 3814 singulos
717 3736 885 3794 litterarum
908 3735 1016 3795 ductus
1041 3757 1094 3815 per
1117 3758 1184 3797 eam
1204 3738 1361 3816 pellucen·

224 3854 272 3903 tes
289 3852 412 3904 secutus
429 3850 485 3901 est.
523 3860 590 3899 cum
605 3859 678 3897 vero
700 3837 738 3896 de
760 3837 913 3897 codicibus
928 3840 1177 3917 Hieronymianis
1192 3859 1362 3899 sermonem

224 3944 421 4016 instituerim,
438 3963 498 4002 non
513 3949 614 4021 potest
628 3940 773 3998 memoria
789 3941 988 4017 praetermitti
1004 3942 1111 3999 summi
1126 3941 1184 3999 viri
1205 3939 1243 4000 de
1260 3961 1361 4002 emen·

226 4045 349 4105 datione
369 4054 537 4124 temporum
552 4041 743 4103 meritissimi.
780 4042 930 4120 Iosephus
954 4043 1033 4101 enim
1056 4042 1195 4118 Scaliger
1216 4043 1254 4103 de
1276 4043 1361 4103 libris

225 4147 363 4207 chronici
384 4147 584 4206 certissimum
603 4144 748 4204 iudicium
778 4145 868 4217 fecit,
895 4164 1022 4224 quornm
1046 4143 1159 4223 duplex
1181 4165 1277 4223 genua
1301 4145 1360 4204 dis·

224 4249 324 4307 tinxit.
361 4267 422 4327 qus
443 4247 481 4307 de
500 4246 673 4307 differentia
685 4245 778 4305 velim
803 4245 944 4324 perlegas
967 4264 1049 4324 qnae
1068 4247 1227 4324 praeclare
1249 4247 1280 4304 in
1297 4247 1360 4305 aui-

224 4348 487 4409 madversionibus
517 4349 556 4409 ad
586 4348 802 4424 chronologica
828 4346 944 4405 Eusebi
976 4368 1006 4426 p.
1034 4358 1086 4412 559
1112 4349 1251 4426 exposita
1283 4357 1360 4406 sunt.

224 4448 275 4508 hic
300 4457 418 4510 tantum
447 4471 484 4510 ea
510 4470 589 4529 quae
616 4448 656 4508 ad
681 4459 815 4509 nostram
843 4468 907 4508 rem
940 4448 1056 4508 iaciant
1084 4448 1239 4527 adponere
1267 4447 1360 4508 libet:
