3194 5004
267 393 328 458 500
682 413 715 453 ru
730 413 829 453 vrrau
845 414 992 454 rensuum

266 583 369 642 paene
384 565 613 638 intermortuam
628 565 803 623 memoriam
818 565 850 623 in
866 564 1074 642 anthologiae
1090 566 1143 624 lat.
1160 566 1319 643 corollario
1337 567 1400 645 epiv

219 735 220 739 Ἰ
268 665 429 744 graphice,
446 682 506 745 quo
523 665 618 724 indici
632 666 802 724 scholarum
818 668 1002 725 aestivarum
1016 668 1091 726 anni
1110 676 1176 729 1853
1190 667 1399 745 proludebam,

267 767 448 825 resuscitavi
468 788 500 846 p.
517 779 553 824 xl
570 787 632 847 sq,
655 776 738 826 certa
758 775 859 826 antem
881 769 1115 828 ratiocinatione
1137 769 1228 827 etiam
1249 770 1400 827 Plautinis

266 867 404 927 versibus
418 869 510 928 Most.
527 877 588 931 792.
605 868 716 946 Amph.
733 878 783 931 631
799 866 1049 948 redintegrandis
1065 870 1207 944 adhibui,
1225 889 1243 928 a
1259 871 1400 931 Volcatio

266 990 304 1028 eo
321 971 420 1028 minus
437 970 540 1028 abeno
555 968 724 1039 videbitur,
742 991 801 1049 quo
818 972 929 1030 certius
946 982 992 1031 est
1006 973 1183 1051 posterioris
1199 972 1308 1031 aetatis
1325 970 1401 1030 duos

266 1071 336 1130 illos
353 1072 457 1130 titulos
473 1070 581 1151 (Orell.
598 1080 677 1133 2863.
691 1072 788 1130 Inscr.
801 1073 901 1151 Neap.
915 1070 979 1151 423)
1000 1093 1067 1132 esse
1080 1094 1207 1154 quorum
1219 1058 1400 1137 testimoniis

265 1173 342 1232 fides
360 1174 423 1232 eius
440 1175 556 1232 formae
577 1173 676 1232 omnis
697 1171 921 1250 continetur*).
966 1175 1040 1253 Ipsa
1066 1186 1166 1235 autem
1188 1176 1294 1235 ‘simul‘
1317 1175 1400 1233 notio

267 1296 328 1355 quo
349 1283 484 1354 spectet,
508 1295 610 1334 rursus
632 1275 757 1353 planum
776 1276 810 1333 fit
831 1295 848 1334 e
870 1274 1056 1336 didascaliis.
1101 1277 1226 1357 Quippe
1252 1277 1321 1336 uuis
1344 1276 1401 1335 eis·
1468 1330 1473 1337 .

268 1378 399 1458 demque
423 1376 508 1437 ludis,
526 1376 706 1436 funebribus
727 1378 852 1436 Aemilii
874 1378 988 1451 Paulli,
1015 1398 1091 1457 quos
1113 1380 1215 1437 fecere
1233 1377 1271 1456 Q.
1287 1376 1401 1437 Fabius

266 1470 417 1539 Maximus
441 1479 476 1536 P.
501 1476 662 1537 Cornelius
685 1478 863 1553 Africanus,
890 1480 927 1537 L.
949 1479 1059 1538 Anicio
1084 1480 1176 1540 Gallo
1196 1481 1240 1538 M.
1256 1478 1401 1539 Cornelio

268 1579 407 1657 Cethego
423 1600 485 1638 eos.
501 1580 532 1637 b.
549 1599 576 1639 e.
593 1600 675 1639 auno
691 1579 774 1639 urbis
790 1590 855 1649 594,
880 1591 911 1639 et
924 1580 1062 1660 Adelphi
1084 1591 1152 1640 aeta
1168 1591 1214 1640 cst
1235 1598 1316 1661 quae
1337 1582 1412 1659 pla··

267 1683 342 1756 cuit,
371 1691 401 1741 et
427 1683 537 1741 iterum
564 1681 637 1739 data
657 1682 798 1761 Hecyra,
827 1702 905 1761 quae
932 1702 984 1741 cur
1006 1704 1046 1742 ue
1066 1691 1130 1741 tum
1151 1682 1275 1763 quidem
1295 1683 1402 1762 peragi

267 1794 374 1863 posset
395 1783 480 1863 (nam
503 1783 644 1843 ‘exclusa’
666 1785 727 1842 iarn
742 1792 934 1857 assuerat,
965 1804 1031 1844 cum
1053 1785 1085 1842 in
1111 1804 1255 1844 scaenam
1274 1785 1403 1863 primum
1480 1846 1489 1861 ⁴

268 1886 440 1963 deferretur
455 1887 493 1945 Τ.
509 1885 626 1945 Manlio
642 1886 801 1965 Torquato
818 1884 878 1968 On.¹
892 1883 1022 1945 Octavio
1038 1883 1130 1963 eoa),
1146 1888 1214 1966 ipsc
1236 1894 1320 1944 actor
1342 1886 1402 1964 pri·

266 2009 381 2048 marum
395 1987 539 2067 idemque
556 1987 696 2047 dominus
711 1990 814 2066 gregis
826 1988 986 2047 Ambivius
998 1989 1115 2068 Turpio
1129 1988 1271 2067 exposuit
1282 1987 1404 2066 prologi

267 2091 392 2151 alterius
407 2111 437 2149 r.
452 2099 487 2153 29
502 2089 543 2148 ad
558 2097 602 2152 33.
635 2091 718 2166 Ergo
736 2089 860 2149 brevem
877 2091 1138 2177 enumerationem
1156 2089 1327 2149 fabularum
1342 2090 1403 2148 Te·

266 2195 475 2253 rentiauarum
488 2192 622 2251 omnium
633 2191 848 2271 percommode
857 2191 1015 2257 Volcatius
1028 2192 1127 2271 potuit
1139 2192 1224 2252 velut
1234 2192 1290 2251 tali
1302 2198 1403 2251 exem·

265 2296 319 2375 plo
335 2296 519 2353 terminare:

351 2494 376 2559 *)
394 2497 427 2546 ln
446 2494 572 2562 epistulis
582 2496 723 2545 Ciceronis
742 2501 807 2560 quot
824 2496 945 2562 vestigia
963 2496 1094 2546 sermonis
1112 2495 1248 2563 vulgaris,
1269 2497 1314 2561 qui
1332 2495 1404 2546 idern

269 2598 329 2633 esso
348 2584 456 2646 priscus
474 2579 559 2641 solet,
587 2585 701 2629 servata
723 2580 790 2644 sint,
817 2596 905 2646 nuper
923 2580 1029 2630 demum
1053 2586 1186 2630 accurata
1211 2581 1403 2636 observatione

267 2666 434 2717 Franciscus
453 2664 639 2714 Buechelorus
658 2658 818 2729 persecutus
838 2671 880 2715 est
897 2666 986 2715 Musei
1004 2664 1091 2714 Rhea.
1110 2666 1148 2713 XI
1166 2682 1193 2730 p.
1206 2664 1256 2715 500
1274 2682 1333 2731 sqq.
1362 2666 1403 2714 Eo

268 2753 353 2817 igitur
370 2749 418 2798 illc
433 2751 518 2799 etiam
530 2750 581 2799 boe
595 2750 693 2811 refert,
715 2751 785 2813 quod
798 2749 833 2799 ad
846 2752 901 2798 att.
914 2750 980 2813 VII,
998 2748 1023 2808 a,
1037 2751 1053 2799 2
1071 2751 1202 2815 scripturn
1221 2755 1264 2799 est
1279 2754 1304 2799 si
1319 2753 1404 2812 multo,

267 2838 315 2885 ubi
334 2835 475 2886 sententia
493 2835 608 2898 requirit
629 2837 702 2882 sr'nnd
724 2820 876 2883 notionem:
901 2835 1002 2899 quippe
1026 2836 1175 2884 conflatam
1198 2850 1258 2885 esse
1283 2823 1408 2884 sinuare

267 2921 433 2986 scripturam
453 2935 467 2968 a
485 2919 649 2981 vetustiore,
674 2930 728 2982 qua
745 2917 797 2967 hoc
816 2918 876 2969 loco
893 2919 992 2968 luserit
1009 2918 1120 2981 Cicero,
1146 2934 1243 2970 srurru
1266 2918 1405 2985 particula

269 3009 296 3055 et
315 3007 375 3055 eius
393 3004 624 3068 interpretatione
644 3018 737 3053 eruut.
766 3003 854 3065 Quam
867 3008 959 3053 autern
972 3003 1018 3052 diu
1035 3005 1116 3053 simitu
1135 3004 1239 3053 formae
1252 3018 1317 3054 usus
1328 3014 1413 3053 maus

176 3077 182 3085 ’
268 3091 349 3151 serit,
375 3090 461 3138 etiam
485 3084 518 3137 eri
542 3089 741 3153 epigrammate
765 3087 951 3154 Anthelogiae
976 3089 1007 3150 V,
1029 3088 1052 3151 l,
1074 3087 1105 3138 10
1122 3088 1213 3139 Burro.
1237 3088 1314 3152 (1024
1333 3088 1405 3154 apud

268 3173 420 3238 Meyernm)
432 3173 573 3239 intellegi:
583 3174 653 3222 Hine
663 3173 781 3231 dereiner,
794 3181 908 3223 armenta
919 3175 1008 3232 simitu,
1026 3180 1050 3223 et
1061 3177 1157 3239 semina
1167 3190 1264 3223 rerunt:
1279 3175 1320 3222 ita
1333 3173 1406 3222 enim

269 3258 331 3323 (scd
348 3258 401 3308 hoc
419 3262 530 3324 praeter
548 3257 614 3320 aliu)
634 3257 842 3309 emaculandum
860 3257 948 3309 videri
966 3258 1037 3323 quod
1056 3259 1183 3325 vulgatur
1200 3263 1271 3309 aimeri
1287 3265 1321 3307 et.
1350 3258 1404 3309 Ve-

267 3358 326 3393 rum
346 3344 430 3393 etiam
449 3343 613 3408 antiquioris
630 3346 727 3393 similar
744 3344 862 3405 formae,
883 3345 911 3391 in
930 3358 1011 3406 quam
1028 3357 1111 3408 supra
1129 3343 1228 3394 incidit
1245 3342 1410 3409 disputatio,

267 3428 376 3479 fallitur
393 3434 488 3479 nostra
505 3429 646 3477 sententia
665 3430 711 3494 qui
723 3429 870 3493 vestigium
889 3429 1046 3493 srrspieatns
1065 3433 1108 3478 est
1124 3430 1153 3478 in
1170 3428 1263 3478 Hostii
1280 3428 1406 3479 versibus

268 3513 395 3564 relietum
419 3513 492 3579 apud
508 3513 681 3563 Macrobium
698 3512 807 3563 Satura.
826 3513 877 3574 VI,
897 3513 927 3575 5,
951 3511 980 3563 b:
1004 3515 1057 3563 Diu
1074 3513 1207 3569 Minerua,
1229 3515 1302 3563 rimu!
1324 3519 1406 3562 autem

267 3602 374 3650 inuictus
391 3601 485 3664 Apollo
503 3593 515 3666 li
533 3599 705 3665 Arquitenens
723 3600 855 3649 Latonium.
890 3598 934 3648 Ibi
958 3600 1031 3648 cuim
1054 3599 1108 3649 etsi
1129 3599 1273 3664 prosodiae
1298 3598 1407 3664 quidem

268 3668 358 3733 {rideri
375 3690 467 3749 potest
485 3685 526 3733 sic
545 3685 613 3733 satis
632 3683 692 3733 lieri
710 3685 807 3732 sinitur
825 3689 907 3732 autern
925 3686 942 3732 i.
962 3684 1010 3733 Aa
1030 3683 1139 3748 quando
1157 3683 1291 3748 producta
1310 3683 1408 3732 ultima

268 3769 474 3833 pronuntiatum
492 3784 552 3819 esse
570 3771 669 3818 airnitur
687 3769 742 3817 ianr
760 3768 825 3818 olim
843 3769 901 3817 dixi
918 3768 1062 3833 probabile
1082 3784 1156 3817 csse:
1176 3773 1268 3817 tamen
1286 3785 1302 3817 a
1315 3783 1407 3817 nunio-

268 3868 359 3902 rornnr
381 3854 489 3904 ratione
513 3854 560 3905 rix
581 3859 710 3918 poterunt
734 3853 787 3902 duo
804 3868 899 3903 versus
919 3854 1042 3919 contigui
1060 3852 1172 3918 placere
1196 3853 1326 3918 neglecta
1344 3868 1408 3902 cae·

269 3952 334 3987 sura
357 3938 511 4003 aequaliter
534 3939 705 3989 inconcinni.
740 3939 814 4004 Ergo
837 3941 878 3988 sic
902 3940 993 4003 potius
1017 3937 1192 3987 statuendum
1211 3937 1334 4001 videtur,
1353 3952 1408 3986 uua

270 4023 420 4087 eademqne
439 4023 540 4074 lacuna
557 4024 699 4089 utriusqus
717 4038 813 4074 versus
832 4024 969 4077 communi
987 4023 1092 4089 aliquid
1116 4024 1144 4072 iu
1162 4027 1277 4088 utroque
1295 4023 1409 4073 interci-

269 4108 351 4157 disse.
388 4109 483 4173 Velut,
502 4109 644 4174 aliquant
663 4108 787 4175 exemplo
804 4113 881 4170 utar,
900 4109 929 4159 in
946 4108 1018 4159 hunc
1036 4108 1156 4159 modum:

473 4196 522 4244 Dia
541 4195 661 4244 Minerua
680 4190 768 4260 [ruit],
786 4194 858 4243 sinrul
873 4196 957 4244 caten
975 4197 1083 4244 inuictus
1100 4194 1195 4258 Apollo

292 4340 295 4347 .
472 4279 646 4343 Arquitenens
663 4275 773 4345 [instat]
792 4279 925 4329 Latonius.
1060 4300 1071 4326 ο

270 4362 303 4412 In
320 4366 447 4427 promptu
464 4369 507 4412 est
530 4364 602 4413 enim
625 4378 769 4428 epagnae
793 4362 978 4428 descriptione
997 4360 1063 4413 belli
1087 4363 1205 4412 Histrici
1233 4361 1304 4411 haee
1332 4374 1409 4425 repe·
1469 4386 1475 4395 ι

210 4493 215 4499 .
269 4451 344 4510 tere,
364 4448 409 4497 cui
427 4460 537 4513 pugnae
555 4448 704 4498 Homerico
724 4448 848 4513 exemplo
868 4449 922 4514 ipsi
940 4448 1189 4501 dei.interfuerint.
