3200 4992
595 423 636 464 us
660 421 746 464 suso
771 422 973 464 souauonvu
1298 401 1353 461 171

216 569 321 635 locum
332 569 386 635 uel
397 570 544 634 ordinem
556 578 773 657 reuertuntur.
788 594 838 632 *rs
850 590 947 654 quom
956 589 1076 631 annum
1088 568 1212 653 antiqui
1222 567 1358 631 undeui-

216 674 360 736 censimo
372 693 458 737 anno
472 672 557 735 finiri
567 671 620 734 uel
632 671 802 756 adimpleri
815 670 978 734 dixerunt.
994 685 1168 732 ensurius
1181 690 1259 732 uero
1270 668 1358 755 apud

218 774 364 837 Graecos
380 774 401 850 †
416 794 521 836 annus
544 782 694 859 quartus,
716 772 759 837 ab
777 771 932 858 Olympio
954 792 1059 855 agone
1074 771 1131 856 qui
1146 771 1238 834 uenit
1254 780 1358 834 trans-

217 874 299 937 actis
334 874 403 938 IIII
436 875 548 955 annis,
582 874 616 937 in
649 873 768 960 quibus
792 873 891 937 finem
923 875 1058 936 sortitur
1084 871 1199 956 agonis
1228 880 1358 956 ternpus

195 984 349 1061 epropter
365 973 603 1062 †quadriennii
618 996 748 1039 sursum
766 973 843 1039 solis
859 983 892 1038 et
905 984 1037 1059 propter
1052 971 1139 1058 quod
1154 972 1292 1056 singulis
1302 993 1357 1034 an-

216 1076 268 1140 nis
283 1076 304 1153 †
318 1076 414 1139 trium
435 1077 588 1141 horarum
607 1078 852 1163 consumptione
873 1077 906 1139 in
921 1075 1170 1161 quadriennium
1188 1073 1258 1137 dies
1275 1094 1360 1136 unus

217 1248 333 1297 circuitu
353 1250 481 1312 temporis
499 1253 578 1313 putat
596 1249 706 1311 dietum,
726 1250 790 1314 quia
808 1254 916 1298 ueteres
935 1264 970 1297 an
989 1264 1038 1313 pro
1057 1249 1160 1297 circum
1172 1261 1273 1314 ponere
1293 1262 1357 1295 oon·

217 1321 339 1379 suerunt,
359 1322 388 1364 ut
406 1316 476 1366 Cato
495 1318 523 1366 iu
540 1317 706 1380 originibus:
731 1317 829 1366 Arator
852 1331 887 1365 au
905 1317 1058 1377 terminum,
1078 1314 1106 1363 id
1124 1319 1167 1364 est
1185 1314 1287 1363 circum
1305 1319 1359 1362 ter·

217 1384 326 1444 minum,
347 1389 376 1433 et
394 1385 499 1434 ambire
517 1385 618 1433 dicitur
630 1399 678 1450 pro
692 1382 854 1434 circumire.²
873 1411 905 1421 —
925 1384 1092 1434 Censorinus
1103 1382 1168 1432 XXI
1181 1380 1225 1431 13:
1245 1381 1329 1433 ⁴Aliis
1342 1395 1359 1430 a

218 1466 289 1500 nouo
311 1451 368 1501 sole
393 1452 422 1501 id
446 1457 488 1502 est
511 1468 528 1501 a
551 1453 660 1509 bruma,
684 1452 748 1500 aliis
767 1452 802 1501 ab
826 1453 931 1503 aestiuo
949 1451 1082 1510 solstitio,
1101 1450 1239 1515 plerisque
1258 1449 1293 1498 ab
1312 1464 1358 1498 ae-

219 1519 357 1582 quinoctio
380 1535 475 1581 uerno,
503 1521 604 1584 partim
628 1519 663 1569 ab
683 1519 834 1569 autumnali
853 1520 1043 1584 aequinoctio,
1063 1517 1225 1582 quibusdam
1244 1518 1358 1567 abortu

218 1586 409 1651 uergiliarum,
430 1587 568 1637 nonnullis
579 1587 617 1636 ab
636 1603 730 1636 earum
748 1603 863 1645 occasu,
882 1587 975 1637 multis
988 1602 1005 1636 a
1025 1586 1103 1635 canis
1122 1589 1217 1634 exortu
1234 1585 1358 1649 incipere

219 1669 305 1703 annus
333 1656 468 1704 naturalis
500 1653 632 1704 uidetur.'
664 1681 699 1692 -
724 1656 766 1705 De
795 1655 835 1704 eis
867 1670 937 1720 quae
971 1654 1042 1719 apud
1069 1652 1203 1703 Isidorum
1229 1657 1359 1703 secuntur

217 1722 245 1769 iu
269 1723 484 1782 Quaestionibus
507 1722 655 1786 disputavi.
679 1749 709 1758 -
734 1724 899 1772 Censorinus
927 1723 1019 1771 XVIII
1042 1722 1072 1770 8:
1109 1720 1270 1785 ‘praeterea
1296 1725 1360 1769 sunt

219 1791 283 1837 anni
303 1792 396 1853 magni
415 1790 568 1854 complures
585 1795 616 1839 ut
632 1791 798 1851 Metonicus,
822 1806 902 1853 quom
919 1792 1014 1840 Meton
1032 1788 1208 1838 Atheniensis
1227 1804 1260 1838 ex
1279 1788 1359 1837 annis

218 1857 391 1921 undeuiginti
409 1858 555 1907 coustituit
573 1874 658 1922 eoque
677 1858 923 1907 enneadecaeteris
948 1854 1124 1922 appellatur.'
1151 1882 1184 1891 -
1210 1855 1310 1905 Cicero
1325 1855 1359 1904 do
1441 1862 1446 1871 '

218 1930 318 1972 natura
337 1925 448 1974 deorum
468 1924 557 1974 1120:
585 1926 715 1987 ‘Quorum
741 1942 774 1974 ex
797 1925 954 1990 disparibus
976 1924 1142 1974 motionibus
1163 1938 1292 1987 magnum
1311 1939 1359 1972 an-

212 2007 281 2040 num
301 1992 490 2042 mathematici
509 1992 733 2054 nominauerunt,
754 1994 874 2057 quitum
893 1992 1027 2052 efficitur,
1051 2007 1111 2041 cum
1134 1991 1201 2040 solis
1225 1996 1254 2040 et
1277 1990 1359 2041 lunae

219 2067 246 2107 et
257 2060 376 2123 quinque
389 2060 537 2109 errantium
550 2060 585 2109 ad
597 2060 712 2109 eandem
725 2061 797 2110 inter
808 2076 837 2110 se
852 2059 1084 2124 comparationem
1094 2058 1229 2109 confectis
1241 2059 1359 2107 omnium

218 2127 317 2190 spatiis
336 2133 378 2177 est
396 2128 473 2177 faeta
492 2129 649 2189 conuersis,
669 2143 739 2192 quae
759 2143 839 2192 quam
857 2128 941 2192 longa
959 2129 1008 2188 sit,
1033 2142 1134 2191 magna
1153 2126 1278 2191 quaestio
1297 2124 1358 2174 est’.

219 2193 385 2244 Censorinus
403 2196 496 2244 XVIII
517 2194 560 2243 11:
581 2196 641 2246 ‘Est
659 2200 806 2260 praeterea
825 2210 911 2245 annus
935 2209 1013 2259 quem
1032 2194 1194 2245 Aristoteles
1213 2193 1358 2242 maximum

218 2262 308 2325 potius
328 2277 408 2325 quam
426 2277 555 2327 magnum
574 2264 711 2328 appellat,
738 2278 817 2327 quem
840 2262 907 2313 nolin
930 2270 958 2312 et
976 2262 1058 2311 lunae
1076 2272 1262 2325 nugarumque
1282 2260 1359 2324 quin-

219 2344 269 2392 que
287 2329 428 2378 stellarum
447 2331 527 2379 orbes
545 2330 703 2393 conficiunt,
722 2345 783 2380 cum
802 2330 836 2379 ad
854 2330 926 2379 idern
945 2331 1052 2395 signum
1066 2329 1112 2378 nbi
1125 2328 1262 2393 quondam
1279 2327 1360 2377 siurul

219 2396 329 2446 fuerunt
346 2412 400 2446 unu
419 2398 589 2459 reseruntur;
608 2400 685 2448 ouius
699 2399 764 2447 anui
776 2398 883 2462 hiemps
894 2412 999 2447 summa
1017 2402 1060 2446 est
1072 2395 1263 2458 cataclysmos‚
1278 2411 1359 2459 quarn

218 2463 485 2514 uostridiluuiouem
497 2471 608 2530 uocant,
623 2471 820 2515 aestasautem
834 2466 983 2530 suppreme,
1005 2465 1075 2528 quod
1094 2469 1137 2513 est
1153 2463 1246 2512 mundi
1264 2464 1359 2512 incen-
1408 2515 1411 2522 ,
1454 2450 1465 2467 ”

218 2530 300 2582 dlum.
328 2530 400 2581 hunc
417 2533 592 2583 Aristarchus
609 2534 783 2598 putauitesse
801 2548 932 2583 annorum
948 2533 1115 2583 uertentium
1129 2532 1358 2593 fiscamnum,

218 2598 315 2647 Aretes
326 2599 533 2662 Dyrrhachinus
545 2600 645 2663 Vbsn',
653 2601 812 2651 Heraclitus
824 2606 852 2651 et
861 2602 948 2651 Linus
956 2602 1061 2664 XM,
1080 2601 1155 2649 Dion
1167 2601 1360 2663 Xnocouxrnr,

219 2665 344 2729 Orpheus
361 2667 449 2729 CXX,
468 2668 640 2718 Cassandrus
663 2669 758 2718 tricies
776 2669 866 2719 series
888 2676 996 2720 centum
1014 2671 1131 2721 milium:
1156 2670 1205 2718 alii
1228 2684 1294 2719 uero
1319 2670 1358 2718 in·
1423 2706 1428 2717 .

218 2732 323 2782 linitum
354 2750 415 2784 esse
443 2749 495 2784 uec
518 2749 644 2800 umquam
668 2737 697 2785 iu
723 2752 753 2786 se
775 2737 879 2786 reuerti
902 2734 1113 2788 existimarunt!
1154 2737 1266 2787 Servius
1289 2736 1357 2788 Aen.

218 2800 312 2849 12o9:
337 2802 418 2850 ‘Tria
439 2808 504 2852 suut
527 2819 631 2868 genera
653 2815 798 2853 annoruml
823 2810 872 2853 aut
895 2806 966 2854 euim
990 2807 1093 2856 lunaris
1116 2821 1204 2855 annus
1223 2811 1265 2855 est
1282 2805 1359 2854 XXX

218 2868 335 2928 dierum,
366 2874 415 2918 aut
443 2870 600 2920 solstitialis
621 2871 674 2920 XII
697 2872 831 2922 mensium
858 2877 907 2921 aut
929 2874 1078 2924 secundum
1102 2873 1222 2925 'rubium
1244 2888 1360 2936 magnus

219 2936 264 2999 qui
292 2942 369 2985 tenet
396 2936 450 2986 XII
477 2937 565 2987 millia
593 2940 756 3003 quingentos
783 2940 865 2988 LIIII
893 2956 993 3001 annos,
1023 2949 1053 2991 ut
1081 2942 1110 2990 in
1134 2941 1295 2991 Hortensio:
1324 2941 1361 2989 Et

219 3005 311 3052 norrun
335 3019 466 3054 annorum
489 3021 556 3069 quos
579 3007 607 3055 in
631 3007 713 3056 lastis
735 3007 880 3068 habemus,
905 3023 1021 3073 magnus
1043 3010 1096 3060 XII
1118 3008 1206 3059 millia
1228 3009 1292 3073 quin
1330 3024 1360 3057 u·

218 3075 261 3119 tos
281 3071 361 3121 LIIII
379 3071 574 3136 amplectitur)
611 3074 722 3123 Servius
740 3075 807 3123 Aen.
827 3076 869 3124 III
887 3074 950 3125 284:
975 3075 1101 3142 ‘Antiqui
1119 3081 1243 3140 tempora
1262 3077 1285 3124 si
1306 3076 1359 3135 eri-

219 3138 268 3188 bus
287 3139 485 3203 computabant
504 3145 532 3189 et
549 3140 678 3190 dixerunt
695 3143 782 3207 primo
805 3142 929 3195 lunarem
952 3159 1053 3193 aunum
1077 3144 1194 3207 triginta
1217 3159 1358 3193 annorum.

177 3239 181 3247 .
217 3206 288 3256 rende
307 3207 447 3255 inuenitur
460 3207 487 3256 in
500 3207 640 3272 aliquibus
657 3210 717 3258 uita
729 3216 928 3275 nongentorum
946 3227 1078 3261 annorum
1091 3211 1201 3261 scilicet
1213 3210 1359 3261 lunarium.

139 3288 146 3297 ·
218 3278 316 3336 postea
338 3274 495 3324 solstitialis
520 3291 608 3326 annus
629 3282 754 3342 repertus
779 3284 821 3327 eet
845 3280 891 3342 qui
914 3279 968 3328 XII
992 3280 1117 3328 continet
1139 3293 1256 3327 menses.
1299 3295 1359 3328 mox

218 3341 321 3390 maiore
341 3357 406 3390 cura
425 3358 553 3407 magnum
571 3359 671 3393 anuum
690 3359 750 3394 esse
771 3345 928 3407 uoluerunt,
954 3347 1078 3396 omnibus
1101 3347 1223 3411 planetis
1247 3347 1275 3394 in
1294 3362 1359 3395 erru-

218 3407 278 3458 dem
305 3411 511 3459 recurrentibus
537 3410 626 3461 locum
658 3417 686 3461 et
711 3412 757 3461 hic
784 3414 822 3461 sit
850 3418 880 3462 ut
907 3414 1107 3478 supradiximus
1136 3413 1284 3462 secundum
1314 3414 1359 3462 Ci-

218 3476 325 3526 eeronis
353 3476 532 3526 Hortensium
559 3484 622 3543 post
644 3495 730 3529 annos
753 3480 806 3529 XII
835 3481 923 3530 millia
946 3483 1130 3545 noningentos
1159 3481 1359 3545 quinquagiuta

218 3549 358 3607 quattuor,
383 3543 548 3594 solstitiales
566 3545 694 3596 scilieet)
735 3548 841 3597 Plinius
865 3549 896 3597 N.
920 3549 955 3596 Η.
975 3550 1000 3607 X
1022 3550 1051 3599 5:
1078 3549 1158 3598 ‘Cum
1180 3547 1259 3597 huius
1284 3547 1360 3596 alitis

217 3609 375 3673 (Phoenicis)
396 3612 457 3661 uita
479 3614 574 3676 magni
597 3617 804 3664 conuersionem
829 3616 894 3664 anni
918 3615 977 3665 fieri
1001 3616 1091 3681 prodit
1114 3616 1186 3665 idern
1209 3615 1356 3677 Mamilius,

131 3694 138 3701 ·
217 3679 370 3742 iterumque
389 3679 608 3743 sIguilicationes
627 3687 821 3747 tempestatum
847 3689 875 3733 et
899 3683 1018 3733 siderum
1037 3683 1148 3733 eusdem
1166 3683 1281 3745 reuerti,
1306 3682 1358 3733 hoo

307 3845 315 3894 Ι
340 3834 456 3913 antiqui
475 3853 617 3910 magnum
635 3846 825 3894 uocauerunt
846 3832 910 3894 mr
931 3839 1000 3909 (uisi
1021 3841 1098 3911 quod
1113 3832 1150 3894 A²
1169 3838 1359 3911 uocaueruu)

218 3913 231 3999 Η
245 3917 326 3976 unde
341 3918 379 3976 de
391 3919 456 3977 XX
469 3922 496 3975 B
509 3919 734 3979 undeuicesimo
755 3923 864 3981 Volent.
881 3931 909 3979 el
923 3924 1091 3980 Molocilou.
1109 3925 1202 3979 Griuli
1213 3921 1359 3982 uicesimo

218 4007 295 4063 over.
320 4005 400 4061 Goth.
429 4006 522 4062 Grioli
541 4006 762 4065 sexcentesimo
784 4010 911 4064 Griulius
930 4001 943 4085 Η
964 4016 981 4066 2
1002 4026 1097 4064 annos
1117 4002 1153 4063 Β1
1177 4007 1263 4065 annis
1285 4005 1326 4065 B²
1346 4003 1359 4088 Η

215 4089 302 4146 finire
318 4083 382 4145 ΑΒ1
399 4084 411 4163 Η
428 4088 594 4167 adimplere
611 4085 677 4147 ΑΒ1
693 4084 707 4170 Η
724 4091 844 4168 eolpias
858 4087 894 4148 B¹
910 4091 1017 4167 olipias
1028 4087 1068 4148 13²
1084 4084 1096 4170 Η
1112 4092 1195 4166 uero]
1215 4091 1296 4150 enirn
1314 4102 1361 4150 est

217 4176 243 4229 B
258 4168 279 4253 Η
287 4181 360 4252 aput
375 4178 400 4231 Α
413 4170 427 4254 Η
442 4184 460 4235 3
474 4194 569 4232 annos
586 4171 624 4232 B¹
641 4171 654 4253 Η
670 4172 803 4253 Olimpia
815 4170 894 4232 A¹B¹
911 4176 1014 4253 olimpi
1033 4171 1073 4232 B²
1088 4170 1101 4257 Η
1116 4184 1134 4235 4
1149 4177 1236 4234 armis
1250 4176 1317 4234 IIII
1334 4180 1360 4234 B

216 4252 231 4336 Η
249 4257 278 4314 ἰιι
293 4260 377 4316 cuius
392 4262 419 4316 B
434 4255 447 4340 Η
463 4260 521 4317 fine
539 4256 578 4315 13²
592 4256 607 4338 Η
622 4258 764 4317 sortiatur
780 4255 817 4314 B¹
835 4255 848 4339 Η
862 4268 878 4317 5
894 4261 1073 4338 quadrienni
1088 4255 1143 4339 ΒΗ
1160 4270 1189 4317 et
1202 4279 1255 4317 om.
1276 4264 1300 4316 A
1314 4258 1328 4338 Η
1343 4269 1360 4321 6

216 4340 319 4421 ιιίιιιιι]
333 4346 417 4463 imque
429 4363 483 4404 sex
498 4339 513 4425 Η
527 4364 646 4402 orarum
662 4349 686 4400 A
701 4337 714 4423 Η
730 4345 937 4403 consumtione
951 4348 976 4400 B
990 4339 1005 4426 Η
1020 4345 1192 4422 quatrienni
1205 4341 1242 4401 Β1
1264 4343 1359 4423 quad·

215 4426 332 4485 riennio
348 4432 375 4485 B
