3194 5004
521 449 550 490 r.
565 444 746 489 nrrscrranrr
762 444 1004 488 commessurus-s
1265 425 1327 486 513

196 593 300 675 aliqua
315 596 498 658 confidentia
514 596 701 657 contendens
718 615 826 656 revera
839 605 903 656 tam
916 594 1003 654 breui
1017 596 1082 655 vita
1097 595 1191 654 inisse
1205 605 1328 677 tamque

195 707 311 758 mature
323 698 564 761 adscribendum
579 719 613 759 se
624 698 838 778 applicavisse,
853 699 909 757 sed
926 698 1078 776 duplicem
1095 697 1233 757 extitisse
1248 696 1328 778 apud

194 800 277 879 ipsos
292 811 412 862 veteres
428 804 603 862 memoriam
616 802 787 875 disserens,
812 820 938 881 quarum
959 802 989 860 in
1008 800 1133 859 alteram
1156 799 1210 858 ille
1225 820 1328 859 nume·

194 922 244 962 rus
260 905 396 983 apprime
409 904 585 985 quadraret.
615 905 652 962 lu
669 924 731 985 qua
751 902 956 982 disputatione
973 923 1039 963 cum
1055 922 1112 961 nec
1126 901 1251 981 probem
1267 922 1327 962 om·
1436 894 1444 911 ⁸

193 1006 247 1064 nia
264 1013 295 1063 et
311 1006 461 1083 quaedam
479 1006 664 1078 desiderem,
679 1004 874 1085 paucis'quid
890 1005 963 1064 mibi
977 1003 1120 1064 videatur
1136 1003 1335 1083 complectar.-

195 1106 264 1165 Vna
280 1117 381 1166 autem
395 1108 453 1167 suit
470 1118 500 1168 et
515 1110 638 1189 prorsus
657 1109 848 1168 consentiens
866 1128 925 1168 vox
941 1108 1148 1187 antiquitatis,
1173 1106 1328 1166 familiari-

194 1214 242 1268 ter
255 1228 341 1268 usum
355 1210 534 1270 Terentium
549 1211 657 1270 Laelio
673 1222 704 1269 et
720 1210 877 1290 Scipione:
900 1230 995 1290 prope
1011 1209 1202 1270 consenticus
1217 1229 1329 1269 memo·

194 1312 257 1384 ria,
285 1310 323 1370 ab
345 1311 459 1372 eisdem
479 1313 613 1372 adiutum
631 1315 662 1371 in
685 1311 860 1371 scribendo:
887 1312 1043 1373 obscurior
1065 1313 1161 1385 fama,
1184 1312 1329 1390 ‘corporis

195 1414 294 1489 gratia
310 1414 354 1472 eis
369 1414 577 1473 conciliatum’
602 1414 707 1474 fuisse.
742 1415 811 1473 Hoc
831 1415 967 1474 ultimum
986 1414 1157 1476 testabatur
1171 1413 1222 1473 vel
1237 1414 1331 1490 signi·

194 1512 306 1573 ficabat
326 1515 435 1575 saltem
448 1516 590 1575 Porcius:
613 1514 748 1594 negabat
761 1516 955 1591 Fenestella,
979 1517 1037 1577 hoc
1058 1537 1130 1576 usus
1153 1523 1330 1593 argumento

195 1614 277 1695 quod
292 1624 420 1697 utroque
437 1619 532 1677 maior
545 1628 618 1677 natu
633 1619 753 1678 fuisset.
788 1618 824 1676 In
839 1618 899 1676 hoc
917 1620 968 1700 qui
984 1640 1052 1678 cum
1068 1618 1247 1679 Fenestella
1262 1637 1330 1677 sen·

195 1718 282 1791 serit,
303 1721 441 1779 novimus
457 1720 623 1779 neminem:
647 1730 749 1781 aetate
771 1721 917 1800 aequales
937 1722 1032 1781 fuisse
1054 1730 1137 1780 certo
1160 1720 1331 1780 testimonio
1367 1774 1373 1783 .

194 1819 344 1897 prodebat
356 1821 476 1902 Nepos,
497 1843 558 1881 non
573 1832 666 1900 negat
683 1826 749 1903 ipse
764 1822 890 1881 Laelius
907 1823 988 1901 apud
1006 1823 1183 1883 Ciceronem
1200 1823 1287 1882 Lael.
1304 1844 1330 1881 c.

194 1930 241 1990 24.
259 1930 294 1987 89
316 1923 513 1984 ¹familiarem
529 1927 631 1985 suum'
654 1925 775 1998 dicens,
797 1944 858 1983 non
878 1932 993 2002 negant
1012 1926 1194 2004 quicumque
1212 1924 1331 1983 illorum

196 2042 288 2102 opera
306 2026 336 2082 iu
354 2025 524 2099 scribendis
539 2025 650 2085 fabulis
666 2044 752 2084 usum
768 2032 889 2103 poetam
906 2025 1077 2085 tradidere:
1103 2027 1134 2083 in
1148 2046 1209 2113 qna
1223 2044 1332 2085 caussa

170 2167 173 2176 .
194 2144 286 2183 uuum
302 2126 478 2205 Scipionem
494 2127 529 2186 C.
545 2128 704 2186 Memmius
724 2148 753 2206 p.
769 2138 818 2198 30.
843 2132 890 2202 14,
907 2126 1131 2203 Quinctilianus
1148 2140 1188 2201 x,
1205 2140 1234 2198 l,
1251 2137 1285 2191 99
1301 2136 1332 2186 et

196 2225 355 2303 Vagellius
374 2229 405 2286 in
428 2230 561 2287 auctario
575 2230 691 2288 Donati
711 2250 742 2308 p.
760 2239 793 2292 35
809 2237 991 2302 memorant,
1007 2229 1147 2288 Laelium
1169 2229 1266 2287 solum
1281 2228 1330 2288 Οἱ·
1360 2304 1363 2308 ι

196 2347 265 2387 cero
279 2329 312 2386 in
328 2330 460 2407 epistula
470 2328 514 2387 ad
531 2331 666 2389 Atticum
689 2342 752 2404 vll,
768 2342 800 2404 3,
823 2342 856 2393 10
872 2340 902 2390 et
918 2331 1023 2410 Nepos
1038 2353 1068 2410 p.
1089 2341 1138 2401 31,
1156 2339 1192 2407 2,
1218 2340 1329 2389 utrum·

196 2448 255 2509 que
279 2449 351 2488 suos
377 2440 515 2490 auctores
547 2441 669 2492 secutus
699 2433 871 2493 Suetonius.
926 2434 993 2492 Nec
1019 2433 1082 2492 nllc
1106 2432 1195 2491 modo
1222 2433 1332 2492 Santra

194 2551 225 2611 P·
244 2542 292 2606 31,
311 2543 343 2594 10
365 2542 474 2611 negat,
500 2554 605 2593 verum
632 2534 715 2609 aliud
733 2543 840 2613 negat,
863 2535 935 2608 hoc,
962 2556 980 2595 a
1004 2535 1147 2614 Scipione
1164 2533 1331 2615 Laelioque

126 2616 130 2622 ’
195 2633 332 2693 adiutum
346 2654 430 2694 csse:
453 2655 514 2693 non
533 2635 671 2713 proiecto
692 2638 856 2715 propterea
877 2636 958 2716 quod
977 2657 1039 2696 non
1061 2636 1206 2715 aequales
1229 2644 1331 2711 aetate

196 2736 316 2811 fuerint,
333 2735 364 2796 id
378 2736 460 2819 quod
475 2737 534 2797 huc
548 2738 624 2796 nihil
643 2740 762 2797 omniuo
779 2740 920 2817 pertinet,
938 2737 994 2798 sed
1010 2739 1154 2799 adunam
1170 2747 1330 2798 consuctu-

196 2838 297 2898 dinem
310 2840 486 2899 amaton'am
502 2841 606 2907 ualere
621 2841 735 2918 potuit:
755 2860 860 2899 verirm
871 2840 929 2899 hac
946 2860 1055 2900 caussa
1070 2840 1161 2921 quod,
1174 2849 1330 2920 quotcum-

195 2962 254 3022 que
274 2961 418 3001 nunomm
435 2942 602 3002 Terentius
616 2943 681 3015 fnit,
699 2942 742 3001 cis
760 2952 861 3005 tamen
877 2943 986 3024 quibus
1001 2942 1090 3002 huius
1105 2942 1228 3003 fabulae
1243 2951 1331 3001 actas

196 3051 266 3103 sunt
280 3043 482 3122 temporibus,
506 3044 525 3105 i.
542 3065 568 3105 e.
592 3045 629 3104 ab
654 3065 733 3104 auno
746 3052 799 3108 588
815 3044 854 3104 ad
875 3054 942 3118 594,
964 3046 1024 3124 ipsi
1038 3045 1162 3105 Laelius
1183 3053 1215 3103 et
1228 3043 1331 3122 Scipio

195 3147 283 3205 nimis
303 3145 523 3206 adulescentuli
545 3148 658 3207 fuerint
676 3168 764 3228 quam
790 3149 844 3228 qui
865 3148 917 3207 vel
938 3144 1032 3207 taleni
1054 3166 1178 3227 operam
1202 3147 1330 3224 praesti·

117 3263 121 3271 ·
195 3249 270 3308 tlsse
290 3248 342 3309 uel
361 3248 522 3325 significati
539 3268 607 3309 esse
627 3248 729 3309 uerbis
744 3251 941 3309 Terentiauis
960 3248 1044 3308 credi
1057 3249 1184 3327 possint.
1220 3249 1262 3306 Et
1277 3247 1328 3305 ho·

193 3369 259 3409 rum
275 3349 398 3431 quidem
417 3350 494 3409 illud
508 3353 619 3412 Santra
639 3339 854 3423 inconsultius,
875 3350 935 3409 hoc
953 3358 1054 3409 autem
1079 3346 1161 3409 idem
1180 3369 1240 3407 nou
1262 3369 1330 3426 pro-

195 3453 278 3512 iecto
293 3452 358 3511 siue
372 3452 500 3510 ratione.
522 3452 600 3512 Nam
613 3453 717 3531 Scipio
732 3453 758 3512 si
774 3463 822 3511 cst
837 3472 915 3511 anno
931 3459 983 3516 569
996 3459 1094 3523 natus,
1111 3469 1221 3508 annum
1235 3448 1330 3508 unde·

195 3553 371 3614 vicesimum
387 3552 499 3630 agebat
514 3574 573 3633 quo
588 3563 723 3632 tempore
738 3553 872 3613 scribere
888 3553 1052 3613 Terentius
1068 3553 1178 3629 coepit,
1195 3552 1331 3631 quintum

197 3666 227 3715 et
242 3655 419 3715 vicesimum
444 3674 504 3733 quo
526 3654 629 3714 desiit:
652 3656 825 3715 nec‘multo
845 3656 940 3713 maior
961 3663 1036 3741 natu
1051 3653 1176 3712 Laelius
1197 3654 1269 3729 fuit3
1292 3652 1330 3712 ab

195 3756 254 3816 hac
273 3766 374 3816 autem
393 3765 494 3816 aetate
509 3776 577 3817 cum
593 3776 702 3816 caussa
717 3777 779 3816 uon
793 3759 833 3816 sit
849 3776 902 3815 cur
917 3757 1093 3815 facultatem
1110 3755 1260 3835 poeticam
1278 3754 1329 3813 ab·

193 3846 371 3933 iudicemus,
383 3860 563 3937 praesertim
574 3858 606 3917 in
620 3866 680 3919 tam
691 3858 771 3918 bene
786 3858 949 3936 ingeniatis
963 3866 1085 3938 tamque
1102 3857 1269 3915 liberaliter
1286 3857 1331 3914 iu·

197 3960 309 4020 stitutis
328 3959 585 4033 adulescentibus,
601 3969 704 4020 tamen
717 3962 748 4019 in
761 3959 891 4020 eandem
907 3980 997 4037 aegre
1012 3979 1086 4018 sanc
1099 3957 1260 4034 intellegas
1277 3958 1331 4037 qui

196 4062 251 4121 illa
261 4072 309 4122 sat
320 4062 475 4147 cqmmode
487 4064 670 4122 conveniant
685 4065 742 4138 ‘qui
749 4064 824 4121 uobis
835 4066 972 4121 uniuersas
983 4070 1008 4119 et
1015 4064 1119 4136 populo
1126 4064 1247 4134 placcat,
1265 4077 1331 4132 quo-

197 4183 259 4222 rum
280 4183 367 4239 opero
381 4169 409 4223 in
426 4167 507 4236 bello,
522 4168 551 4223 ia
568 4169 635 4237 otio,
662 4168 689 4222 in
709 4168 812 4240 ueqctiu
833 4182 882 4223 arco
904 4166 1019 4238 quisque
1040 4171 1161 4236 tempore
1179 4168 1258 4218 usust
1273 4165 1332 4216 sine

195 4246 350 4342 superbia’.
389 4267 547 4326 ‘Placere’
572 4266 693 4345 quidem
708 4267 822 4347 populo
836 4266 979 4324 universo
995 4263 1099 4342 Scipio
1119 4262 1179 4321 iam
1201 4260 1272 4320 inde
1293 4259 1331 4318 ab

197 4388 275 4428 anno
292 4377 345 4433 586
368 4367 428 4428 dici
441 4369 540 4448 potuit
558 4368 742 4442 rectissime,
764 4388 823 4448 quo
842 4367 896 4426 ille
916 4366 1025 4427 aetatis
1044 4376 1154 4457 annum
1171 4362 1332 4442 septimum
1397 4348 1400 4353 ¹

198 4479 229 4530 et
254 4468 403 4529 decimum
429 4489 524 4547 agens
547 4491 608 4529 non
633 4467 950 4553 solitae-fortitudinis
973 4466 1102 4526 bellicae
1123 4465 1278 4544 specimen
1301 4463 1333 4520 in

249 4584 368 4621 sacroru
385 4583 449 4619 ars.
1089 4564 1128 4627 33
