3186 4996
260 428 297 491 tl
636 447 678 491 na
702 448 788 492 vinis
812 448 1027 493 manseramus

257 604 364 661 tarum
393 618 477 682 quae
508 605 732 692 ppaetextatae
762 596 930 673 dicuntur,
968 598 1001 660 in
1031 595 1149 682 quibus
1172 597 1404 682 imperatorum

257 701 390 782 negotia
411 697 595 783 agebantur
619 708 651 762 et
672 699 806 784 publica
828 708 860 762 et
882 716 976 784 reges
999 698 1139 763 Romani
1160 696 1212 762 uel
1236 698 1335 761 duces
1356 700 1403 761 in-

257 798 435 880 ducuntur,
458 821 671 885 personarum
692 800 852 884 dignitate
874 808 907 864 et
921 809 1186 884 argumentorum
1205 799 1403 863 sublimitate

256 898 433 983 tragoediis
462 900 596 964 similes.
639 910 862 1017 praetextatae
887 911 996 977 autem
1027 902 1196 983 dicuntur,
1228 902 1306 1015 quia
1334 899 1403 962 fere

256 1023 368 1086 regum
392 999 444 1064 uel
467 1003 718 1086 magistratuum
741 1004 798 1089 qui
820 1024 899 1089 prae
900 1012 992 1066 texta
1009 1011 1144 1067 utuntur
1165 1003 1200 1065 in
1222 1001 1292 1064 eius
1315 1001 1425 1064 modi⁵

256 1101 378 1175 fabulis
391 1112 464 1165 aeta
476 1103 795 1189 conprehendantur
803 1084 962 1189 lseeunda
984 1104 1108 1189 species
1125 1104 1189 1188 (est
1190 1104 1203 1188 )
1220 1110 1403 1193 togatarum

257 1224 340 1288 quae
362 1202 568 1269 tabernariae
593 1203 746 1268 dicuntur
767 1216 799 1268 et
815 1204 999 1269 humilitate
1018 1225 1231 1292 personarum
1254 1211 1285 1266 e't
1307 1224 1403 1288 argu·

258 1313 440 1368 mentorum
463 1304 677 1369 similitudine
706 1307 881 1373 comoediis
905 1328 1016 1392 pares,
1045 1307 1079 1368 in
1106 1304 1225 1392 quibua
1248 1327 1312 1369 non
1336 1325 1402 1367 rnu-

256 1407 411 1490 gistratus
441 1427 578 1489 regesne
605 1407 663 1470 sed
695 1407 835 1486 humiles
863 1406 1012 1471 homines
1049 1416 1081 1471 et
1111 1407 1260 1491 priuatae
1287 1406 1403 1470 domus

256 1507 470 1589 inducuntur,
493 1528 578 1593 quae
600 1509 732 1595 quidem
750 1509 826 1573 olim
847 1508 934 1595 quod
954 1508 1074 1573 tabulis
1093 1516 1297 1592 tegerentur,
1317 1528 1401 1570 corn·
1413 1524 1437 1564 ro

257 1610 399 1671 munitet
421 1608 578 1673 tabernae
599 1609 811 1674 uocabantur.
846 1611 957 1674 tertia
985 1611 1110 1697 species
1139 1617 1191 1673 est
1217 1607 1401 1691 fabularum

256 1710 464 1790 Latinarum,
488 1733 573 1796 quae
593 1732 613 1773 a
635 1713 768 1775 ciuitate
790 1710 948 1775 Oscorum
967 1711 1014 1775 At
1017 1710 1096 1794 ella,
1119 1713 1154 1775 in
1177 1730 1241 1798 qua
1261 1711 1401 1797 primum

257 1820 409 1896 coeptae,
433 1811 617 1898 appellatae
639 1820 715 1876 sunt
735 1811 908 1877 Atellanae
916 1813 1150 1897 ,argumentis
1170 1812 1364 1928 dictisque
1357 1833 1401 1874 ro·

257 1912 421 1976 oularibus
440 1912 563 1976 similes
584 1894 880 2000 satyricis'labulis
898 1914 1045 1978 Graecis,
1073 1925 1189 2001 quarta
1206 1914 1331 2000 species
1352 1921 1403 1975 est
1456 1968 1463 1979 .

154 2050 159 2059 ·
256 2011 459 2113 planipedis,
481 2014 675 2101 quiGraece
697 2015 816 2079 dicitur
835 2016 963 2078 mimus.
986 2014 1060 2080 ideo
1076 2024 1184 2079 autem
1201 2012 1436 2100 Latinepla-sr

256 2115 349 2205 nipes
380 2115 502 2187 dictus,
509 2115 624 2202 quod
656 2125 782 2180 actores
812 2115 951 2203 pedibus
979 2116 1103 2203 planis,
1146 2118 1179 2181 id
1214 2125 1264 2181 est
1294 2116 1400 2196 nudis,

256 2219 463 2307 proscenium
487 2218 674 2300 introirent,
703 2239 769 2282 non
792 2226 829 2282 ut
850 2219 967 2303 tragici
989 2227 1115 2282 actores
1138 2241 1211 2283 cum
1233 2217 1400 2283 cothurnis

256 2338 362 2403 neque
388 2328 425 2381 ut
453 2320 568 2383 cornici
597 2340 669 2383 cum
698 2320 820 2397 soccis;
860 2320 931 2383 siue
959 2320 1046 2406 quod
1076 2319 1151 2384 olim
1180 2342 1244 2385 non
1268 2319 1302 2382 in
1325 2340 1400 2403 sug·
1453 2382 1461 2389 ,

257 2575 367 2624 actuale
387 2581 429 2624 est
448 2576 518 2640 quod
538 2576 639 2627 Graeci
657 2575 798 2627 drasticon
817 2577 925 2639 dicunt,
952 2578 998 2626 ubi
1016 2582 1100 2641 poeta
1117 2590 1133 2623 ιι
1145 2590 1161 2623 ιι
1173 2591 1189 2624 ιι
1212 2576 1335 2639 (laromam
1353 2592 1400 2638 epo

255 2645 344 2706 statui)
367 2642 455 2707 lyrica
478 2644 606 2707 tragedia
629 2646 752 2709 satyrica
770 2650 929 2708 pretextata
948 2645 1073 2694 comedia
1091 2644 1252 2694 tabernaria
1269 2643 1400 2692 Atellana
1447 2644 1453 2653 “

256 2710 410 2773 rhythmica
433 2708 518 2771 (imao
541 2710 740 2767 Rliinthouioal
760 2710 891 2761 mimica)
934 2712 1088 2761 Euanthius
1111 2712 1144 2761 de
1169 2711 1277 2762 labala:
1316 2710 1400 2760 ‘Illud

255 2792 322 2827 nero
340 2779 486 2827 tenendum
505 2784 561 2839 est,
581 2786 644 2843 post
668 2776 737 2828 νέαν
760 2777 914 2844 κωμῳδίαν
931 2778 1048 2829 Latinos
1064 2780 1150 2828 multa
1173 2780 1329 2829 fabularum
1352 2794 1399 2843 gc·

256 2861 323 2894 nara
341 2846 499 2910 protulisse·
519 2853 549 2895 ut
567 2852 691 2910 togatae,
711 2848 859 2896 ascenicis
883 2853 966 2912 atque
986 2848 1153 2911 argumentis
1177 2847 1285 2896 latinia·
1321 2861 1399 2910 prae-

256 2919 391 2973 textatas,
428 2914 463 2962 ab
493 2914 629 2977 dignitate
664 2930 841 2979 personarum
871 2921 899 2965 et
928 2916 1017 2964 latina
1046 2914 1174 2964 historia:
1195 2915 1355 2963 Atellanas
1383 2929 1400 2962 a

256 2982 373 3030 ciuitate
392 2982 578 3046 Campaniae,
597 2982 645 3030 ubi
664 2983 800 3032 actitatae
819 2989 883 3032 sunt
906 2983 1039 3048 plurimae
1058 2980 1141 3045 (immo
1160 2983 1290 3047 primae):
1314 2981 1399 3031 Rhin-

199 3046 241 3095 ἦι-
256 3048 384 3098 thonlcaa
414 3049 448 3097 ab
474 3050 594 3099 auctoris
624 3051 752 3100 nomine:
788 3050 964 3100 tabernarias
993 3051 1028 3100 ab
1058 3049 1235 3099 bumilitate
1222 3050 1400 3115 argumenti

257 3122 285 3164 et
308 3116 378 3165 stili:
415 3117 511 3166 mimos
536 3118 571 3166 ab
594 3118 723 3168 diuturna
746 3119 901 3167 imitatione
928 3119 1024 3167 uilium
1048 3134 1137 3168 rerum
1161 3124 1189 3169 et
1215 3119 1315 3168 leuium
1338 3133 1398 3182 per·

256 3182 409 3233 sonarum)
447 3186 483 3234 cl.
508 3184 703 3249 Sc'bopenusl.
723 3186 741 3234 l
745 3204 786 3266 p
813 3185 861 3235 152
879 3202 919 3250 sq.
937 3187 1064 3235 Donatus
1087 3186 1121 3235 de
1140 3186 1299 3235 comoedia:
1337 3186 1399 3233 Fa-

256 3252 322 3301 bula
349 3253 480 3316 generale
509 3269 607 3302 nomen
635 3260 690 3302 cat:
727 3255 786 3302 eius
815 3254 886 3303 duae
910 3254 1015 3318 primae
1041 3260 1136 3320 partes
1162 3261 1227 3303 sunt
1255 3252 1400 3317 tragoedia

257 3325 285 3368 et
304 3320 454 3369 comoedia
475 3322 498 3369 si
517 3322 620 3370 Latina
639 3322 841 3385 argumentatio
860 3322 896 3370 eit
907 3328 1108 3387 ,praetextata
1126 3322 1237 3370 dicitur.
1256 3319 1400 3369 comoedia

257 3393 350 3436 autom
368 3388 467 3437 multas'
486 3390 594 3453 speeies
613 3388 706 3438 lrabct
725 3394 787 3438 ¹aut
806 3389 878 3437 enim
896 3389 1014 3453 palliata
1033 3396 1089 3451 eat,
1110 3398 1157 3437 aut
1175 3394 1272 3453 togata
1291 3393 1339 3437 aut
1357 3394 1399 3437 ta

256 3454 385 3504 bernaria
399 3462 446 3504 aut
459 3456 589 3505 Atellano
608 3462 656 3505 aut
674 3458 770 3505 mimus
790 3462 837 3505 aut
850 3456 1037 3506 Rhinthonira
1055 3460 1103 3507 aut
1120 3457 1290 3521 planipedia.
1310 3455 1399 3520 plani·

256 3523 339 3587 padia
358 3529 448 3572 autem
466 3524 542 3573 dieta
555 3524 589 3573 ob
607 3523 791 3574 humilitatem
810 3526 964 3589 argumenti
984 3526 1043 3574 eius
1063 3541 1096 3573 ac
1111 3524 1250 3573 uilitatem
1264 3528 1397 3585 actorum,

256 3592 303 3654 qai
330 3606 384 3641 uon
408 3590 541 3641 cothurno
564 3598 613 3641 aut
635 3604 716 3643 socco
741 3598 854 3642 utuntur
876 3593 905 3642 in
928 3608 1014 3643 scena
1033 3597 1081 3643 aut
1099 3592 1218 3658 pulpito,
1249 3592 1296 3642 sed
1315 3591 1399 3657 plano

257 3744 459 3754 ι...-

340 3872 358 3926 3
373 3874 617 3941 argumentorum
635 3867 779 3923 Buaehias
794 3866 834 3939 cf.
852 3872 869 3923 7
876 3883 938 3940 aq:
954 3870 1005 3924 ‘et
1018 3865 1188 3924 humilitate
1201 3885 1398 3944 personarum

257 3960 287 4007 et
302 3959 545 4026 argumentorum
560 3950 793 4009 similitudine
812 3970 1008 4028 personarum
1022 3953 1120 4019 ABM,
1138 3955 1253 4008 reclusit
1269 3954 1380 4009 ΙιιιΙιιιι
1390 3948 1399 4031 ΙΙ

255 4045 468 4113 lpraetcxtae
481 4044 581 4093 autem
596 4038 649 4091 ΑΒ
663 4045 824 4113 praetexta
845 4046 943 4093 autem
960 4031 1110 4116 Mlldest
1132 4056 1185 4096 om.
1208 4038 1306 4103 ΑΒΜ,
1330 4041 1397 4098 add.

255 4123 366 4177 Keilius
380 4114 394 4201 ΙΙ
413 4132 444 4181 10
460 4113 641 4178 inducuntur
655 4140 749 4198 quac
753 4120 874 4199 quidem
891 4121 961 4178 olim
976 4120 1056 4199 quod
1073 4123 1201 4178 Kallias:
1196 4120 1399 4178 ·indueuutur

256 4204 444 4286 (indicuntur
461 4208 487 4262 Β
504 4204 674 4262 indicantur
695 4204 740 4286 M)
757 4205 907 4284 quaedam
930 4206 999 4263 olim
1017 4203 1097 4283 quod
1119 4206 1205 4262 ΑΒΜ
1217 4204 1399 4263 inducuntur

255 4310 333 4369 quae
351 4290 432 4369 quod
450 4290 521 4348 olim
536 4311 553 4357 ς
575 4283 580 4367 l
598 4300 623 4349 11
646 4289 792 4348 tabernae
806 4291 998 4347 Neultrcans
1010 4294 1045 4347 de
1058 4292 1120 4364 fab.
1134 4299 1189 4364 top
1204 4293 1284 4349 Rom.
1298 4310 1328 4363 p
1343 4297 1397 4347 lo.-

255 4374 448 4433 tabernariae
465 4376 552 4431 ΑΒΜ
577 4370 583 4456 Ι
608 4383 639 4434 Γ)
656 4376 783 4451 primum
796 4398 810 4432 ι
821 4396 881 4433 ιιι
898 4384 1026 4453 caeptae
1042 4376 1076 4430 M
1087 4370 1100 4455 ll
1118 4386 1150 4437 13
1167 4374 1350 4432 incolatibus
1369 4376 1400 4431 M

254 4456 263 4540 ll
281 4468 309 4523 17
327 4460 460 4517 coturnis
476 4461 564 4516 ΑΒΜ
