3202 4998
258 397 319 460 384
577 418 798 466 ovansmonus
823 418 1049 459 svaroutanan

252 572 365 641 prioris
389 574 526 643 pencris.
548 614 554 625 .
574 613 580 625 .
599 573 726 643 plurima
744 580 845 627 entant
867 574 1066 643 exemplaria,
1088 573 1249 627 cninsmocli
1267 575 1394 629 codicum

256 673 407 728 babuimus
427 675 536 744 scripta
557 656 608 728 ant
626 691 691 730 cum
712 675 827 743 scriptis
847 675 967 745 collata,
996 682 1053 729 tam
1076 676 1152 729 inter
1174 690 1204 730 se
1223 676 1341 742 similia,
1365 681 1396 729 nt

257 791 314 828 arro
334 776 458 830 dictante
483 793 501 829 a
524 776 661 845 pluribus
682 777 778 830 eodem
801 781 926 844 ternpore
946 782 1071 846 occepta
1091 790 1153 830 esse
1176 778 1342 832 videantur:
1365 778 1395 830 in

256 876 359 946 quibas
375 893 393 929 a
410 878 560 933 consulatu
576 876 696 931 Ausonii
710 884 737 930 et
754 875 864 946 Olybrii
871 892 929 945 pro
944 877 1079 931 chronico
1093 879 1242 932 consulari
1258 877 1398 947 Prospcri

256 976 411 1032 snbicclnm
424 986 466 1033 cst
484 979 563 1032 alind
575 979 700 1033 eiusdem
715 978 866 1047 scriptoris
880 978 1035 1034 chronicon
1051 979 1112 1033 sinc
1127 977 1289 1034 consulibus
1304 986 1396 1050 ctpcr

255 1082 350 1134 omnia
368 1081 454 1135 alteri
471 1080 698 1147 dissimillimam,
716 1081 793 1149 qnod
809 1080 918 1150 excipit
938 1081 1093 1136 chronicon
1109 1080 1249 1151 Sipeberti
1265 1079 1398 1135 manaclti

257 1181 476 1237 Gemblacensis.
514 1187 544 1235 ut
567 1179 634 1236 lrinc
656 1187 789 1236 constare
812 1183 917 1250 possit,
940 1181 1025 1236 luins
1050 1183 1178 1251 exempli
1200 1183 1311 1237 codices
1338 1197 1395 1236 non

256 1285 408 1339 admodum
430 1284 535 1338 multae
561 1283 708 1336 uetustatis
729 1296 798 1336 esse.
843 1284 963 1338 alterins
985 1284 1100 1354 pencris
1123 1283 1304 1352 exemplaria
1328 1286 1395 1336 siaa

255 1385 380 1442 melioris
395 1392 495 1439 natac.-
519 1385 679 1441 cuiusmodi
692 1391 751 1439 tres
767 1385 903 1439 vidimus:
923 1386 1050 1454 primam
1065 1383 1165 1439 Iacobi
1176 1383 1333 1455 Boaparsii
1343 1384 1397 1438 uiri

255 1488 410 1545 clarissimi
434 1503 461 1542 e.
480 1503 510 1561 q.
531 1502 572 1545 s.,·
598 1486 755 1541 secandum
773 1483 1001 1555 Frelrerianam,
1031 1488 1115 1541 cirins
1133 1486 1222 1556 paulo
1245 1491 1312 1539 ante
1337 1499 1393 1539 nsc-

244 1592 404 1655 'minimas,
429 1589 549 1643 tertium.
570 1603 608 1641 en
635 1588 804 1656 amplissimi
824 1588 879 1641 oiri
897 1586 984 1643 Ponti
1006 1588 1118 1643 Patavii
1140 1588 1283 1642 senatoris
1308 1586 1394 1641 Pari-

254 1694 356 1749 sicnsis
386 1689 544 1760 archetypo
568 1689 742 1758 descriptam
767 1706 855 1744 mana
884 1689 983 1745 Iacobi
1010 1689 1117 1744 Gillotii
1145 1688 1201 1744 viri
1227 1688 1396 1758 amplissimi

255 1792 542 1870 summaeraclitione
561 1796 589 1845 et
604 1791 747 1862 sinpnlari
761 1790 953 1859 humanitate,
975 1790 1118 1846 senatoris
1132 1789 1316 1847 Parisiemis.
1344 1791 1393 1849 lto·

255 1913 320 1950 ram
335 1896 421 1949 triam
438 1893 609 1948 eximiorum
626 1894 754 1949 codicum
766 1910 822 1949 non
839 1899 920 1948 tanta
935 1900 977 1948 est
995 1895 1069 1948 inter
1088 1907 1118 1946 se
1140 1893 1293 1949 similitudo
1307 1910 1393 1965 qnam

255 1998 377 2053 aliorum
397 1997 508 2066 prioris
528 1997 669 2066 examplir
689 1995 741 2050 scd
760 2001 854 2050 tamen
878 2012 952 2050 rara
973 1997 1048 2051 inter
1064 2011 1112 2050 eos
1132 1996 1161 2050 in
1178 1997 1235 2051 sita
1251 2013 1393 2051 annorum

253 2100 450 2169 discrepantia
473 2103 530 2164 est,
554 2099 584 2151 in
605 2097 696 2152 uerbis
720 2096 871 2168 quaedam.
909 2111 1001 2168 neque
1020 2098 1104 2153 enias
1127 2098 1220 2151 maior
1245 2098 1327 2179 apncl
1350 2112 1393 2152 mc

255 2203 414 2256 auctoritas
430 2201 482 2266 sit,
501 2215 565 2253 cam
581 2200 704 2254 omninm
719 2198 847 2253 munima
868 2200 918 2266 sit,
943 2205 1047 2254 temere
1060 2200 1200 2266 diaemm,
1218 2204 1314 2270 utpote
1327 2215 1393 2255 cam

254 2306 284 2359 in
303 2303 432 2359 omnibns
448 2301 592 2356 interdum
614 2308 694 2355 recta
710 2302 791 2356 lectio
813 2301 862 2367 sit,
884 2315 958 2371 qnae
979 2302 1008 2355 in
1026 2301 1145 2372 reliquis
1162 2302 1323 2372 deprauata
1340 2307 1391 2358 cst,

255 2401 457 2478 Bongarsiani
482 2399 573 2476 igitur
593 2399 663 2458 libri
683 2419 750 2458 cum
770 2400 858 2478 copia
879 2398 951 2457 mihi
974 2398 1056 2457 sacta
1078 2407 1173 2471 esset,
1196 2403 1288 2459 etiam
1316 2399 1391 2459 duos

254 2502 331 2562 alios
347 2502 457 2561 saltem
469 2503 654 2578 investigare
667 2501 803 2561 decrevi.
829 2522 885 2559 nec
896 2500 997 2579 opinio
1009 2520 1057 2558 me
1070 2499 1189 2559 fefellit.
1207 2502 1246 2560 cf.
1258 2523 1289 2581 p.
1301 2510 1391 2581 22sq.

254 2606 356 2665 adnot.
381 2607 436 2665 inl.
466 2604 522 2663 sed
547 2602 646 2662 denuo
672 2601 850 2662 conserendi
876 2622 928 2661 eas
952 2602 1112 2660 occasione
1132 2621 1192 2660 non
1221 2602 1294 2662 data
1320 2623 1390 2662 con·

253 2716 355 2767 tentus
371 2727 470 2767 essem
486 2723 614 2763 necesse
631 2713 697 2763 erat
713 2706 757 2763 eis
773 2724 851 2782 quae
867 2706 1020 2762 Pontacus
1043 2704 1244 2763 cPetaviano
1266 2705 1392 2782 protulit

253 2818 285 2868 ct
302 2809 483 2869 Freheriani
498 2805 569 2865 libri
585 2808 761 2866 tenuissima
776 2807 922 2866 memoria
936 2805 968 2863 in
985 2803 1300 2864 animadversionibus
1316 2805 1389 2865 Sea·

252 2910 342 2987 ligeri
363 2929 480 2988 sparsa.
519 2906 611 2983 igitur
635 2909 665 2966 in
692 2907 838 2966 auxilium
864 2905 1005 2967 vocanda
1027 2917 1091 2966 erat
1115 2906 1211 2984 ipsius
1241 2905 1391 2985 Scaligeri

253 3012 419 3089 scriptura,
443 3028 522 3089 quae
546 3008 668 3088 quidem
685 3029 746 3067 non
768 3009 834 3069 siue
857 3011 997 3069 cautione
1020 3006 1195 3067 adltibenda
1218 3006 1389 3069 videbatur.

253 3133 324 3171 nam
346 3132 407 3169 non
429 3130 592 3189 numquam
614 3111 802 3189 corruptelas
825 3110 975 3190 prioribus
997 3108 1180 3169 editionibus
1205 3118 1390 3189 propagatas

252 3232 313 3274 non
331 3212 466 3285 sustulit,
488 3233 549 3271 uon
564 3232 727 3293 numquam
745 3212 823 3272 adeo
840 3212 964 3272 arbitrio
980 3232 1035 3271 suo
1057 3220 1110 3271 aut
1123 3211 1301 3271 festinantia
1316 3232 1390 3292 qua·

253 3313 338 3387 dam,
357 3315 441 3373 cuius
458 3315 614 3373 excusatio
629 3314 720 3374 facile
736 3335 755 3373 a
769 3314 849 3373 mole
872 3315 949 3373 tanti
964 3314 1064 3393 operis
1084 3321 1192 3393 parata
1212 3326 1274 3386 est,
1295 3313 1391 3373 verba

251 3416 439 3494 transposuit
459 3414 510 3474 vel
533 3417 669 3475 mutavit.
705 3416 760 3475 sed
787 3416 864 3475 haec
883 3435 902 3475 a
922 3414 1061 3474 codicum
1082 3414 1142 3475 fide
1166 3412 1298 3473 discerni
1319 3436 1388 3494 pos·

251 3525 321 3577 suut
336 3516 546 3593 Bongarsiauo
571 3525 602 3575 et
621 3519 791 3581 Petaviano
809 3516 910 3597 quoad
926 3518 992 3577 eius
1013 3517 1164 3595 scriptura
1179 3524 1252 3575 nota
1268 3525 1315 3576 ost
1335 3517 1388 3576 ad-

250 3617 357 3677 hibito.
395 3617 476 3697 quod
498 3618 538 3678 ad
558 3628 727 3699 temporum
746 3620 917 3679 notationes
939 3620 1064 3691 attinet,
1086 3618 1161 3677 satis
1179 3615 1273 3677 habui
1295 3616 1389 3679 admi·

250 3720 377 3780 rendam
399 3719 550 3796 Scaligeri
573 3719 815 3780 emendationem
834 3719 1005 3798 recepisse,
1034 3739 1113 3799 quae
1133 3738 1195 3779 non
1216 3729 1320 3799 potest
1341 3739 1388 3781 ποτ

251 3821 475 3898 cognoscimini
497 3831 562 3881 tota
582 3822 727 3881 librorum
749 3822 900 3900 scriptura
922 3842 1064 3883 excussa.
1093 3839 1277 3902 quamquam
1299 3820 1388 3882 adfir-

249 3944 333 3984 mare
349 3944 408 3982 non
430 3922 545 3997 audeo,
561 3924 627 3983 fere
643 3924 744 3982 omnia
760 3931 904 4002 excerpta
919 3924 1115 3998 Suetoniana,
1132 3927 1158 3984 si
1173 3926 1387 4007 Hieronymia·

249 4045 305 4084 nas
323 4045 384 4085 nou
398 4042 488 4084 veras
506 4026 589 4105 ipsas
605 4032 773 4103 temporum
787 4027 957 4085 notationes
972 4037 1104 4105 spectas,
1120 4046 1286 4108 numquam
1301 4026 1390 4086 aliter

250 4146 341 4206 quam
363 4146 382 4184 a
402 4123 560 4202 Scaligero
582 4126 697 4186 factum
720 4127 759 4186 sit
787 4129 981 4187 coristitutum
1002 4129 1046 4187 iri
1091 4130 1206 4207 Augeli
1227 4129 1292 4187 Mai
1316 4146 1389 4187 vero

250 4227 344 4287 editio
359 4225 444 4285 nulla
459 4227 518 4287 fide
535 4227 628 4305 digna
646 4237 709 4301 est,
733 4229 846 4308 quippe
861 4229 913 4309 qui
935 4238 966 4290 et
982 4230 1120 4291 codicum
1138 4229 1298 4289 memorias
1318 4248 1388 4287 coa·

249 4327 362 4387 saderit
384 4337 415 4386 et
436 4331 607 4388 temeritate
631 4349 694 4409 qua
712 4331 856 4389 maiorem
877 4352 937 4390 non
959 4332 1059 4411 passis
1079 4333 1218 4392 maenus
1241 4331 1273 4390 in
1294 4328 1390 4390 verba

250 4437 280 4487 et
303 4439 450 4507 conputas
472 4431 651 4510 Hieronymi
671 4439 827 4508 grassatus
844 4432 893 4490 sit.
