3194 5004
977 164 1005 205 ἢ

535 411 1014 470 r.n1rsousn11,oouunursarvs
1281 392 1343 455 teo
1383 412 1387 420 ·

204 566 274 646 ipso
289 567 437 626 Petrarca
452 564 543 625 ducta
558 573 650 625 esset.
665 598 706 606 -
722 564 898 644 speciosior
920 573 1020 624 autem
1036 558 1126 645 duam
1141 566 1244 624 verior
1266 566 1343 624 eius·

206 668 277 728 dem
287 667 392 727 Rothii
405 667 572 747 disputatio
592 666 671 726 haec
686 675 747 729 est:
766 668 846 726 ‘Erat
860 666 945 726 dano
956 666 1033 725 wird
1046 668 1097 726 ein
1105 667 1277 746 Vorschlag
1290 666 1342 727 be-

204 769 359 848 friedigeu
367 812 376 847 ,
392 789 485 828 wenn
497 768 635 828 dadurch
645 768 850 828 Fenestella's
863 768 1121 847 Argumentation
1135 769 1239 829 klarer
1250 769 1342 846 wird;

205 872 261 931 wie
279 872 330 931 die
344 872 454 931 Worte
470 871 550 949 jetzt
571 872 783 944 lauteu,·will
805 891 839 930 er
860 890 961 949 gagen
984 869 1035 930 die
1055 871 1341 949 Kriegsgofangen·

204 973 305 1033 schaft
320 972 374 1033 des
389 973 533 1033 Dichtcrs
549 973 715 1052 sprechen‚
731 972 895 1051 niderlegt
910 972 984 1035 aber
1005 972 1118 1033 dassen
1140 974 1341 1033 africanische

203 1075 384 1137 Herkuuft.'
437 1076 586 1135 Nimirum
615 1076 660 1134 sic
685 1084 816 1154 apparet
839 1076 984 1135 Rothium
1007 1076 1202 1136 ratiocinari:
1231 1077 1256 1134 si
1284 1096 1343 1135 uec

204 1176 287 1238 bello
304 1185 409 1256 captus
425 1178 465 1236 sit
480 1163 670 1251 aRomanis‚
688 1198 746 1235 nec
761 1178 971 1236 commercium
985 1178 1067 1237 inter
1081 1178 1202 1237 Italiam
1219 1186 1249 1236 ct
1260 1178 1341 1236 Afri-

206 1299 272 1338 cam
287 1289 361 1339 ante
376 1278 510 1338 deletam
524 1280 748 1357 Karthaginem
769 1281 864 1339 ullum
884 1280 990 1352 fuerit,
1015 1299 1078 1338 uon
1100 1280 1237 1359 potuisse
1257 1279 1343 1339 illum

206 1382 330 1441 omnino
355 1381 548 1458 Karthagine
574 1383 703 1441 Romam
732 1382 794 1441 ullo
825 1381 915 1441 modo
942 1381 1116 1461 pervenire.
1162 1382 1276 1441 Veru'm
1302 1401 1342 1440 ne

204 1484 286 1542 inter
308 1484 407 1562 ipsam
427 1483 652 1561 Karthaginem
673 1482 798 1562 quidem
824 1491 856 1542 et
873 1483 995 1543 Italiam
1016 1484 1112 1542 ullum
1133 1484 1343 1542 commercium

204 1586 416 1645 intercessisse
444 1584 511 1664 quis
537 1585 588 1644 vel
615 1586 784 1645 contendat
804 1586 857 1646 vel
877 1585 1023 1645 contendi
1047 1574 1265 1645 al'enestella
1285 1585 1343 1646 sibi

205 1686 413 1766 persuadeat?
461 1686 561 1764 Quem
586 1688 808 1766 apertissimum
835 1697 882 1747 est
908 1687 947 1747 de
972 1687 1171 1755 Numidarum
1198 1687 1343 1747 Gaetulo·

204 1810 347 1870 rumque,
371 1810 435 1848 non
459 1788 497 1847 de
510 1788 817 1866 Karthaginiensium
838 1810 904 1849 cum
924 1790 1039 1849 Italicis
1062 1790 1239 1861 commercio
1263 1790 1343 1866 cogi·

204 1900 281 1951 tare.
325 1892 363 1951 Iu
385 1910 475 1970 quam
496 1899 614 1969 portem
634 1890 730 1950 verba
747 1890 937 1951 Suetoniaua
957 1891 1085 1950 Rothius
1111 1892 1196 1951 nullo
1218 1893 1343 1969 negotio

205 1995 248 2053 sic
272 1994 371 2072 potuit
393 1973 559 2051 deflectere
584 2000 618 2051 ut
642 1994 786 2071 scriptum
812 1993 906 2053 fnisse
931 1998 1005 2051 inter
1027 1994 1143 2051 Italicos
1165 2003 1193 2051 et
1212 1993 1345 2070 [ceteros]

206 2096 296 2168 Afros
313 2095 483 2153 coniceret:
503 2093 546 2151 ita
563 2094 643 2151 enim
660 2095 757 2153 omnis
772 2096 971 2155 Fenestellae
991 2095 1184 2154 ratiocinatio
1208 2097 1293 2155 firma
1313 2104 1345 2154 et

205 2196 369 2276 perspicua
385 2203 416 2253 et
430 2195 488 2253 sibi
502 2204 648 2253 constans
664 2195 778 2274 prodit.
810 2196 873 2255 Sed
889 2215 929 2255 ne
944 2196 1002 2254 hoc
1018 2194 1143 2275 quidem
1158 2195 1343 2257 adminiculo

206 2318 284 2377 opus
300 2305 362 2357 est:
383 2317 454 2355 narn
469 2297 559 2370 Afros
577 2316 643 2355 cum
665 2296 740 2356 dicit
754 2296 934 2371 Suetonius,
960 2318 1025 2356 non
1046 2297 1124 2355 alios
1146 2299 1206 2357 nisi
1226 2306 1343 2358 ceteros

205 2407 330 2480 praeter
349 2398 628 2476 Karthaginienses
649 2400 780 2478 populos
802 2401 925 2479 cogitat.
969 2399 1153 2459 Plenissime
1174 2400 1218 2457 ite
1237 2399 1343 2459 Livius

205 2513 333 2574 xxviii,
357 2509 392 2562 44
408 2502 662 2575 ‘Karthaginienar'
674 2501 753 2560 nihil
767 2502 865 2561 ciuilis
879 2501 996 2562 roboris
1013 2500 1239 2561 estromercede
1255 2521 1343 2579 para·
1403 2488 1405 2494 ⁸

205 2613 253 2663 tos
268 2603 379 2662 milites
394 2601 511 2661 habent
525 2604 615 2677 Afros
632 2605 858 2679 Numidaeque':
875 2602 1068 2682 eandemque
1082 2603 1114 2661 iu
1131 2610 1250 2682 partem
1266 2604 1343 2663 eius·

207 2706 276 2765 dem
290 2704 369 2767 haec
382 2704 490 2764 valent
505 2715 608 2777 xxix,
629 2712 647 2766 3
670 2696 826 2765 ‘mercede
841 2707 943 2785 parari
965 2705 1079 2765 auxilia
1102 2725 1141 2765 ex
1154 2705 1262 2779 Afria',
1286 2725 1311 2763 c.
1327 2713 1345 2766 4

208 2806 263 2866 ‘ad
280 2805 484 2865 conducenda
497 2806 638 2879 Afrorum
653 2809 796 2868 auxilia':
818 2828 898 2888 quae
919 2809 992 2867 item
1013 2808 1155 2886 opposita
1174 2815 1246 2866 sunt
1265 2808 1342 2866 Kar·

206 2909 446 2987 thaginiensium
461 2910 591 2969 notioni.
637 2907 706 2990 [His
729 2910 848 2989 pridem
863 2911 984 2990 scriptis
999 2930 1085 2969 suam
1099 2908 1257 2968 nobiscum
1272 2930 1343 2969 con·

206 3012 354 3070 iacturam
368 3011 575 3072 Mommsenus
597 3014 812 3086 communicat,
836 3033 897 3093 qua
911 3032 1045 3092 pergens
1060 3012 1093 3070 in
1109 3011 1266 3090 Schopeui
1281 3012 1342 3083 via,

206 3112 262 3172 sed
284 3112 323 3171 ad
339 3113 484 3172 librorum
497 3113 590 3173 fidem
605 3116 707 3195 aliqua
724 3135 762 3175 ex
777 3124 865 3194 parte
877 3116 1003 3194 propius
1019 3113 1173 3172 accedens
1189 3117 1344 3171 adductum

206 3217 329 3275 Romam
343 3219 443 3273 uenire
455 3220 583 3288 potuisse
602 3214 768 3296 proponit]

289 3317 364 3393 Peg.
381 3315 433 3389 27,
454 3316 472 3378 7
493 3323 591 3376 tradat
674 3320 768 3393 faciut
794 3318 1004 3377 coniunctivos
1028 3324 1173 3375 constans
1195 3316 1363 3397 loquendi

207 3417 396 3479 consuetudo
414 3417 553 3477 Suetonii
577 3418 674 3498 (cuius
696 3421 764 3499 plus
787 3420 897 3499 viginti
920 3420 1062 3496 exempla
1082 3416 1254 3494 numeravi)
1279 3438 1345 3477 cum

205 3518 255 3580 hic
269 3518 446 3600 postulabat
459 3528 522 3579 tum
537 3520 618 3578 infra
633 3541 663 3599 p.
680 3530 722 3594 29,
738 3530 755 3583 6
770 3525 902 3594 quamuis
923 3522 1066 3578 Volcatius
1087 3563 1093 3576 .
1108 3564 1114 3576 .
1128 3562 1135 3575 .
1147 3522 1262 3576 scribet.
1298 3519 1345 3579 si-

81 3680 89 3689 ,
143 3701 146 3707 ¹
205 3624 331 3683 millimo
348 3622 489 3700 exemplo
504 3625 638 3695 quamuis
655 3626 716 3695 ipae
738 3627 766 3680 in
782 3624 909 3709 historiis
928 3626 987 3679 suia
1005 3624 1113 3694 produt
1128 3618 1206 3678 dixit
1226 3622 1258 3678 in
1280 3622 1345 3680 vita

207 3724 237 3785 d.
252 3723 386 3807 'Olarrdii
413 3744 437 3782 c.
461 3732 504 3783 nt.
550 3722 755 3783 Indicativum
785 3726 814 3783 ei
840 3724 1008 3803 particulae
1034 3722 1128 3782 semel
1154 3723 1287 3782 iunctum
1314 3722 1344 3782 d.
1422 3769 1425 3775 ,

206 3827 337 3904 Augai
358 3829 490 3901 quemuis
512 3829 672 3885 &siluerat
693 3847 756 3885 non
779 3808 913 3885 debebat
927 3846 993 3885 cum
1015 3825 1083 3883 aliis
1106 3820 1344 3903 Oudendorpius

208 3928 389 3989 defendere.

290 4029 367 4107 Peg.
393 4029 445 4101 27,
471 4028 491 4089 9
518 4044 584 4106 sqq.
611 4029 727 4107 positos
754 4030 885 4097 Porcii
910 4028 1042 4087 Licini
1067 4029 1261 4106 septenarios
1287 4030 1345 4088 etsi

208 4131 314 4210 aliqua
336 4151 374 4190 ex
394 4139 482 4210 parte
504 4130 575 4188 olim
595 4132 724 4189 tractavi
739 4132 839 4190 Musei
854 4130 999 4189 Rhenani
1013 4138 1035 4188 t.
1058 4140 1093 4201 11,
1106 4149 1137 4208 p.
1158 4136 1211 4192 648
1224 4150 1271 4209 sq.
1293 4130 1347 4190 vel

207 4233 366 4311 Parergon
381 4230 591 4291 Plautinorum
605 4241 627 4291 t.
643 4244 655 4290 1
670 4253 701 4311 p.
717 4239 768 4294 637
783 4252 840 4311 sq„
862 4241 965 4291 tamen
981 4252 1045 4290 non
1062 4238 1108 4289 est
1122 4232 1229 4289 mirum
1244 4250 1345 4289 novae

207 4334 277 4392 viae
294 4333 401 4392 ducem
413 4342 550 4392 veterem
561 4333 699 4392 codicem
710 4334 881 4394 Parisinum
896 4334 1032 4393 extitisse
1048 4342 1110 4392 tum
1122 4351 1229 4410 parum
1241 4332 1344 4409 cogni-

207 4444 279 4493 tnm.
317 4434 410 4494 Cuius
425 4434 521 4492 virtus
536 4434 569 4493 in
586 4436 691 4513 primis
712 4437 821 4496 statim.
835 4436 993 4495 versiculis
1016 4434 1171 4505 enitescit,
1195 4452 1271 4511 quos
1290 4432 1345 4491 ille
