3218 5000
402 394 636 440 svrnnnunars
662 398 751 438 ιιιιιι
773 398 815 439 ns
839 398 1048 439 aurussmvu
1071 398 1212 440 ussurus
1319 385 1382 448 263

233 552 329 599 uetere
351 548 448 597 tunica
470 552 641 598 seneclutem
666 548 803 613 deponere
827 552 910 613 utque
932 549 962 597 in
980 550 1122 598 iuuentam
1139 548 1230 599 redire
1252 548 1379 614 perhibe-

235 622 324 666 antur.
363 616 477 665 tunicae
500 620 658 681 serpentum
681 617 798 666 exuuiae
826 621 1032 680 nuncupantur,
1065 632 1097 666 ιι
1122 617 1192 682 quod
1214 617 1249 665 iis
1274 617 1381 680 quando

234 692 387 734 senescunt
416 698 478 733 sese
507 690 622 746 exuant,
652 683 750 749 quibus
778 685 854 733 exuti
876 684 905 733 iu
927 685 1068 734 iuuentam
1090 685 1212 735 redeunt.
1254 684 1382 733 dicuntur

239 757 331 802 autem
351 752 469 801 exuuiae
489 755 517 800 ιι
533 751 673 813 induciae,
693 752 758 816 quia
772 757 905 802 exuuntur
918 756 947 801 et
958 750 1124 802 induuntur.’
1157 752 1181 800 5.
1207 751 1263 800 ‘De
1280 753 1380 801 ucrmi·

237 818 308 869 bus’
341 818 369 868 l:
389 819 506 868 ‘Vermis
525 823 567 868 est
585 819 696 881 animal,
717 820 789 883 quod
805 819 965 884 plerumque
984 819 1018 869 de
1033 835 1118 869 earne
1130 819 1176 868 uel
1189 818 1222 871 de
1241 818 1316 884 liguo
1334 819 1379 869 uel

233 886 267 937 de
286 901 457 951 quacumque
480 902 510 936 re
532 892 644 938 terrena
666 888 726 937 sine
749 887 805 936 ullo
829 889 977 937 concubitu
995 889 1131 953 gignitur,
1158 887 1227 937 licet
1244 902 1379 936 nonnum·

235 970 316 1020 quam
335 961 363 1004 et
386 955 419 1003 de
442 955 503 1004 ouis
521 958 672 1011 nascantur
689 960 720 1004 ut
743 956 860 1019 scorpio.
896 960 960 1005 sunt
986 962 1077 1005 autem
1094 970 1202 1004 uermes
1221 960 1269 1002 ιιιι
1286 958 1379 1004 terrae

234 1029 282 1072 aut
300 1038 390 1087 aquae
409 1028 458 1072 aut
476 1023 550 1072 aeris
568 1029 616 1072 aut
634 1024 758 1072 earnium
778 1028 826 1072 ant
842 1023 979 1072 frondium
998 1028 1046 1073 aut
1066 1023 1203 1085 lignorum
1228 1026 1276 1070 aut
1293 1023 1379 1070 uesti-

232 1088 410 1141 mentorum.’
457 1090 487 1139 2:
516 1090 638 1140 ‘Arausa
660 1091 762 1140 normis
789 1091 862 1140 seris
882 1091 917 1139 ab
946 1093 1019 1140 aeris
1048 1090 1215 1139 nutrimento
1239 1090 1379 1153 cognomi·

233 1164 316 1221 nata,
347 1173 418 1222 quae
448 1158 547 1223 exigere
571 1174 685 1223 corpore
712 1157 795 1222 longa
818 1158 866 1207 fila
894 1159 1016 1208 deducit:
1054 1162 1082 1208 ιι
1110 1158 1185 1207 ιιΙιι
1208 1172 1316 1222 semper
1338 1157 1379 1205 iu-

234 1231 312 1276 tenta
342 1241 490 1291 numquam
520 1227 623 1276 desinit
651 1225 794 1285 laborare,
825 1232 985 1290 perpetuum
1014 1225 1153 1276 sustinens
1182 1225 1211 1274 in
1240 1240 1289 1274 sua
1319 1231 1378 1274 erte

235 1294 421 1374 suspendium.
435 1291 442 1317 '
490 1292 521 1343 3:
558 1293 749 1358 ‘sanguisuga
777 1294 879 1343 nermis
908 1294 1041 1359 aquatilis
1070 1294 1146 1342 dicta
1175 1294 1240 1356 quia
1269 1293 1380 1358 sangui·

235 1377 298 1411 nem
333 1362 416 1427 sugit.
456 1361 617 1426 potantibus
648 1361 720 1410 euim
750 1361 911 1423 insidiatur,
947 1376 1062 1431 cumque
1098 1359 1222 1410 illabitur
1251 1360 1379 1409 faucibus

232 1428 277 1479 nel
306 1429 346 1479 ibi
371 1429 479 1493 uspiam
507 1428 698 1489 adhaerescit,
728 1429 890 1494 sangninem
918 1429 1023 1479 haurit:
1055 1434 1082 1478 et
1112 1443 1172 1477 cum
1199 1429 1285 1477 nimio
1318 1443 1377 1477 oru-

233 1512 280 1546 ore
310 1497 464 1557 maduerit,
500 1496 529 1545 id
558 1497 661 1546 euomit
690 1497 761 1561 quod
789 1496 900 1559 hausit,
936 1503 966 1546 ut
1001 1496 1185 1546 recentiorem
1215 1496 1304 1546 denuo
1333 1510 1378 1544 su

233 1562 301 1630 gat’
343 1565 373 1614 l.
398 1564 574 1629 Scorpio..
590 1563 719 1613 ‚animal
743 1569 878 1614 armatum
901 1565 1014 1626 aculeo,
1044 1571 1072 1614 ct
1095 1579 1128 1612 ιι
1153 1579 1186 1612 eo
1210 1579 1311 1627 graece
1329 1578 1376 1613 uo-

232 1638 333 1695 catum,
352 1632 421 1696 quod
439 1632 529 1681 cauda
546 1631 614 1697 ligat
630 1638 659 1680 et
679 1638 793 1681 arcuato
810 1633 924 1683 uulnere
941 1648 1050 1682 uenena
1067 1629 1212 1681 diffundat.
1238 1633 1377 1696 proprium

235 1705 328 1750 autem
347 1705 391 1749 ιιι
408 1700 560 1764 scorpioni,
566 1700 656 1815 'mpod
672 1715 769 1749 manns
786 1701 907 1781 palmam
930 1715 984 1749 non
1003 1698 1105 1750 foriat'
1141 1698 1172 1748 5·
1192 1698 1378 1748 ‘Cantharida

234 1768 337 1818 uermis
358 1774 499 1829 terrenus,
529 1768 575 1832 qui
616 1781 714 1817 umano
739 1769 846 1831 corpori
870 1769 965 1817 statim
988 1773 1019 1817 ut
1041 1767 1124 1817 luerit
1148 1765 1305 1831 applicatus
1334 1768 1377 1816 sui

236 1835 382 1885 adustione
400 1835 518 1885 uesicas
534 1833 622 1884 elficit
639 1835 737 1900 plenas
755 1834 886 1884 humore)
922 1835 950 1884 ll:
975 1835 1115 1915 Multipes
1134 1834 1235 1883 uermis
1253 1841 1378 1884 terrenus

233 1918 268 1952 ιι
279 1902 461 1963 vmultitudine
487 1902 587 1967 pedum
610 1908 740 1963 uocatus,
768 1904 814 1966 qui
838 1908 982 1952 contectus
1005 1904 1034 1952 in
1057 1901 1168 1968 globum
1187 1903 1376 1967 complicatur.

234 1973 360 2021 nascitur
376 1970 427 2019 sub
445 1972 532 2035 petris
551 1985 584 2019 ex
601 1969 713 2019 humore
732 1975 760 2019 et
778 1970 870 2019 terra.’
906 1970 934 2018 7:
954 1971 1063 2020 ‘Limax
1080 1970 1182 2019 normis
1200 1968 1259 2018 limi
1277 1970 1376 2031 dictus,

235 2039 306 2104 quod
325 2040 353 2087 in
372 2039 437 2087 limo
455 2038 501 2088 uel
519 2037 554 2087 de
572 2038 638 2087 limo
655 2042 797 2097 nascatur,
817 2039 889 2087 unde
908 2042 937 2087 ct
954 2038 1079 2088 sordidus
1097 2052 1205 2100 semper
1223 2042 1251 2085 ιι
1263 2037 1377 2086 immun-

231 2107 280 2155 dus
298 2104 434 2156 habetur)
473 2104 504 2155 8:
529 2104 662 2168 ‘Bombyx
686 2105 822 2154 frondium
845 2106 962 2166 normis,
981 2121 1015 2155 ιι
1033 2107 1111 2155 cuius
1129 2109 1243 2154 texture
1262 2105 1373 2167 bomby-

231 2176 322 2224 cinum
341 2173 493 2223 conficitur.
528 2173 684 2238 appellatur
703 2179 794 2222 autem
813 2172 865 2222 boc
882 2174 991 2223 nomine
1011 2174 1046 2223 ab
1066 2189 1098 2223 eo
1122 2171 1193 2237 quod
1213 2178 1371 2233 euacuetur,

235 2243 298 2291 dum
312 2241 360 2291 fila
373 2246 490 2306 generat
508 2245 536 2289 et
555 2246 610 2289 aer
621 2241 696 2290 solus
713 2242 741 2288 in
761 2257 794 2289 eo
812 2240 975 2290 remaneat)
1004 2240 1033 2290 n:
1053 2242 1153 2290 ‘Eruca
1167 2240 1302 2288 frondium
1315 2254 1376 2289 ιιιι-

234 2311 284 2359 mls
302 2311 331 2358 in
350 2308 470 2359 oleribus
487 2307 533 2358 uel
551 2309 681 2374 pampino
699 2308 837 2369 inuoluta,
863 2310 897 2358 ab
921 2308 1058 2358 erodendo
1076 2309 1167 2368 dicta,
1195 2308 1228 2356 de
1248 2322 1302 2370 qua
1320 2323 1376 2356 me-

233 2378 314 2426 minit
333 2376 463 2426 Plautus:
491 2377 619 2426 Imitatus
645 2390 764 2440 nequam
787 2375 904 2425 bestiam
928 2382 956 2426 et
983 2376 1139 2426 maleficam
1168 2374 1320 2424 inuolutam
1347 2375 1375 2424 iu

232 2460 361 2509 pampino
375 2443 475 2507 (eutell
495 2444 599 2501 mlo,
614 2446 668 2506 ⁶2).
687 2442 813 2507 implicat
824 2459 853 2493 se
867 2444 963 2493 eadem
975 2459 1029 2495 uec
1042 2444 1155 2494 aduolat
1167 2447 1198 2490 ut
1209 2442 1325 2505 locusta
1345 2448 1377 2491 ιιι

232 2513 285 2561 hnc
303 2511 425 2577 illucque
444 2512 601 2561 discurrens
619 2512 771 2576 semipasta
789 2511 925 2572 dimittat3
949 2513 999 2561 sed
1017 2518 1160 2577 permanet
1177 2510 1307 2600 perituris
1319 2481 1375 2560 ltu-

231 2580 312 2645 gibus
326 2585 354 2628 et
371 2579 450 2629 tardo
467 2579 549 2647 lapsu
567 2579 709 2643 pigrisque
728 2580 863 2628 morsibus
881 2580 1013 2629 uniuersa
1034 2576 1189 2629 consumit.
1228 2576 1271 2626 1οι
1290 2579 1375 2627 Tere-

234 2649 320 2697 donas
340 2647 441 2697 Graeci
463 2652 567 2696 uocant
588 2647 723 2711 lignorum
745 2661 867 2707 uermes
897 2649 968 2711 qnod
990 2648 1105 2698 terendo
1129 2646 1220 2695 edant.
1257 2645 1307 2694 bos
1325 2660 1375 2696 nos

236 2715 359 2765 termites
377 2712 512 2763 dicimus)
550 2713 594 2763 ll:
615 2714 714 2764 ‘Tinea
732 2685 956 2764 uestimentorum
968 2716 1078 2776 uer-mis,
1098 2717 1173 2764 dicta
1192 2715 1263 2777 quod
1279 2719 1376 2763 teneat

233 2788 261 2832 et
274 2798 306 2831 eo
319 2796 405 2846 usque
416 2781 551 2843 insideat,
570 2782 661 2845 quoad
674 2782 779 2832 erodat.
801 2782 864 2832 inde
874 2783 1003 2847 pertinax
1013 2753 1115 2833 dieilur
1133 2799 1165 2831 eo
1184 2781 1274 2846 quod
1266 2796 1295 2830 ιιι
1309 2797 1375 2831 ean·

229 2850 292 2900 dem
304 2865 361 2899 rem
374 2849 524 2899 identidem
534 2848 653 2914 urgeat‘
681 2848 711 2898 12
722 2865 794 2915 sqq.:
818 2851 938 2899 ‘Vermes
951 2852 1088 2900 carnium:
1107 2850 1293 2900 hemicranius
1303 2849 1371 2897 lum-

229 2918 322 2968 bricus
336 2917 482 2967 ascaridae
502 2918 572 2967 costi
590 2917 710 2982 pediculi
728 2918 836 2982 pulices
853 2917 950 2967 lendes
963 2923 1067 2968 tarmus
1080 2919 1185 2969 ricinus
1197 2918 1260 2969 usia
1274 2918 1371 2966 cimex.

228 2985 415 3035 hemicranius
434 2987 536 3035 uermis
549 2985 650 3049 cepitis
668 2990 794 3034 uocatur.
831 2986 980 3035 lumbricus
996 2987 1097 3036 normis
1110 2987 1303 3037 intestinorum
1316 2985 1374 3033 die-

228 3058 274 3104 tus
292 3054 371 3117 qnasi
389 3053 520 3113 lubricus,
540 3053 606 3116 quia
622 3050 727 3102 labitur
744 3052 789 3102 uel
808 3053 879 3117 quod
897 3055 926 3103 in
945 3053 1044 3103 lumbis
1056 3055 1101 3103 sit.
1180 3052 1302 3119 pediculi
1314 3067 1375 3101 uer-

230 3136 288 3171 mes
306 3122 379 3170 cutis
402 3136 419 3170 a
441 3120 558 3185 pedibus
587 3121 666 3170 dicti.
702 3120 774 3169 undo
800 3125 827 3169 et
851 3121 1005 3184 pediculosi
1023 3122 1161 3183 dicuntur,
1181 3121 1279 3186 quibus
1297 3119 1375 3185 pedi-

230 3189 287 3239 culi
305 3190 334 3237 in
352 3203 465 3253 corporo
485 3187 678 3237 efferuescunt
708 3187 815 3252 pulices
828 3203 893 3237 uero
906 3190 998 3237 uocati
1012 3190 1084 3253 quod
1102 3206 1136 3238 ιι
1153 3189 1267 3254 puluere
1285 3187 1375 3251 magis

228 3257 394 3306 nutriantur.
492 3260 596 3305 termus
620 3256 723 3305 uermis
741 3261 784 3305 est
801 3255 881 3304 lardi.
912 3257 1016 3305 ricinus
1038 3257 1140 3305 uermis
1159 3262 1202 3306 est
1225 3255 1303 3304 cunis
1325 3269 1373 3304 uo·

229 3329 309 3374 catus
328 3340 361 3373 eo
380 3324 450 3387 quod
469 3324 568 3372 haeret
590 3324 619 3373 in
642 3324 754 3372 auribus
771 3338 877 3372 eanum.
913 3314 991 3372 κύων
1011 3325 1083 3372 euim
1102 3339 1204 3388 graece
1224 3323 1302 3372 canis
1322 3326 1372 3370 est.

227 3393 290 3441 usia
312 3392 414 3441 normis
433 3396 476 3440 ιιι
492 3391 584 3455 porci,
605 3390 748 3455 appellata
766 3392 832 3455 quia
849 3391 914 3439 urit.
949 3406 1014 3439 nam
1034 3393 1081 3440 ubi
1099 3390 1283 3450 momorderit,
1303 3388 1373 3438 adeo

226 3459 303 3509 locus
322 3459 413 3520 ardet,
437 3463 468 3507 ut
490 3459 585 3507 statim
603 3459 642 3507 ibi
668 3459 781 3508 uesicae
799 3459 876 3507 fient.
913 3459 1002 3508 cimex
1025 3460 1058 3508 de
1082 3458 1263 3508 similitudine
1282 3458 1372 3505 euius·

226 3527 289 3577 dam
306 3527 410 3576 herbae
433 3529 563 3585 uocatus,
592 3527 670 3574 cuins
694 3527 810 3575 lotorem
833 3525 938 3575 habet!
980 3524 1026 3574 18:
1048 3526 1171 3590 ‘Proprie
1195 3530 1288 3573 autem
1311 3539 1372 3572 uer·

229 3596 281 3643 mis
299 3596 328 3643 iu
352 3600 436 3643 earne
459 3592 533 3658 putri
556 3594 679 3642 nascitur
702 3594 779 3642 tinea
797 3595 825 3642 in
843 3594 1018 3643 uestimentis
1037 3608 1120 3643 eruca
1137 3595 1166 3641 in
1184 3592 1259 3642 olere
1277 3592 1372 3640 teredo

227 3663 256 3711 in
274 3662 351 3727 ligno
373 3666 479 3710 tarmus
503 3661 532 3709 in
555 3659 652 3709 lardo’
691 3659 735 3709 19:
759 3662 883 3711 ‘Vermis
900 3677 955 3711 uon
972 3668 1003 3711 ut
1021 3676 1135 3725 serpens
1161 3660 1265 3725 apertis
1283 3659 1371 3723 passi·

227 3728 279 3778 bus
302 3728 349 3778 uel
370 3743 573 3793 squammarum
591 3728 698 3777 nisibus
716 3729 803 3793 repit,
829 3730 894 3794 quie
913 3734 1028 3778 nonest
1053 3729 1095 3778 illi
1113 3729 1210 3792 spinae
1228 3727 1318 3791 rigor,
1342 3732 1373 3775 ut

228 3796 355 3856 colubro,
384 3796 433 3845 sed
460 3798 489 3845 in
512 3796 648 3846 directum
676 3796 832 3861 corpusculi
856 3797 898 3845 sui
921 3802 1015 3861 partes
1042 3797 1179 3861 gradatim
1207 3794 1373 3860 porrigendo

227 3869 396 3925 contractas,
415 3864 602 3914 contrahendo
614 3870 765 3929 porrectus,
784 3869 886 3914 motum
905 3863 1034 3928 explicat,
1055 3865 1151 3928 sicque
1170 3863 1293 3927 agitatus
1312 3877 1372 3926 per·

227 3929 350 3979 labitur!
386 3931 411 3983 o.
435 3932 493 3981 ‘De
516 3930 659 3996 piscibus!
694 3934 723 3983 l:
749 3931 885 3981 ‘Piscium
907 3946 974 3981 uero
997 3936 1095 3995 postea
1118 3930 1254 3996 paulatim
1278 3930 1373 3995 cogni-

226 3999 265 4047 tis
283 3999 431 4063 generibus
449 4001 562 4049 nomina
580 4000 709 4050 instituta
728 4003 791 4048 sunt
809 4004 857 4048 ant
876 4014 909 4047 ιι
927 3998 1108 4048 similitudine
1127 3998 1298 4048 terrestrium
1312 3998 1371 4047 ani·

228 4065 355 4125 melium,
382 4072 431 4115 eut
454 4081 488 4116 ιι
510 4069 604 4131 specie
628 4068 741 4132 propria
759 4068 819 4116 ιίιιι
837 4067 958 4116 moribus
975 4081 1024 4116 seu
1044 4066 1134 4116 colore
1152 4065 1198 4114 uel
1216 4064 1304 4131 figura
1323 4071 1373 4113 aut

228 4132 315 4183 sexu.²
352 4135 387 4183 ci.
414 4134 539 4184 Ambros.
562 4134 625 4183 hex.
645 4135 669 4183 V
687 4135 710 4183 2.
747 4133 776 4181 b:
806 4132 861 4183 ‘Ex
884 4134 1063 4183 similitudine
1087 4133 1257 4183 terrestrium
1279 4139 1310 4181 ut
1328 4148 1371 4181 ra·

227 4216 281 4251 nae
303 4201 398 4251 leones
420 4208 448 4251 ct
470 4201 552 4250 uituli
577 4208 605 4251 et
627 4202 700 4265 nigri
719 4200 841 4250 urerulae
866 4206 894 4250 et
917 4202 983 4265 paui
1006 4202 1115 4250 diuerso
1134 4201 1235 4262 colore,
1255 4199 1325 4249 collo
1344 4204 1372 4249 et

228 4268 309 4319 dorso
327 4270 397 4334 picti
420 4274 449 4318 ιι
472 4269 545 4317 turdi
565 4268 702 4318 albouarii
721 4273 749 4317 et
767 4273 862 4316 cetera
880 4283 952 4331 quae
976 4268 1030 4317 sibi
1048 4272 1125 4317 iuxta
1143 4268 1252 4332 species
1270 4271 1371 4316 terres·

197 4393 200 4401 .
228 4337 310 4385 trium
334 4336 497 4385 animalium
515 4337 627 4386 nomina
650 4335 837 4385 uindicarent.
880 4350 912 4384 ιι
935 4337 1056 4385 moribus
1073 4336 1253 4393 terrestrium,
1275 4339 1307 4382 ut
1325 4348 1371 4382 ea·

229 4416 279 4453 nes
298 4404 326 4453 in
344 4404 414 4453 mari
433 4418 450 4452 a
468 4404 585 4453 terrenis
604 4403 720 4454 canibus
737 4403 900 4468 nuncupati,
925 4403 995 4468 quod
1007 4403 1156 4464 mordeant,
1173 4402 1279 4467 etlupi,
1299 4402 1370 4467 quod
