3218 5000
230 406 292 468 262
400 418 633 461 averruncum
657 418 746 458 44444
767 418 810 457 ns
834 416 1038 458 ,4444444444
1065 416 1205 458 4444444444

232 576 311 636 petat
340 575 369 619 44
397 567 507 619 assidue
535 567 618 618 mella
644 565 763 632 (4444444.4
808 565 833 616 3.
868 567 925 616 ‘De
953 567 1067 617 minutis
1090 567 1303 618 animantibus)
1347 569 1373 618 4.

233 640 284 688 ‘De
303 638 497 718 serpentibus.
529 635 574 685 13:
595 637 705 701 ‘Dipsas
730 650 817 700 genus
836 636 955 699 aspidis
978 651 1048 700 quae
1072 635 1173 685 Latine
1196 636 1280 686 situla
1304 636 1374 686 diei·

231 711 288 768 444,
317 707 383 770 quia
406 720 485 769 quem
507 704 682 753 momorderit
704 705 752 752 siti
775 702 867 767 444444.4
901 703 950 751 224
969 703 1087 767 ‘Hydros
1110 704 1243 767 aquatilis
1261 720 1374 769 serpens

233 789 250 824 a
267 787 319 839 quo
338 774 388 823 icti
405 773 611 835 obturgescunt
647 772 724 821 euius
748 771 860 835 quidam
883 771 1005 820 morbum
1027 772 1108 820 boam
1132 771 1228 820 dieunt
1252 772 1374 837 eoquod

232 841 294 891 timo
312 841 391 891 bouis
409 838 593 890 remedietur!
625 840 661 888 ei.
676 839 779 888 Paulus
797 839 915 888 Pestis.
935 854 960 887 v.
980 839 1096 903 bouap.
1117 837 1158 889 30.
1191 840 1238 888 244
1259 839 1373 902 4014414-

232 910 294 959 (1444
316 924 443 973 serpeus,
468 909 515 972 qui
540 913 567 956 ot
591 907 754 986 chersydros
772 906 885 967 dicitur,
916 907 982 970 quia
1009 904 1068 956 et
1060 923 1089 955 m
1103 908 1192 983 aquis
1216 912 1245 956 et
1267 908 1296 957 in
1319 912 1374 956 444-

232 979 270 1026 444
297 981 427 1026 moratur.
479 991 543 1025 nam
571 969 672 1039 χέρσον
700 974 796 1023 dieunt
825 974 926 1023 Graeci
954 980 1069 1035 terram,
1098 964 1176 1038 ὕδωρ
1206 990 1304 1039 aquam
1339 991 1375 1024 en

231 1045 321 1094 Seruio
337 1060 426 1108 peorp.
445 1042 497 1092 III
513 1046 572 1092 415.
596 1042 642 1093 hie
659 1058 708 1107 per
726 1057 808 1106 quam
826 1042 929 1092 labitur
948 1047 1049 1091 terram
1068 1043 1174 1092 tumere
1193 1043 1275 1101 lacit,
1295 1058 1374 1107 quem

232 1113 274 1162 sie
291 1112 387 1162 Maoer
405 1111 552 1161 describit:

564 1209 614 1244 seu
631 1201 711 1259 terga
730 1196 859 1259 expirant
876 1195 1034 1259 spumantia
1053 1195 1136 1256 uirus,
1169 1242 1173 1253 ,

470 1277 519 1312 seu
537 1267 628 1312 terrae
647 1264 762 1323 fumant,
783 1277 837 1327 qus
855 1268 928 1311 teter
945 1261 1050 1311 labitur
1068 1263 1174 1327 anguis.

231 1346 278 1397 25:
299 1346 411 1397 ‘Natrix
429 1361 543 1411 serpens
562 1362 661 1412 aquam
680 1363 788 1397 ueneno
807 1346 942 1395 inliciens.
978 1346 1007 1396 iu
1026 1362 1194 1411 quocumque
1214 1348 1285 1396 enim
1297 1347 1374 1397 sonte

231 1415 329 1478 144444,
355 1430 416 1464 cum
438 1430 547 1465 ueneno
570 1412 726 1464 immiscet)
772 1412 818 1462 204
848 1414 981 1463 Cenchris
1004 1429 1117 1493 serpens
1141 1414 1306 1464 inflexuosus
1329 1416 1375 1479 qui

232 1496 341 1562 semper
362 1484 416 1531 iter
438 1488 544 1532 rectum
568 1482 697 1533 eflicit..
731 1519 737 1531 .
778 1483 888 1530 namsi
912 1496 942 1531 se
966 1482 1090 1541 torserit,
1115 1482 1178 1530 dum
1196 1483 1293 1544 currit,
1318 1489 1375 1531 444-

232 1551 283 1600 tim
301 1548 417 1615 crepat.¹
452 1549 500 1598 4274
526 1550 637 1599 ‘Parias
656 1519 768 1614 44444444
788 1549 833 1614 (444
851 1565 958 1614 semper
976 1550 1004 1598 iu
1023 1520 1112 1599 cauda
1131 1548 1255 1599 ambulat
1274 1554 1302 1600 44
1319 1549 1373 1599 sul-

233 1634 294 1668 cum
313 1619 407 1667 lacere
426 1614 554 1667 uidetur'
590 1616 635 1668 33:
657 1617 787 1696 ‘Salpuga
806 1632 919 1682 serpeus
939 1621 981 1667 est
999 1633 1071 1682 quae
1089 1633 1144 1666 non
1157 1617 1273 1666 uidetur
1312 1634 1374 1667 eae-

234 1685 297 1735 4414
310 1684 387 1734 dicta
399 1690 512 1749 propter
525 1685 596 1774 quqd
608 1700 696 1749 parua
708 1686 745 1735 sit
735 1690 785 1734 tet
798 1701 852 1733 nou
864 1684 969 1734 babeat
982 1686 1085 1735 oculos.
1110 1685 1265 1750 centupeda
1278 1701 1294 1734 a
1307 1685 1374 1734 mul·

233 1753 352 1803 trtudrne
366 1752 465 1816 pedum
478 1751 574 1801 (14444
605 1752 637 1802 34
656 1768 728 1817 sqq:
749 1752 866 1802 ‘Laeert
869 1768 900 1801 us
918 1752 1017 1818 reptile
1041 1768 1128 1817 genus
1147 1757 1189 1801 est
1200 1759 1315 1802 uocatus
1334 1754 1375 1802 ita

233 1821 305 1885 quod
323 1819 438 1870 brachia
456 1820 569 1870 habeat.
611 1837 714 1885 genera
736 1820 902 1870 lacertorum
926 1820 1005 1885 plura
1028 1829 1058 1869 ut
1081 1820 1179 1869 botrax
1198 1818 1375 1873 salamandra

233 1903 316 1939 saura
339 1887 441 1937 stellio.
485 1888 534 1937 bot
524 1893 584 1936 trax
607 1888 682 1937 dicta
707 1889 778 1953 quod
802 1904 887 1938 ranae
916 1888 1021 1938 habeat
1045 1888 1161 1949 facicm;
1184 1903 1248 1937 nam
1272 1887 1375 1938 Graeci

232 1971 328 2005 ranam
347 1948 491 2036 βάτρᾳχον
508 1960 620 2005 uocant.
661 1955 837 2005 salamandra
855 1960 966 2017 auocata,
986 1955 1057 2019 quod
1071 1959 1167 2021 contra
1180 1955 1310 2005 incendia
1327 1972 1374 2005 ua

232 2024 304 2083 lest,
323 2024 401 2073 cuius
420 2023 492 2072 iuter
509 2024 602 2072 omnia
620 2028 759 2073 uenenato
782 2024 901 2073 maxima
925 2024 968 2073 uis
988 2029 1039 2072 est.
1075 2010 1171 2072 cetera
1191 2024 1374 2087 4414444444-

231 2091 273 2141 los
292 2091 406 2152 feriunt3
430 2092 500 2141 haec
524 2091 655 2155 plurimos
673 2091 777 2157 pariter
801 2092 942 2144 interimit.
982 2106 1046 2139 uam
1070 2091 1094 2138 44
1114 2091 1205 2140 arbori
1223 2089 1375 2155 irrepserit,

232 2160 326 2208 omnia
343 2174 424 2224 poma
447 2158 537 2207 inlicit
554 2174 676 2219 ueneno,
701 2165 729 2208 et
753 2175 799 2208 eos
823 2159 868 2224 qui
887 2159 995 2207 ederint
1017 2157 1134 2219 oceidit,
1160 2158 1226 2223 quiu
1249 2159 1376 2209 etiamsi

232 2226 278 2277 uel
302 2227 332 2275 in
350 2231 462 2291 puteum
481 2226 583 2291 cadat,
602 2226 644 2275 uis
667 2227 769 2275 ueneni
793 2227 853 2275 eius
875 2230 1005 2290 potantes
1028 2224 1169 2275 interficit.
1205 2227 1260 2275 ista
1279 2231 1376 2276 eontra

233 2293 363 2343 incendia
381 2308 539 2359 repugnans
557 2294 636 2358 ignes
655 2293 715 2343 sola
733 2293 894 2342 animalium
913 2293 1059 2358 extinguit.
1089 2294 1162 2343 uiuit
1180 2294 1253 2344 euim
1272 2294 1300 2343 in
1319 2311 1373 2344 me-

131 2380 138 2391 ·
233 2360 287 2411 diis
304 2361 420 2411 flammis
438 2362 499 2410 sine
518 2360 611 2410 dolore
631 2367 658 2411 et
677 2362 893 2425 consumptione,
915 2368 943 2411 44
960 2377 1015 2410 non
1034 2360 1120 2410 solum
1139 2361 1204 2425 quia
1221 2377 1276 2411 uon
1287 2363 1376 2411 uritur

233 2429 282 2478 sed
300 2430 438 2494 extinguit
456 2429 624 2478 incendium.
666 2444 749 2478 saura
768 2428 897 2489 lacertus,
918 2429 965 2493 qui
983 2429 1091 2492 quaudo
1104 2430 1237 2490 44444444,
1256 2445 1374 2479 444444-

233 2502 277 2545 tur
295 2496 368 2546 oculi
388 2498 458 2557 4444,
478 2503 505 2545 44
524 2497 609 2546 intrat
627 2497 656 2545 in
675 2497 799 2546 toramen
817 2497 933 2561 parietis
953 2496 1116 2562 aspicientis
1130 2500 1227 2545 eontra
1240 2498 1375 2548 orientem

221 2567 261 2614 'et
280 2568 338 2614 orto
356 2565 413 2613 sole
438 2563 559 2613 intendit
582 2569 610 2612 44
628 2564 806 2613 illuminatur.
848 2564 940 2614 stellio
964 2564 998 2613 de
1022 2564 1111 2613 colore
1135 2563 1253 2613 inditum
1276 2581 1375 2615 nomen

231 2630 325 2681 habet.
362 2634 405 2681 est
423 2632 497 2681 enim
514 2636 623 2696 tergore
645 2632 737 2696 pietus
758 2630 917 2683 lucentibus
940 2632 1026 2696 guttis
1048 2632 1077 2680 in
1095 2630 1203 2681 modum
1221 2632 1373 2683 stellarum.

232 2699 266 2749 de
286 2715 337 2764 quo
356 2699 472 2749 Ouidius
496 2697 565 2761 (met.
588 2701 614 2749 V
631 2699 704 2763 ten:

925 2787 1074 2848 aptumque
1092 2783 1179 2833 colori

435 2865 534 2900 nomeu
556 2849 655 2911 habet,
685 2851 772 2900 uariis
796 2849 909 2901 stellata
934 2866 1050 2916 corpora
1071 2850 1176 2917 guttis)

233 2934 270 2985 ei.
290 2934 388 2984 Festus
414 2950 440 3000 p.
466 2933 529 2985 313:
573 2934 737 2984 ‘sectionem
763 2950 843 2999 penus
871 2940 941 2984 (4444444
963 2940 1076 2985 lacertae
1104 2938 1173 3000 quod
1197 2935 1285 2998 stillet
1312 2937 1374 2985 elbo

228 3006 315 3068 potius
344 3019 417 3067 quum
446 3010 471 3051 ut
493 3008 584 3066 putant
614 3002 651 3052 ali
681 3018 698 3052 a
721 3001 863 3052 stellarum
891 3004 1063 3059 conditariam,
1094 3009 1153 3067 (444444
1182 3004 1289 3051 uarium
1313 3002 1373 3051 est’

232 3069 265 3120 30
283 3084 356 3133 sqq:
393 3070 504 3119 ‘Omnes
527 3075 620 3119 autern
642 3075 786 3135 serpentes
808 3076 909 3119 natura
932 3086 982 3119 sua
1004 3070 1123 3134 frigidae
1151 3075 1214 3119 sunt
1237 3085 1289 3119 nee
1314 3086 1374 3134 per·

233 3138 353 3198 eutiunt,
384 3139 440 3187 nisi
463 3137 570 3202 quando
598 3138 753 3188 calescunt:
790 3154 853 3187 nam
882 3138 991 3202 quando
1014 3143 1078 3186 suut
1106 3138 1239 3202 trigidae,
1270 3137 1375 3187 nullum

232 3210 358 3269 tangunt.
393 3205 465 3255 unde
488 3211 516 3255 44
537 3221 646 3255 uenena
670 3222 763 3255 earum
785 3205 846 3270 plus
870 3206 914 3254 die
933 3220 1014 3269 quam
1033 3210 1236 3255 noetenoeent.
1266 3211 1376 3270 torpent

233 3275 306 3324 enim
323 3275 412 3322 noetis
431 3273 525 3337 algore
545 3280 573 3323 et
590 3275 701 3335 merito,
729 3275 794 3338 quia
818 3271 936 3339 frigidae
960 3277 1023 3321 sunt
1040 3278 1174 3323 nocturno
1186 3289 1256 3322 rore
1293 3275 1322 3322 in
1344 3288 1374 3322 44

233 3343 306 3391 enim
330 3341 470 3390 adducunt
490 3356 621 3406 uaporem
644 3342 754 3407 gelidae
778 3347 870 3405 pestes
894 3347 922 3389 et
946 3346 1064 3390 naturae
1087 3340 1215 3407 frigidae.
1251 3343 1323 3390 unde
1347 3346 1375 3390 44

231 3408 349 3459 hieme'
341 3425 370 3458 44
388 3410 473 3459 nodos
491 3413 609 3474 torpent,
630 3414 738 3459 aestate
757 3408 907 3458 soluuutur.
938 3409 1002 3458 iude
1022 3413 1072 3469 444,
1094 3410 1374 3473 quoddamquicum
1393 3426 1443 3477 ‚0

233 3492 285 3557 que
304 3477 472 3541 serpentium
489 3492 597 3527 ueneno
619 3480 786 3559 percutitur,
810 3477 926 3541 primum
945 3476 1132 3555 obstupescit:
1152 3482 1181 3527 et
1197 3481 1307 3541 postes,
1326 3477 1375 3526 ubi

232 3546 261 3593 44
284 3544 333 3593 4114
356 3543 555 3595 calefactum
547 3560 637 3609 ipsum
659 3547 735 3594 uirus
760 3545 907 3605 exarserit,
937 3544 1031 3593 statim
1053 3544 1191 3594 hominem
1218 3543 1373 3624 extinguit)

232 3612 278 3661 424
298 3611 395 3661 ‘Omne
415 3616 506 3661 autem
524 3628 661 3662 uenenum
678 3613 809 3677 frigidum
827 3617 870 3661 est
889 3618 916 3661 st
935 3612 997 3661 ideo
1021 3611 1114 3661 anima
1138 3627 1208 3676 quae
1231 3612 1314 3676 ignea
1333 3616 1377 3661 est

231 3681 304 3745 fugit
321 3693 457 3728 uenenum
475 3680 615 3745 frigidum
652 3682 680 3730 in
698 3679 871 3729 naturalibus
888 3680 978 3741 bonis,
999 3695 1069 3744 quae
1087 3680 1168 3728 uobis
1186 3684 1215 3728 et
1227 3680 1374 3729 rrratrona

231 3747 305 3798 libus
324 3748 512 3797 animantibus
535 3748 659 3799 uidemus
684 3760 745 3797 esse
773 3748 940 3810 communia,
964 3747 1118 3828 museitate
1143 3746 1260 3811 quadam
1277 3762 1376 3797 sensus

232 3829 345 3879 serpens
370 3815 501 3864 excellit’
541 3816 589 3865 444
616 3815 726 3865 Nullum
755 3821 846 3865 sutem
871 3816 1004 3864 animal
998 3832 1025 3864 44
1052 3820 1132 3864 tanta
1155 3814 1300 3864 celeritate
1322 3814 1375 3865 lin·

233 3897 314 3947 guam
332 3887 425 3931 mouet
447 3887 477 3932 ut
499 3898 627 3947 serpens,
658 3884 726 3932 adeo
750 3887 780 3931 ut
801 3883 938 3947 triplicem
962 3883 1086 3949 linguam
1108 3882 1212 3932 habere
1236 3882 1373 3944 uideatur,

232 3965 294 3998 cum
311 3964 367 4009 una
385 3947 442 4000 444.
477 3949 510 3998 45
529 3965 602 4015 sqq:
631 3950 771 4015 ‘Vestigia
794 3952 964 4015 serpentium
982 3951 1051 4000 talis
1069 3957 1145 4011 sunt,
1170 3955 1201 3999 ut
1219 3964 1280 4000 cum
1297 3950 1374 4015 pedi·

232 4017 283 4066 bus
301 4033 397 4067 carere
420 4016 573 4078 uideantur,
594 4019 679 4067 costis
696 4023 788 4067 tamen
806 4025 834 4067 et
847 4032 1047 4082 squammarum
1060 4019 1166 4068 nisibus
1178 4022 1286 4082 repant,
1306 4033 1376 4083 quas

233 4100 249 4133 a
268 4101 370 4134 summo
389 4090 499 4151 gutture
518 4100 603 4149 usque
628 4086 763 4135 adimam
783 4086 875 4135 aluum
893 4086 976 4151 parili
994 4087 1073 4136 modo
1092 4087 1241 4151 dispositas
1259 4085 1372 4134 habent.

232 4154 381 4217 squammis
400 4155 473 4202 enim
491 4154 570 4217 quasi
587 4154 734 4218 unguibus,
755 4154 839 4203 costis
859 4156 938 4218 quasi
961 4154 1086 4203 cmribus
1104 4154 1266 4203 innituntur.
1301 4153 1373 4202 unde

232 4221 256 4269 si
274 4220 303 4269 iu
321 4218 447 4283 qualibet
464 4221 586 4284 corporis
603 4226 683 4286 parte
702 4221 737 4269 ab
756 4222 819 4270 aluo
836 4236 922 4285 usque
941 4221 1079 4286 ad'eaput
1103 4222 1160 4270 ictu
1184 4221 1277 4284 aliquo
1295 4220 1375 4270 colli·

232 4287 320 4348 datur,
341 4286 442 4336 debilis
461 4286 567 4336 reddita
586 4303 694 4338 cursum
712 4287 815 4337 habere.
833 4304 888 4338 non
905 4289 1007 4353 possit,
1033 4289 1097 4352 quia
1118 4289 1283 4350 ubicumque
1301 4289 1374 4336 ictus

233 4354 281 4404 ille
300 4354 376 4403 incid
409 4354 445 4415 it,
464 4354 573 4418 spinam
591 4356 675 4405 soluit
702 4371 751 4419 per
768 4371 850 4419 quam
868 4360 1004 4405 costarum
1022 4356 1107 4420 pedes
1126 4360 1154 4403 et
1171 4358 1260 4403 motus
1279 4369 1374 4419 corpo·

233 4423 271 4471 ris
290 4422 361 4485 ageb
445 4456 452 4469 .
488 4428 630 4487 serpentes
649 4428 741 4472 autem
758 4423 806 4473 diu
822 4423 917 4473 uiuere
940 4422 1080 4482 dicuutur,
1104 4421 1173 4472 adeo
1196 4426 1227 4471 ut
1248 4422 1375 4487 deposita
