3202 4998
272 342 287 373 i
688 420 792 463 eurus
816 423 839 462 u
1257 407 1336 469 1433

197 563 341 626 Suetonio
356 566 460 627 deberi
475 571 540 628 veri
560 581 606 629 est
623 573 816 634 simillimum.
838 573 934 632 veluti
946 594 971 633 c.
985 574 1073 632 tertio
1090 575 1128 635 de
1145 576 1336 637 hebdomade

196 666 333 739 disserit,
352 689 377 726 c.
391 673 495 748 quinto
514 670 660 732 describit
677 675 869 732 concordiam
881 676 1043 747 mensium,
1059 696 1084 734 c.
1101 679 1229 756 septimo
1242 678 1335 737 tradit

194 777 337 847 quattuor
348 772 419 828 anni
430 781 598 852 temporum
607 776 729 835 nomina
739 785 863 835 naturas
870 777 1176 858 principia„denique
1189 800 1214 839 c.
1225 790 1334 839 octavo

195 869 233 927 de
245 870 375 929 solstitio
389 879 420 930 et
432 876 625 953 aequinoctio
642 875 764 935 brevem
776 879 913 936 notitiam
927 877 1074 955 adiungit.
1097 900 1175 958 quae
1189 883 1289 941 omnia
1300 890 1335 940 ut

194 992 254 1030 non
276 971 379 1031 dubito
405 972 609 1036 Suetonianae
632 978 845 1056 disputationis
871 980 1038 1058 particulas
1067 1000 1259 1060 nuncupare,
1292 984 1336 1041 ita

194 1075 285 1139 etiam
300 1074 349 1132 hic
366 1077 523 1136 fatendum
539 1088 586 1137 est
601 1080 754 1159 antiquam
768 1082 942 1139 memoriam
961 1081 999 1140 ab
1018 1082 1137 1140 Isidoro
1156 1085 1279 1162 saepius
1298 1103 1334 1141 eo

194 1187 364 1256 corruptam
381 1180 541 1259 essequod
556 1182 677 1239 novicia
689 1180 928 1241 Christianorum
944 1185 1081 1243 instituta
1093 1204 1161 1243 cum
1178 1185 1333 1245 veteribus

194 1279 403 1339 contunderet.
427 1281 508 1360 qnod
526 1283 558 1340 in
571 1283 675 1361 primis
684 1283 798 1341 factum
815 1286 908 1343 estin
924 1286 1054 1343 c.tertio
1072 1285 1193 1364 (fragm.
1212 1285 1333 1365 117**)‚

193 1402 253 1461 quo
271 1384 472 1461 septenariam
490 1383 606 1442 dierum
621 1385 787 1443 seeundum
801 1387 924 1444 nomina
934 1386 1126 1464 planetarum
1142 1388 1332 1462 divisionem,

143 1535 154 1557 ,
193 1506 273 1565 quac
292 1506 311 1544 a
327 1485 472 1545 Romanis
491 1482 619 1545 Santoni
636 1485 702 1545 sere
720 1494 822 1547 aetate
842 1483 896 1566 (ef.
910 1487 996 1547 Cass.
1009 1488 1070 1547 Dio
1081 1496 1125 1561 37,
1145 1488 1191 1570 18)
1203 1491 1233 1548 iu
1247 1510 1334 1549 usum
1408 1532 1413 1546 .

193 1608 379 1647 communem
389 1591 515 1663 recepta
528 1594 584 1657 est,
598 1604 665 1645 cum
674 1587 846 1649 Christiano
859 1592 1001 1649 feriarum
1010 1591 1119 1650 ‘ordine
1131 1594 1333 1651 eommutavit.

192 1697 224 1748 at
237 1698 445 1749 remanserunt
454 1699 555 1749 tamen
566 1692 680 1750 veteris
689 1692 819 1751 instituti
830 1690 979 1769 vestigia,
997 1691 1050 1751 ubi
1060 1702 1200 1751 narratur
1211 1713 1273 1774 qua
1286 1714 1334 1754 rav

165 1844 171 1855 .
191 1793 273 1851 tione
287 1793 370 1851 ducti
389 1792 505 1870 antiqui
525 1793 707 1870 explanatis
726 1793 832 1853 diebus
849 1796 971 1870 nomina
982 1793 1132 1854 dederint.
1149 1795 1203 1853 sod
1214 1814 1253 1854 ne
1266 1798 1333 1875 quis

192 1894 298 1953 credat
309 1896 407 1973 ippum
418 1912 451 1952 se
463 1893 533 1951 huic
542 1894 749 1971 superstitioni
763 1895 921 1954 addixisse
934 1904 1021 1954 caute
1033 1895 1134 1954 addit:
1151 1900 1216 1954 telis
1227 1902 1333 1971 pompe

189 2000 341 2070 peatilthnr
360 1999 456 2053 extitit
476 1996 596 2053 stultitia
615 1999 666 2067 qur·
685 1999 738 2053 siti
757 1999 912 2068 finxerunt
932 2006 990 2054 tem
1011 2002 1167 2056 ridleulosa
1185 2001 1331 2071 ficmentu.

192 2095 302 2154 deinde
315 2117 340 2154 c.
354 2097 458 2174 quinto
470 2093 522 2151 ubi
534 2094 572 2152 de
584 2095 748 2154 concordia
759 2097 905 2156 mensium
919 2117 1016 2157 sermo
1030 2104 1080 2156 est
1091 2098 1213 2156 nimium
1230 2118 1262 2157 sc
1275 2098 1330 2157 lsi·

192 2196 281 2254 dorus
291 2197 321 2252 in
332 2195 500 2255 breviando
512 2196 686 2273 praestitit„
699 2200 857 2276 conposita
870 2200 949 2258 enirn
964 2208 1011 2259 est
1027 2200 1082 2259 illa
1096 2202 1243 2259 mensium
1261 2221 1330 2259 con·

191 2295 295 2354 cordia
307 2295 345 2354 ad
355 2295 502 2372 horologii
511 2298 658 2354 rationem
669 2318 676 2371 3
691 2297 746 2355 sed
759 2298 909 2377 quomodo
922 2320 960 2359 ca
972 2302 1082 2360 existat
1091 2301 1223 2362 Isidorus
1237 2323 1331 2381 expo-

189 2418 263 2456 nere
275 2396 457 2476 supcrsedit.
474 2397 556 2476 quod
575 2397 715 2456 danmum
733 2403 897 2460 resarcitur
914 2403 1091 2481 plenissima
1102 2423 1139 2461 ea
1159 2402 1196 2461 de
1214 2423 1247 2462 re
1261 2403 1330 2463 Pal·

190 2498 253 2559 ladi
271 2499 493 2577 disputatione,
512 2501 564 2579 qni
581 2501 612 2558 in
632 2499 776 2560 librorum
789 2502 899 2563 linibus
917 2503 1058 2562 horarum
1069 2507 1248 2563 'mensuram
1266 2506 1331 2564 eius
1425 2502 1430 2511 ¹

189 2603 301 2660 mensis
318 2601 403 2659 cuius
421 2610 559 2660 naturam
581 2602 775 2662 inlustrasset
796 2606 922 2687 eiusque
938 2622 1068 2684 quocum
1085 2604 1137 2663 ille
1156 2607 1332 2665 conueniret

189 2716 333 2762 accurate
346 2702 533 2782 conparavit.
547 2704 600 2782 qui
613 2723 680 2762 eum
692 2707 723 2763 in
734 2706 837 2766 verbis
850 2705 928 2765 adeo
939 2705 1057 2764 Isidoro
1074 2707 1244 2765 consentiat
1258 2726 1330 2766 eun-

190 2804 258 2863 dem
271 2814 426 2864 auctorem
437 2804 525 2884 sequi
536 2805 671 2881 arguitur
683 2826 773 2885 quem
785 2807 982 2885 exscripserit
992 2805 1137 2865 Isidorus.
1160 2827 1186 2865 c.
1201 2794 1329 2887 septimo
1355 2814 1358 2819 ’

188 2907 362 2986 'l'ranquilli
373 2906 469 2966 verba
480 2926 563 2966 more
578 2926 631 2966 suo
643 2908 845 2969 Ambrosiana
858 2918 1027 2986 temporum
1040 2909 1110 2966 anni
1125 2908 1330 2989 descriptione

187 3007 400 3087 interpolavit,
420 3008 476 3067 sed
494 3017 595 3067 tamen
612 3010 655 3068 ita
668 3018 701 3068 ut
715 3009 804 3070 huius
820 3013 872 3090 qui
894 3028 986 3090 super
1004 3019 1051 3070 est
1065 3009 1161 3070 verba
1177 3012 1260 3071 facili
1277 3032 1329 3072 nc·

187 3112 269 3187 gotio
290 3110 404 3169 abillis
423 3130 575 3169 secernas.
610 3109 797 3172 Suetoniana
821 3098 922 3171 aulem
941 3122 1105 3191 propterea
1125 3113 1255 3171 maxime
1275 3117 1329 3171 nol

187 3207 376 3272 tabilia'sunt
388 3210 469 3292 quod
485 3210 557 3270 indo
569 3211 713 3273 discimus
726 3216 791 3274 eius
804 3222 904 3273 aetate
916 3222 1083 3292 temporum
1098 3210 1247 3290 principia
1260 3232 1328 3291 pro·

186 3317 255 3393 pius
272 3316 363 3375 otiam
378 3333 467 3394 quam
484 3311 522 3372 ah
538 3313 670 3373 Eudoxo
686 3316 800 3375 facturn
816 3326 883 3374 erat
900 3314 953 3392 (cf.
973 3315 1179 3373 Mommsenus
1193 3312 1327 3374 chronol.

186 3418 274 3475 Rom.
283 3438 312 3496 p.
326 3414 375 3493 65)
388 3415 426 3474 ad
442 3414 598 3474 naturales
610 3418 682 3476 anni
695 3417 834 3476 cardines
851 3414 981 3475 solstitia
997 3424 1029 3473 ct
1046 3415 1241 3493 aequinoctia
1258 3434 1328 3473 con·

186 3520 293 3576 stltuta
305 3536 384 3577 esse.
404 3536 482 3596 quae
494 3516 572 3574 ratio
584 3534 652 3575 curn
664 3526 786 3577 nostrae
799 3525 946 3595 congrnat
957 3524 1059 3574 tamen
1070 3515 1226 3594 paululum
1239 3515 1276 3573 ah
1292 3536 1329 3575 ea

187 3618 304 3691 differt,
318 3618 466 3698 siquidem
479 3626 646 3695 temporum
659 3620 807 3698 principia
816 3640 876 3679 nen
886 3617 961 3695 ipsis
972 3616 1109 3676 solstitiis
1123 3626 1154 3675 et
1163 3618 1327 3696 aequinoc-

157 3755 174 3775 .
186 3719 236 3777 tiis
246 3720 323 3778 liunt
332 3716 387 3779 sed
399 3738 519 3799 semper
531 3740 590 3779 uuo
603 3740 706 3779 mense
720 3721 778 3779 hos
789 3722 859 3779 anni
872 3718 1012 3777 cardines
1024 3718 1222 3795 praecedunt.
1247 3719 1327 3799 quod

186 3819 256 3877 ideo
271 3821 386 3880 factum
401 3821 576 3881 videturne
592 3821 669 3881 hacc
683 3841 764 3879 nova
779 3823 850 3880 anni
870 3820 979 3880 divisio
993 3821 1116 3879 nimium
1137 3840 1155 3878 a
1170 3822 1260 3898 priori
1279 3841 1314 3878 ra

186 3921 269 3979 tiene
282 3922 452 3981 recederet.
488 3924 532 3981 sic
549 3942 587 3981 ex
605 3922 791 3981 Sueteniano
808 3932 841 3980 ut
855 3921 992 3981 breviter
1006 3921 1105 3980 dicam
1121 3921 1258 3979 instituto
1272 3941 1328 3980 ver

186 4022 264 4081 Vlll
279 4022 350 4081 Kal.
367 4024 457 4085 Mart.
475 4026 624 4084 exoritur:
645 4022 768 4105 quodie
785 4022 994 4096 hirundinem,
1017 4042 1097 4102 quac
1110 4025 1232 4082 rusticis
1246 4023 1327 4082 veris

185 4123 291 4181 nuntia
309 4125 382 4198 fuit,
397 4126 523 4203 primaru
538 4128 569 4185 in
585 4126 676 4186 Italia
691 4126 787 4183 visam
803 4142 872 4184 esse
885 4125 1004 4184 Plinius
1020 4125 1057 4184 N.
1069 4126 1110 4184 H.
1126 4126 1159 4183 ΙΙ
1174 4133 1223 4185 tan
1238 4124 1328 4184 docet

185 4224 241 4303 (ci.
258 4225 429 4285 Columella
443 4228 476 4285 ll
492 4226 548 4305 15).
578 4229 738 4287 mediaest
753 4227 845 4303 igitur
862 4225 988 4285 Suetoni
1003 4228 1080 4286 ratio
1095 4227 1174 4285 inter
1189 4233 1326 4284 veterum

184 4327 389 4385 Romanorum
405 4336 436 4386 et
450 4338 584 4387 nostram
600 4326 865 4403 consuetudinem
883 4347 942 4407 quo
957 4337 1048 4407 pacto
1065 4338 1264 4407 recuperatus
1281 4337 1328 4387 est

185 4429 272 4506 quasi
292 4428 414 4508 quidam
433 4431 593 4503 transitus,
616 4450 706 4510 qaam
719 4428 907 4488 desideravit
921 4429 1126 4488 Mommsenus
1142 4429 1161 4486 l.
1177 4418 1204 4491 e.
1223 4450 1251 4508 p.
1264 4437 1326 4493 30&

236 4544 355 4578 svarosr
374 4544 437 4578 aaa.
1082 4522 1122 4584 28
