3202 4998
711 437 815 481 curve
838 441 850 482 1
1290 429 1353 491 dlii

210 608 292 662 cam,
308 590 437 667 petitum
450 600 496 650 est
506 610 615 651 nomen
630 590 753 650 Tironis
762 600 902 651 notarum
913 593 1062 677 potissimi
1073 596 1206 656 auctoris
1219 594 1283 672 (qui
1291 604 1352 672 pri-

209 708 270 748 mus
281 699 360 754 neus
375 681 620 750 commentatores!
631 691 736 770 fragm.
752 689 820 755 105*
830 713 862 772 p.
873 702 930 766 135,
946 691 990 769 16)
1004 704 1035 753 et
1044 714 1063 752 a
1073 695 1198 756 librario
1208 698 1239 758 in
1252 698 1353 761 indice

113 843 117 851 .
211 800 242 851 et
258 791 297 851 in‘
305 792 449 852 chronico
465 793 504 852 ab
520 793 707 874 Hieronymo
720 813 758 853 ex
774 794 1036 868 commentatione,
1052 815 1143 874 quam
1154 798 1352 879 Tranquillus

209 894 296 972 operi
312 891 350 953 de
366 894 572 953 Mmanarum
587 895 756 954 litterarum
773 894 847 953 viris
863 894 1040 956 inlustribus
1059 899 1196 977 epimetri
1212 900 1281 960 loco
1298 901 1351 960 ad·

210 992 288 1052 didit
310 1014 432 1074 quaque
455 994 494 1054 de
514 995 707 1056 bibliothecis
728 996 829 1077 deque
846 997 891 1055 eis
912 1016 993 1075 quae
1015 998 1055 1057 ad
1076 1000 1287 1061 conservanda
1308 1004 1352 1061 iu·

210 1094 349 1154 luntrium
371 1097 503 1155 virorum
524 1098 639 1175 scripta
662 1099 852 1177 pertinerent
874 1097 1012 1158 omnibus
1037 1098 1188 1160 disseruit.
1223 1102 1352 1182 quodsi

209 1196 418 1274 probaverim,
434 1198 584 1258 efficietur
599 1198 703 1273 simul,
718 1198 981 1294 grpmmaticorum
998 1208 1029 1259 ot
1043 1200 1197 1262 rhetorum
1211 1205 1291 1263 vitas
1306 1205 1351 1263 ul-

209 1299 282 1357 timo
298 1299 366 1358 loco
383 1319 402 1357 a
417 1297 565 1376 Suetonio
584 1301 699 1379 poeitae
716 1300 820 1359 luisse¹

294 1400 403 1480 Itaque
418 1399 554 1460 Isidorus
576 1402 671 1480 origg.
687 1402 703 1461 I
719 1411 750 1462 tl
769 1400 824 1478 (cf.
842 1401 950 1479 fragm.
970 1399 1056 1481 106*)
1073 1403 1181 1464 eadem
1195 1408 1292 1467 verba
1304 1428 1350 1467 re·

209 1501 286 1576 petit
301 1521 381 1581 quae
397 1503 602 1582 Hieronymus
615 1501 764 1562 Suetonio
782 1503 921 1561 nimirum
938 1513 1063 1563 auctore
1079 1504 1117 1564 de
1132 1505 1249 1568 ‘Pirene
1264 1528 1349 1569 usur-

208 1612 276 1680 pat,
297 1602 353 1661 sed
370 1604 414 1663 ita
430 1612 464 1662 ut
478 1602 629 1682 adpareat
644 1624 682 1663 ea
694 1624 754 1663 nou
771 1624 810 1662 ex
835 1602 1065 1683 chronographo
1089 1604 1250 1688 desumpta
1271 1629 1350 1671 ease.

209 1704 327 1764 intexta
347 1724 420 1764 vero
440 1715 511 1767 suut
534 1714 725 1783 argumento,
749 1726 810 1785 quo
832 1714 968 1764 notarum
985 1726 1061 1785 quaa
1085 1706 1160 1769 dieit
1180 1711 1351 1789 vulgarium

107 1862 112 1869 ,
208 1807 285 1864 ratio
302 1815 333 1865 et
346 1806 473 1865 historia
489 1807 672 1886 explicatur.
695 1806 776 1866 idem
797 1807 989 1867 continuatur
1003 1810 1109 1886 paucis
1124 1811 1293 1872 interiectis
1310 1813 1350 1874 de

207 1909 291 1967 notis
305 1907 442 1968 iuridicis
454 1918 484 1967 et
495 1909 691 1983 militaribus,
704 1909 735 1967 iu
747 1906 855 1987 quihus
867 1928 928 1966 non
941 1915 974 1966 ut
986 1909 1017 1966 in
1029 1910 1090 1968 illis
1102 1911 1261 1973 recondita
1277 1913 1349 1974 doc·

199 2012 289 2115 ⁹trina
301 2011 426 2080 eminet,
441 2011 541 2089 eapite
554 2019 589 2072 24
600 2009 654 2088 (cf.
671 2010 780 2086 fragm.
800 2017 846 2071 107
856 2003 902 2085 ²¹²),
915 2027 973 2088 quo
985 2028 1083 2069 sermo
1097 2021 1144 2069 est
1155 2012 1193 2071 de
1206 2015 1285 2074 notis
1299 2016 1349 2075 lit·

206 2121 354 2186 terarum,
372 2130 449 2190 quas
467 2112 546 2171 inter
558 2131 591 2170 se
608 2120 728 2171 veteres
744 2109 916 2181 iaciebant,
933 2119 967 2168 ut
978 2109 1126 2191 quidquid
1140 2115 1260 2175 occulte
1270 2117 1349 2176 invi-

209 2233 274 2272 cem
286 2233 340 2292 per
352 2212 517 2291 scripturas
527 2212 700 2289 siguificare
710 2212 825 2272 vellent
834 2219 937 2270 mutuo
945 2211 1122 2273 scriberent.
1137 2215 1179 2273 ibi
1189 2215 1350 2278 adhibetur

207 2313 340 2391 Augusti
352 2313 483 2391 epistula
494 2313 533 2374 ad
545 2314 707 2372 Liviam-ni
721 2313 897 2372 coniectura
907 2331 956 2372 me
966 2312 1047 2371 fallit
1058 2314 1179 2394 scripta,
1193 2336 1254 2397 qua
1264 2338 1350 2379 usum

207 2435 293 2475 suum
308 2422 445 2474 notarum
463 2413 493 2473 id
508 2417 630 2493 generis
649 2414 765 2475 Caesar
781 2415 926 2494 explicat.
949 2415 1036 2475 cuius
1055 2435 1216 2477 memorem
1233 2439 1267 2479 se
1281 2440 1349 2498 pro·

208 2516 254 2575 dit
267 2516 431 2577 Suetonius
446 2517 526 2593 Aug.
546 2526 595 2588 88,
611 2536 678 2575 cum
695 2515 825 2575 eundem
841 2515 972 2591 Augusti
987 2534 1098 2574 morem
1118 2514 1233 2578 eisdem
1248 2522 1349 2582 verbis

208 2616 372 2678 describat.
398 2618 457 2676 iam
475 2637 548 2677 vero
562 2617 610 2677 his
627 2618 805 2677 commentis
821 2615 860 2676 de
876 2617 955 2676 notis
971 2615 1147 2693 vulgaribus
1171 2628 1202 2679 et
1216 2622 1260 2681 eis
1275 2643 1349 2702 qua·

207 2740 272 2781 rum
295 2718 480 2796 significatio
496 2720 618 2779 occulta
638 2719 696 2778 fuit
717 2719 912 2798 anteponitur
936 2716 1100 2797 disputatio
1122 2739 1147 2777 c.
1163 2729 1199 2783 80
1213 2721 1250 2781 de
1268 2726 1349 2784 notis

207 2820 482 2898 grammaticorum,
509 2840 589 2902 quae
609 2820 748 2881 versibus
767 2828 926 2900 poetarum
953 2830 984 2880 et
1004 2810 1349 2904 liistoricorum'adponi

207 2930 401 2981 consuerunt
430 2922 516 2982 cuiue
532 2923 721 2983 consimilem
737 2923 898 3002 epitomem
919 2920 1041 3000 (tregru
1059 2931 1110 2984 108
1117 2920 1158 2999 *),
1182 2944 1273 3004 quarn
1289 2927 1346 2987 Th.

207 3025 411 3083 Mommsenus
424 3023 455 3082 in
468 3022 534 3083 cod.
552 3025 651 3085 Paris.
667 3030 739 3088 75³0
753 3044 776 3084 s.
788 3023 867 3085 VlII
880 3022 920 3103 (a.
931 3023 996 3101 780)
1012 3022 1156 3102 repperit,
1174 3046 1240 3086 curn
1253 3027 1347 3107 lierg·

206 3125 275 3186 hius
286 3126 317 3186 iu
329 3124 425 3185 diario
441 3126 654 3206 antiquitatum
670 3136 736 3189 1845
748 3145 777 3204 p.
792 3136 826 3190 es
839 3142 907 3207 sqq.
919 3125 1035 3205 publici
1047 3126 1121 3185 iuris
1131 3125 1256 3203 faceret,
1269 3130 1348 3191 Sue·

206 3229 321 3288 touium
333 3228 399 3287 eins
412 3236 565 3288 auctorem
577 3228 737 3306 adpellare
749 3248 809 3286 non
823 3226 982 3286 dubitavit.
1003 3227 1177 3305 scriptorem
1189 3229 1272 3287 enim
1281 3232 1347 3291 eiua

206 3331 317 3390 aetatis
329 3349 390 3409 qua
402 3329 567 3390 Suetonius
577 3329 793 3389 vixitindieari
804 3329 921 3389 monuit
932 3328 980 3387 his
990 3327 1107 3387 verbis:
1120 3331 1228 3388 Probus
1238 3339 1266 3388 et
1277 3337 1345 3391 anu·

206 3437 254 3506 qui
262 3435 350 3490 nost-i
362 3449 392 3508 p.
410 3440 474 3502 tae,
497 3439 522 3490 t.
536 3437 553 3491 7
560 3473 570 3507 ,
592 3428 702 3509 quibus
718 3430 836 3490 Probus
851 3429 1039 3506 Vargunteio
1055 3436 1086 3487 et
1101 3427 1192 3487 Aelio
1213 3432 1347 3511 antiquis

207 3531 411 3609 grammaticis
427 3538 580 3609 tamquam
601 3549 697 3590 novus
720 3540 935 3611 opponeretur.
963 3530 1060 3609 ipsum
1077 3548 1151 3587 vero
1170 3529 1347 3591 Suetonium

207 3632 356 3692 eiusmodi
367 3629 601 3709 disputationem
615 3633 774 3712 scripsisse
785 3631 899 3694 Suidae
909 3630 1112 3690 testimouium
1125 3631 1240 3706 arguit,
1260 3633 1310 3710 qui
1322 3652 1345 3691 s.

206 3756 237 3799 v.
246 3723 435 3815 Τρᾶγιιυλλος
442 3721 620 3792 Suetonium
630 3729 697 3810 περὶ
708 3726 768 3793 aria
780 3729 812 3791 iv
820 3735 881 3803 τοῖς
891 3730 1019 3808 βιβλίοις
1026 3729 1154 3815 vteflw
1165 3730 1275 3791 librum
1285 3733 1346 3792 sin·
1413 3740 1417 3747 '

206 3836 343 3914 gularem
357 3836 480 3897 dedisse
492 3831 607 3892 scribit.
626 3833 730 3893 sedeo
743 3833 857 3894 erravit
867 3832 1027 3911 Bergidae,
1042 3831 1124 3912 quod
1135 3831 1215 3891 hunc
1228 3832 1346 3897 titulum

207 3940 364 4015 angustius
376 3938 593 4015 interpretatus
603 3943 703 4008 notas,
717 3955 792 4015 quas
804 3942 927 3995 veteres
938 3934 1129 4012 grammatici
1140 3932 1279 3994 versibus
1292 3935 1347 4005 ad·

206 4058 321 4118 ponere
332 4023 588 4113 consuessentirei
598 4032 822 4112 παρατιθέμενα
832 4037 892 4105 τοῖς
898 4034 1007 4110 στίχοις
1017 4034 1147 4114 σημεῖα),
1162 4037 1243 4097 solas
1253 4037 1345 4114 signi·

207 4139 291 4198 liceri
310 4138 439 4218 putavit.
468 4118 648 4217 nempe'ille
666 4137 706 4197 de
719 4137 860 4197 Parisino
874 4145 989 4196 tantum
1010 4138 1144 4214 epitoma
1165 4137 1346 4219 Tranquillo

207 4239 397 4300 restituenda
408 4238 566 4315 cogitavit,
578 4237 690 4298 Isidori
703 4258 777 4297 vero
788 4246 989 4298 commentum
1002 4241 1036 4296 de
1048 4242 1122 4297 notia
1131 4242 1345 4312 scripturorum

208 4359 249 4398 ex
260 4340 318 4399 hac
330 4340 381 4399 vel
391 4339 482 4400 simili
494 4341 628 4419 epitoma
638 4340 762 4399 tinxisse
774 4340 888 4401 statuit.
918 4336 999 4417 quod
1011 4346 1117 4397 contra
1130 4336 1218 4397 nobis
1233 4334 1346 4397 Suidas

208 4460 269 4498 uon
288 4451 336 4500 est
351 4432 552 4519 premendus,
570 4449 604 4500 ut
621 4442 720 4501 miuus
734 4439 832 4514 dicat,
851 4459 942 4521 quam
956 4437 1119 4557 manifestp
1131 4437 1256 4511 dixerit,
1277 4456 1346 4505 cum

599 4554 601 4559 ,
1043 4533 1084 4605 27
