3202 4998
242 373 304 433 456
586 390 808 457 1111111111111
831 387 1013 427 1111111111
1025 388 1057 426 11.

242 549 322 613 darn,
338 565 355 599 u
372 533 468 622 rprr'yrp
485 553 511 599 rt
529 532 592 622 1111111
606 546 681 598 dicto
700 552 742 597 est
757 561 785 617 p.
805 551 835 609 e,
858 551 884 601 3.
908 548 939 610 7,
960 546 1029 617 tsq.
1053 548 1092 598 tr.
1108 548 1140 611 a,
1163 545 1188 597 3.
1205 547 1231 599 6.
1248 548 1274 599 8.
1297 547 1341 609 lo,
1358 550 1383 599 3.

244 657 293 715 13,
311 654 337 707 7.
359 653 462 717 17,1(1.
486 653 524 705 16.
545 652 674 713 11111.
695 652 736 702 ll.
756 651 794 702 11.
816 654 858 711 111,
877 654 899 704 l.
916 652 941 701 8·
962 652 1002 702 10.
1023 651 1062 701 18.

327 747 392 804 Iam
409 766 481 802 vero
505 765 565 802 nou
591 752 750 801 contentus
774 746 830 801 l'uit
852 742 1014 800 Suetonius
1035 742 1164 799 indicem
1187 740 1385 817 β1ασφ11μιών

244 859 407 907 contexere
439 855 468 903 et
499 846 536 904 dc
565 844 760 923 scriptoribus
790 866 841 903 eas
871 844 1056 921 adprobare,
1082 843 1167 902 simul
1197 836 1296 900 πόθεν
1320 835 1386 899 11111-

243 967 295 1024 11111
317 951 484 1028 quaesivit,
512 958 545 1005 ut
572 945 653 1004 αἴτια
681 968 782 1005 earum
809 958 955 1025 quantum
983 947 1048 1003 fieri
1081 954 1185 1024 posset
1216 945 1385 1021 indagaret.

186 1112 189 1117 .
244 1054 328 1109 euius
352 1071 441 1108 curae
465 1050 539 1107 nihil
560 1048 599 1107 ad
621 1070 675 1106 nos
697 1051 837 1127 pervenit
859 1050 971 1127 pariter
995 1056 1087 1125 1111111
1109 1050 1172 1106 eius
1194 1049 1303 1126 partis,
1326 1067 1387 1127 qua

243 1155 373 1211 Latinae
398 1152 545 1210 eiusmodi
566 1172 658 1209 voces
683 1151 936 1222 inlustrabuntnr,
964 1152 1059 1208 omnis
1084 1151 1228 1207 nteinoria
1250 1151 1387 1208 extincta

246 1264 301 1314 est.

328 1359 438 1414 Restat
455 1353 532 1412 liber
553 1360 588 1411 de
608 1360 684 1412 1111111
710 1360 924 1426 corporalibus,
949 1375 1053 1433 quem,
1078 1353 1158 1433 quod
1184 1354 1247 1412 eius
1270 1352 1387 1411 indoles

246 1480 313 1517 cum
333 1466 485 1535 pratorum
504 1456 589 1514 libris
612 1458 779 1534 conspirat,
808 1466 891 1513 reete
915 1456 994 1515 idem
1017 1457 1263 1516 Gruelenlrauins
1285 1476 1388 1513 eorum

245 1570 363 1638 partem
379 1558 516 1615 effecisse
537 1558 703 1615 etintendit.
735 1558 808 1615 miro
826 1578 901 1616 sane
917 1580 989 1616 casn
1001 1558 1131 1631 accidit,
1155 1559 1229 1616 utin
1246 1559 1290 1644 eis
1307 1557 1387 1633 trag-

245 1662 370 1728 mentis,
390 1679 469 1738 quae
488 1658 601 1716 diserte
617 1660 704 1716 huius
723 1658 792 1717 libri
809 1679 876 1717 esse
893 1660 1049 1731 (licuntur,
1072 1681 1132 1718 non
1154 1659 1191 1716 de
1218 1659 1300 1717 vitiis
1322 1678 1387 1715 cor-

245 1761 400 1840 poralibus
415 1761 469 1819 sed
486 1762 524 1819 de
539 1760 675 1839 partibus
692 1760 814 1818 hnmani
837 1763 970 1840 corporis
987 1772 1104 1838 agatur.
1141 1762 1180 1818 cf.
1202 1763 1311 1836 fragm.
1329 1767 1388 1822 no.

248 1872 498 1942 1111111111111111
522 1861 658 1920 dubitavi
682 1883 749 1919 cum
767 1864 879 1921 ltothio
901 1864 972 1921 huic
995 1863 1073 1921 libro
1097 1862 1284 1922 Suetoniana
1307 1864 1388 1937 frag-

245 1975 347 2023 menta
362 1964 444 2043 apud
459 1963 599 2023 Servium
613 1975 643 2023 ct
654 1966 854 2037 Frontonem,
871 1964 981 2044 quibus
1001 1965 1072 2023 ulna
1089 1974 1118 2023 et
1134 1984 1222 2021 sacra
1233 1965 1321 2041 spina
1337 1962 1389 2020 de-

246 2066 389 2124 finiuntur
406 2065 526 2142 (fragm.
549 2073 607 2126 172.
634 2066 713 2141 173),
739 2065 924 2124 adscribere.
957 2066 996 2124 ad
1020 2066 1094 2124 illud
1111 2064 1315 2124 adnotandum
1332 2071 1389 2133 est,

246 2168 386 2226 Servium
401 2189 461 2225 non
474 2187 509 2224 eo
522 2167 600 2239 loco,
614 2167 664 2225 ubi
678 2169 858 2226 Suetonium
869 2168 1018 2241 nominat,
1031 2188 1106 2225 vera
1119 2167 1183 2226 eius
1198 2165 1294 2225 verba
1305 2165 1389 2236 dare,

248 2269 303 2327 sed
319 2269 395 2339 alio,
411 2267 464 2326 ubi
479 2268 519 2327 ad
535 2268 621 2326 illum
638 2270 805 2347 respiciens
816 2269 946 2327 eandem
959 2269 1203 2327 observationem
1219 2268 1389 2326 accuratius

246 2372 366 2448 repetit.
397 2391 581 2450 quamquam
602 2391 663 2429 non
685 2373 750 2429 eius
771 2372 860 2449 eulpa
880 2372 938 2429 lroc
953 2371 1068 2428 factum
1088 2391 1155 2429 esse
1172 2369 1316 2442 arbitror,
1335 2368 1391 2427 sed

246 2472 448 2549 posteriorum
463 2482 646 2549 temporum,
671 2472 779 2552 quibus
795 2473 1033 2552 hypomnemata
1046 2473 1110 2530 11111
1126 2472 1251 2530 mirifice
1273 2482 1389 2549 pertur-

247 2572 319 2631 bata
335 2582 412 2631 suut.
444 2574 607 2632 Frontonis
624 2594 697 2632 vero
713 2573 824 2646 verba,
848 2573 957 2654 quibus
974 2574 1192 2633 Suetonianam
1209 2574 1391 2631 sententium

247 2676 364 2753 profert
375 2721 382 2746 ,
394 2684 427 2731 ut
442 2686 525 2733 recte
541 2697 594 2731 nos
609 2678 703 2753 pratis
717 2675 825 2734 librum
841 2676 1010 2733 restituisse
1028 2675 1211 2753 1111111111-
1224 2674 1295 2753 quid
1312 2675 1390 2732 enim

246 2776 340 2834 haec:
368 2794 418 2850 epo
434 2795 477 2833 me
492 2794 583 2849 neque
600 2781 742 2835 Graecum
759 2796 851 2851 neque
869 2781 1002 2835 Latinum
1020 2781 1188 2836 uorabrlum
1207 2780 1391 2835 1111111111-

247 2881 293 2936 bri
307 2897 390 2935 nosse
408 2883 519 2935 mallem
538 2878 676 2954 indicant
688 2879 745 2937 nisi
761 2881 850 2937 etiam
866 2880 947 2937 liunc
963 2878 1071 2937 librum
1087 2874 1154 2949 περὶ
1170 2867 1323 2953 ὀνομάτων
1338 2897 1391 2934 κυ-

249 2979 321 3049 ρίων
339 2981 485 3058 seriptum
505 2981 616 3052 fuisse,
637 2979 720 3059 quod
741 2981 864 3059 quidem
884 2982 960 3059 ipsis
979 2981 1070 3075 etiam
1091 2980 1268 3057 fragmentis
1290 2979 1393 3037 decla·

248 3092 391 3139 111111-
410 3082 453 3139 ita
466 3101 504 3139 ne
523 3081 573 3138 hie
588 3081 712 3159 quidem
728 3082 906 3141 Suetonium
928 3081 1116 3142 Graecarum
1138 3081 1392 3158 significationum

248 3184 445 3262 praeteriisse
461 3184 644 3240 mentionem
659 3191 817 3242 testantur.
847 3193 938 3263 atque
957 3184 1015 3241 hoe
1033 3183 1208 3262 Tranquilli
1225 3183 1392 3255 eonsilium,

189 3276 193 3281 ⁴
250 3305 308 3364 quo
331 3284 481 3344 Graecam
504 3293 534 3342 11
555 3285 696 3343 Latinam
719 3284 854 3343 eiusdem
878 3287 921 3343 rei
943 3282 1196 3361 significationem
1223 3286 1392 3363 conposuit,

250 3386 368 3445 duobus
383 3387 460 3445 loeis
479 3385 570 3445 etiam
584 3388 710 3445 nuncin
730 3386 816 3444 libris
833 3387 872 3445 dc
896 3388 1012 3445 naturis
1033 3406 1133 3445 reruni
1148 3385 1315 3465 dispicitur.
1350 3388 1392 3443 cf.

248 3491 354 3564 fragm.
372 3489 463 3559 151*,
483 3488 512 3546 in
528 3509 587 3567 quo
604 3497 763 3547 ventorum
779 3488 939 3547 duodecim
955 3490 1078 3547 nomina
1095 3488 1217 3548 Graeca
1235 3498 1266 3546 et
1282 3488 1395 3546 Latina

250 3600 472 3664 enumerantur,
487 3599 518 3649 et
531 3600 595 3652 164:
610 3609 741 3663 meropes
747 3594 869 3664 pellecti
879 3602 910 3648 ut
920 3600 1005 3664 putot
1019 3594 1215 3664 Tranquillus.
1232 3600 1394 3668 praeterea
1460 3616 1464 3621 ·

250 3691 444 3751 subindicare
461 3691 603 3750 videntur
616 3692 795 3751 Suetonium
807 3692 948 3750 Latinam
963 3693 1231 3767 significationem,
1250 3712 1311 3771 qua
1324 3712 1392 3769 pro·

248 3795 347 3873 prium
376 3794 501 3853 membri
527 3814 636 3853 nomen
659 3794 899 3864 nancisceretur,
923 3813 961 3852 ox
984 3794 1096 3852 Graeci
1116 3792 1201 3852 verbi
1225 3793 1395 3851 inritatione

248 3896 384 3954 finxisse.
411 3895 493 3974 quod
514 3915 626 3954 navum
646 3895 772 3955 verbum
797 3896 826 3953 in
846 3896 911 3954 vita
926 3895 1090 3954 Messallae
1118 3894 1242 3954 Corvini
1264 3896 1394 3952 oratoris

250 3998 372 4076 (fragm.
388 4005 422 4057 62
430 3998 461 4071 *1
478 3997 543 4075 ipse
562 3999 653 4056 etiam
667 3998 827 4076 usurpavit
843 3996 980 4056 morbum
996 3999 1061 4055 eius
1080 4017 1161 4055 more
1181 4017 1234 4055 suo
1251 4004 1395 4055 accurate

252 4097 436 4157 describens.
469 4099 548 4157 solet
566 4100 646 4158 enim
664 4101 694 4157 in
712 4101 776 4157 vita
793 4112 823 4157 ct
839 4098 1006 4158 Caesarum
1026 4106 1057 4158 et
1075 4100 1248 4158 inlustrium
1262 4099 1396 4157 virorum

250 4200 413 4276 diligenter
428 4199 548 4259 morbos
575 4201 684 4281 quibus
713 4200 902 4259 decesserint
929 4201 1086 4259 adnotare.
1121 4201 1204 4280 quod
1228 4210 1300 4279 apte
1324 4220 1395 4258 con·

251 4303 330 4378 gruit
346 4311 524 4379 argumento
537 4302 625 4362 huius
640 4303 725 4375 libri,
744 4303 796 4382 qui
813 4313 843 4362 et
858 4302 922 4382 ip'se
939 4303 1063 4380 dignum
1081 4323 1149 4361 eum
1164 4303 1259 4360 fuisse
1274 4301 1397 4360 nornine

250 4402 371 4480 physici
388 4404 528 4462 ostendit.
563 4412 595 4461 ut
614 4406 744 4462 fortasse
771 4405 860 4462 etiam
880 4414 1005 4463 externo
1028 4404 1160 4483 quodam
1180 4403 1303 4464 vinculo
1328 4422 1397 4460 cum
