3218 5000
602 418 644 460 aa
667 417 806 460 sarvam
828 416 938 459 annun
1284 401 1343 463 211

287 564 383 629 Luna
403 565 499 630 terris
525 565 665 631 uicinior
690 573 740 630 est
767 584 864 651 quam
884 563 932 631 sol
956 563 1026 627 siue
1050 583 1146 649 qaam
1168 570 1277 626 cetera
1298 584 1346 626 er·
1360 549 1460 624 134*

203 669 309 734 rantis
329 667 565 735 siderauude
586 678 619 731 et
641 667 790 733 breuiore
806 665 885 731 orbe
908 664 1045 730 celerius
1068 664 1196 751 peragit
1218 686 1348 729 cursum

206 792 311 835 suum.
347 790 423 833 nam
447 771 509 834 iter
524 769 611 855 quod
632 767 681 833 sol
695 769 851 833 trecentis
873 778 905 832 et
925 768 1097 853 sexaginta
1116 767 1260 852 quinque
1281 765 1348 829 die-

203 872 264 937 bus
288 881 322 936 et
342 893 403 936 sex
424 872 512 936 horis
534 871 678 956 peragit,
700 870 779 935 luna
800 871 919 955 uiginti
938 879 1061 957 septem
1086 869 1201 933 diebus
1224 875 1257 931 et
1275 877 1348 931 octo

182 974 293 1039 shoris
321 973 497 1062 percurrit,
540 970 670 1057 siugula
699 994 777 1037 uero
809 972 906 1057 signa
934 970 982 1036 sol
1004 972 1138 1036 tricenis
1172 969 1287 1035 dicbus
1317 976 1349 1033 et

205 1075 299 1139 denis
321 1074 410 1139 horis
430 1096 469 1138 ac
488 1075 637 1157 semisse,
660 1073 739 1138 luna
761 1083 869 1136 autem
888 1073 974 1138 binis
992 1072 1107 1136 diebus
1130 1080 1162 1135 et
1175 1072 1269 1135 'senis
1291 1071 1347 1135 ho-

135 1228 145 1252 ,
203 1177 248 1241 ris
271 1176 369 1241 besse
388 1176 485 1240 unius
500 1174 689 1262 perlabitur.
720 1175 809 1239 unde
828 1174 865 1239 lit
884 1184 920 1239 ut
942 1183 1098 1261 quantum
1116 1175 1215 1260 spatii
1238 1174 1273 1238 in
1295 1195 1347 1238 zo-

203 1278 296 1343 diaco
325 1277 403 1342 luna
430 1277 497 1361 (die
525 1276 604 1360 uno)
627 1279 788 1365 percurrit
815 1285 941 1341 tantum
970 1276 1017 1341 sol
1047 1276 1207 1341 tredecim·
1230 1274 1348 1340 diebus

205 1377 346 1466 expleat.

170 1628 195 1669 u
288 1599 381 1663 Tunc
403 1598 453 1664 sol
474 1614 635 1664 sonrrsru
661 1602 785 1687 patitur
803 1601 890 1688 quod
910 1600 1028 1664 Latine
1055 1614 1232 1662 nssscrio
1263 1591 1461 1664 dici-135*

204 1710 272 1783 tur,
295 1703 422 1789 quoties
444 1700 523 1766 luna
544 1703 709 1767 tricesima
728 1704 770 1768 ad
792 1702 928 1768 eandem
958 1700 1077 1767 lineam
1101 1724 1166 1788 qua
1187 1699 1236 1765 sol
1257 1700 1347 1764 uehi·

203 1812 256 1866 tur
275 1806 426 1890 peruenit
448 1806 543 1890 eique
562 1826 597 1868 se
618 1803 776 1870 obiiciens
801 1828 874 1871 eum
898 1805 1060 1870 obscurat.
1091 1804 1179 1868 unde
1209 1803 1348 1867 deficere

203 1904 299 1969 nobis
322 1907 468 1993 uidetur,
492 1928 565 1969 cum
588 1908 617 1970 ei
641 1906 729 1971 orbis
750 1906 848 1972 lunae
871 1908 1052 1995 opponitur.

291 2091 360 2149 134*
372 2095 529 2145 Scholiasta
542 2095 700 2146 Germanici
713 2113 740 2163 p.
753 2095 814 2145 109:
835 2097 943 2147 ‘Luna
961 2094 1083 2147 terris’
1098 2114 1122 2145 e.
1138 2112 1162 2160 q.
1177 2110 1198 2143 a.
1213 2120 1244 2129 -
1258 2092 1346 2145 Isido-
1407 2122 1421 2129 -

204 2178 249 2212 rus
262 2164 295 2215 de
308 2169 408 2215 natura
421 2180 510 2214 rerum
519 2165 579 2225 XX,
595 2164 622 2213 l:
642 2165 741 2214 ‘Solem
755 2166 896 2230 sapientes
914 2167 1009 2215 dicunt
1024 2165 1107 2214 altius
1126 2179 1234 2213 currere
1252 2161 1345 2210 lunam

205 2237 296 2282 nutem
311 2233 461 2300 proximam
475 2248 535 2282 esse
549 2231 660 2282 terrae!
684 2233 802 2282 XVIIII:
823 2234 874 2282 ‘Dc
887 2233 969 2283 lunae
983 2248 1072 2283 cursu.
1091 2232 1199 2281 Lunam
1214 2247 1263 2295 per
1276 2229 1346 2278 alios

204 2304 280 2349 ortus
293 2310 320 2351 et
333 2315 458 2361 occasus,
478 2301 519 2350 ait
533 2300 667 2365 Hyginus,
682 2317 798 2350 neccsse
812 2306 854 2351 est
866 2302 971 2351 morteri
983 2317 1037 2351 non
1050 2307 1124 2350 stare
1139 2299 1219 2363 idque
1234 2297 1347 2347 facilius

205 2383 285 2432 quam
299 2370 333 2419 de
346 2368 404 2419 sole
418 2368 485 2417 licet
497 2368 671 2433 intellegere,
684 2370 748 2433 quia
761 2364 821 2417 curii
835 2384 851 2417 a
864 2369 923 2419 sole
938 2371 1060 2434 accipiat
1070 2368 1163 2417 lumen
1176 2372 1205 2415 ct
1217 2368 1257 2415 ita
1267 2366 1347 2415 nobis

204 2434 297 2486 lucere
316 2437 452 2497 uideatur,
472 2452 527 2485 non
546 2437 718 2498 estndubium
737 2452 797 2485 cum
816 2439 920 2486 moueri
937 2439 1030 2502 potins
1049 2452 1130 2502 quam
1148 2440 1232 2485 stare.
1263 2435 1347 2483 Ter-

205 2504 250 2552 ris
269 2510 381 2555 autom
399 2505 520 2553 uicina
538 2503 617 2552 luna
634 2504 884 2555 breuioriorbc
899 2507 1117 2555 conuertItnr
1135 2502 1347 2567 ctitcrquod

205 2572 254 2621 sol
273 2575 306 2622 iu
324 2571 446 2622 diebus
470 2572 638 2623 CCCLXV
661 2573 813 2638 peragit,
838 2572 908 2623 ista
926 2590 985 2638 por
1003 2574 1152 2637 triginta
1171 2572 1246 2620 dics
1270 2586 1347 2635 per·

205 2643 327 2698 currit,
352 2640 423 2690 unde
443 2645 471 2689 et
490 2641 598 2704 antiqui
616 2656 724 2691 menses
743 2643 771 2689 in
790 2641 868 2703 luna,
895 2657 980 2691 annus
1005 2646 1096 2690 autem
1120 2640 1148 2688 in
1167 2639 1224 2689 sole
1249 2653 1345 2703 posuc-

204 2712 275 2757 runt.
305 2711 399 2774 itaque
417 2707 484 2757 luna
502 2724 551 2773 per
562 2709 689 2777 'tricenos
708 2709 768 2758 dies
786 2708 919 2759 duodenis
937 2709 1045 2759 uicibus
1064 2724 1141 2758 suurn
1160 2722 1269 2757 ctrrsum
1286 2722 1346 2771 per-

204 2775 301 2825 ficiens
319 2781 490 2827 consummat
508 2791 608 2826 annum
627 2777 776 2825 secuudum
794 2778 939 2827 Hebraeos
955 2777 1093 2841 aliquibus
1107 2775 1204 2826 (liebus
1220 2775 1345 2834 adiectis,
1382 2780 1385 2785 '

205 2842 354 2893 secundum
363 2845 500 2893 Romanos
511 2845 618 2894 bisexto
632 2844 717 2894 semel
730 2845 758 2894 iu
770 2846 951 2908 quadriennio
962 2846 1043 2894 unius
1055 2845 1111 2894 diei
1125 2844 1282 2893 adiectione
1301 2860 1340 2893 cc·

205 2910 321 2962 lobreto.
341 2913 418 2961 cuins
431 2913 515 2962 etiam
525 2913 681 2977 augmentis
694 2912 932 2978 decrementisque
944 2914 1013 2962 mira
1025 2913 1142 2978 quadarn
1153 2911 1346 2977 prouidentiae

205 2985 265 3029 arte
278 2995 355 3029 omne
368 2980 438 3045 quod
448 2980 572 3045 gignitur
584 2980 665 3029 alitur
678 2980 766 3045 adque
778 2982 888 3031 crescit.
912 2996 975 3031 nam
989 2987 1017 3031 et
1028 2981 1140 3030 defectu
1150 2981 1209 3030 eins
1222 2980 1347 3045 conpati-

203 3052 287 3097 untur
297 3047 429 3098 elimenta
444 3052 472 3097 et
486 3063 617 3113 processu
633 3049 692 3098 eius
702 3064 773 3114 quae
783 3049 887 3099 frierirrt
900 3050 1043 3099 exinanita
1054 3049 1236 3108 cumulantur,
1248 3054 1278 3096 ut
1288 3048 1346 3096 ani-

204 3117 336 3165 mantium
346 3116 490 3166 cerebrum
499 3117 705 3179 maritimorum,
716 3118 852 3182 siquidem
862 3116 976 3167 echinus
986 3122 1149 3182 ostreaeque
1160 3117 1188 3165 in
1199 3121 1346 3180 augmento

203 3182 286 3233 lunas
296 3184 434 3249 pleniores
444 3185 559 3249 reperiri
570 3183 714 3234 seruntur)
734 3185 853 3234 Isidorus
864 3183 1047 3250 origgllllib.
1066 3186 1193 3249 Hyginus
1203 3187 1234 3234 P.
1245 3184 1276 3232 Α.
1288 3183 1344 3232 1111

206 3251 249 3301 le:
270 3253 386 3301 ‘Lunam
396 3251 453 3301 sole
464 3268 513 3316 per
526 3251 596 3302 alios
610 3257 721 3305 exortus
735 3258 762 3301 et
773 3268 890 3303 occasus
900 3268 1016 3303 necesse
1030 3258 1072 3302 est
1085 3253 1189 3301 moueri
1203 3267 1258 3301 non
1270 3257 1345 3301 stare

204 3319 287 3386 idque
305 3320 415 3370 facilius
434 3336 514 3384 quam
533 3320 565 3369 de
579 3320 636 3371 sole
650 3321 717 3370 licet
736 3321 910 3387 intellegere.
925 3361 931 3372 .
946 3358 951 3370 .
968 3358 973 3368 .
987 3321 1059 3369 lianc
1073 3326 1240 3369 autemeam
1257 3335 1274 3369 a
1286 3319 1345 3369 sole

204 3387 297 3437 lumen
310 3388 433 3453 accipiat
446 3395 474 3437 et
486 3387 527 3436 ita
540 3388 620 3437 uobis
634 3388 726 3439 lucere
736 3389 874 3452 uideatur,
888 3405 942 3439 non
953 3394 996 3439 est
1005 3388 1157 3438 uerisimile
1167 3388 1200 3436 de
1211 3393 1268 3435 tam
1278 3386 1345 3436 mul-

204 3457 241 3505 tis
260 3456 459 3521 causispotius
475 3472 536 3505 eam
552 3461 626 3506 stare
644 3472 724 3522 quarn
741 3455 864 3507 moueri.’
899 3455 1214 3516 ambrosinianus,
1234 3455 1281 3504 24:
1304 3454 1345 3504 ‘In

205 3540 291 3574 annos
309 3539 415 3589 quoquc
439 3524 559 3574 ordinati
581 3530 644 3573 sunt
667 3524 707 3574 sol
733 3530 761 3574 et
783 3525 862 3574 luna:
886 3524 952 3575 luna
975 3541 1025 3591 per
1042 3529 1182 3573 trecentos
1201 3524 1261 3573 dics
1280 3524 1344 3573 duo-

204 3592 282 3641 denis
300 3591 409 3642 uicibus
427 3607 504 3641 sirum
516 3607 623 3641 cursum
637 3592 788 3642 conficiens
802 3599 971 3643 consummat
989 3608 1089 3642 annum
1108 3592 1256 3641 secundum
1268 3592 1344 3641 Heb-

204 3675 284 3709 raeos
312 3659 451 3725 aliquibus
479 3660 576 3709 diebus
605 3660 737 3721 adiectis,
768 3662 917 3711 secundum
945 3662 1082 3711 Romanos
1110 3660 1231 3709 bissexto
1260 3659 1345 3708 semel

206 3730 277 3777 intra
296 3728 510 3793 quinquennium
529 3728 609 3777 unius
628 3728 684 3777 diei
703 3729 861 3779 adiectione
880 3727 1042 3779 celebrato!
1080 3744 1112 3777 cx
1129 3726 1219 3777 Basili
1236 3727 1298 3777 hex.
1318 3744 1344 3792 p.

204 3794 238 3845 29
256 3811 280 3845 c.
316 3813 341 3861 p.
362 3796 402 3847 30.
438 3812 503 3862 pag.
521 3795 555 3844 58
574 3812 597 3844 c.
634 3796 691 3845 IIII
715 3797 740 3855 7,
759 3795 805 3846 29:
831 3798 872 3847 ‘In
892 3814 943 3863 quo
962 3797 1066 3864 grande
1086 3796 1253 3859 mysterium.
1281 3812 1345 3845 nam

206 3870 233 3913 et
251 3862 376 3913 delectui
399 3865 459 3914 slus
483 3864 687 3929 compatiuntur
710 3864 847 3914 elementa
872 3872 899 3914 et
923 3880 1054 3931 processu
1073 3866 1132 3913 cius
1151 3879 1221 3928 quae
1242 3864 1346 3913 fuerint

205 3932 349 3981 exinanita
368 3932 549 3995 cumulantur,
569 3936 600 3980 ut
619 3932 798 3981 animantium
813 3934 955 3983 cerebrum
968 3938 996 3983 ct
1008 3934 1206 3983 maritimorum
1224 3932 1345 3993 humida,

204 3998 338 4065 siquidem
375 4001 494 4051 leniores
512 4001 756 4064 ostroac.repcriri
774 4000 900 4050 feruntur
921 4000 1062 4067 multaque
1082 4001 1149 4063 alia,
1168 4017 1227 4050 cum
1248 4001 1346 4067 globus

204 4066 310 4119 lunaris
328 4083 345 4117 a
365 4067 483 4119 olescit.’
519 4084 553 4118 ex
570 4068 660 4118 Basili
677 4069 739 4118 hex.
759 4084 784 4132 p.
803 4066 837 4117 60
855 4084 878 4117 c.
898 4086 923 4133 p.
943 4068 976 4118 61
996 4085 1021 4118 a.
1041 4071 1067 4118 b.

292 4132 362 4191 135*
380 4136 539 4189 Scholiasta
562 4136 720 4187 Germanici
744 4153 770 4201 p.
798 4134 859 4185 108:
888 4136 990 4186 ‘Tunc
1015 4142 1107 4186 autem
1130 4136 1295 4203 eclipsin’
1320 4153 1344 4186 e.

206 4221 232 4270 q.
251 4222 273 4255 s.
303 4206 404 4273 repetit
421 4205 542 4256 Isidorus
560 4207 646 4270 origg.
667 4206 707 4255 111
724 4205 766 4255 57.
803 4203 846 4254 Cf.
865 4203 987 4255 Isidorus
1006 4206 1040 4255 dc
1058 4211 1158 4255 natans
1177 4221 1266 4255 rernm
1284 4206 1343 4254 XX.

205 4275 338 4341 exscripsi
357 4275 392 4327 ad
410 4275 520 4339 Fragm.
540 4271 616 4325 136*.

291 4458 308 4510 6
322 4449 404 4506 senis
419 4451 540 4521 scripsi:
563 4446 653 4504 semis
671 4447 764 4504 Bulla
780 4439 792 4526 l}
807 4453 825 4506 8
842 4443 891 4503 dio
908 4466 967 4505 uno
983 4450 1082 4503 addidi

600 4550 602 4553 ’
1080 4547 1116 4605 14
1132 4541 1149 4579 *
