3186 4996
238 378 285 422 ιιι
731 378 885 430 6666661

307 529 358 579 267
378 530 469 581 adnot
493 545 551 595 εομ.
572 531 607 580 66
624 530 723 594 fragm.
745 527 801 578 167.
820 529 937 594 Papias:
952 542 961 553 ·
979 526 1057 577 ‘lena
1075 541 1176 592 graeco
1195 525 1383 576 6616166611-

239 615 314 666 16666
332 615 463 666 rotundus
485 614 599 680 duplex,
624 630 679 679 qua
697 612 811 663 infulati
829 613 910 675 (immo
928 610 1076 675 infibulati)
1100 610 1382 661 66616666666666-

240 700 317 751 bant.
347 700 426 750 huius
444 701 572 750 inventor
589 698 690 749 dieitur
707 699 824 747 Lennsst'
850 697 935 747 idem:
960 696 1066 746 ‘henas
1085 697 1223 761 proprium
1241 695 1383 746 ouiusdam

241 787 287 851 qui
305 786 412 836 invenit
431 783 547 834 lenam)
577 783 664 833 idem
694 783 774 833 ι1666
798 782 825 831 id
845 786 887 832 est
905 782 994 831 coitus
1012 782 1096 844 (ινιτιο
1116 778 1257 844 amictus),
1285 794 1383 842 sagum

240 870 376 938 quoddam
394 868 554 934 66116611εέ
585 868 622 918 ef.
641 867 726 918 schol.
746 868 805 917 Iuv.
825 864 937 918 111283
960 865 1043 935 gloss.
1062 865 1127 916 Vat.
1145 865 1184 914 VI
1201 880 1228 931 p.
1246 861 1295 916 631
1315 862 1383 913 VIII
1451 914 1455 923 ,

240 971 266 1022 p.
285 955 420 1006 32411161.
441 954 529 1003 (11οεσ.
550 953 674 1017 Αιομλοο.
693 968 719 1017 p.
739 950 833 1003 3476.
853 951 895 1002 41.
989 961 993 971 ·

307 1039 358 1090 273
377 1040 412 1090 ef.
433 1037 559 1088 addenda
577 1038 613 1087 66
631 1053 656 1102 p.
676 1036 734 1086 465.

307 1123 371 1188 276,
391 1125 407 1173 Ἰ
424 1139 474 1189 pro
492 1123 569 1171 σπίνω·
585 1122 676 1173 scribe
695 1138 729 1171 ex
748 1121 770 1170 0
787 1118 827 1183 (v.
847 1119 910 1170 666.
929 1119 1003 1185 ουρ.)
1021 1125 1111 1169 ωιλαμ.

308 1208 358 1260 306
376 1208 409 1257 66
428 1208 454 1258 Β
473 1207 568 1256 666166
587 1206 623 1255 cf.
643 1206 792 1256 Lorachius
811 1208 866 1254 ant.
886 1204 955 1254 6166
977 1202 1042 1254 1846
1058 1220 1086 1270 p.
1105 1202 1220 1268 θθθοηη.

308 1292 359 1343 316
376 1308 447 1358 pono
466 1306 575 1342 crucem
595 1293 739 1341 66166166.

308 1376 372 1439 369,
391 1363 510 1428 2316116
530 1390 638 1427 erucem
656 1379 721 1426 6616
738 1378 857 1440 munis:
880 1388 987 1439 grunno
1005 1373 1080 1447 66166
1095 1374 1174 1438 palus
1193 1378 1243 1424 ost.
1280 1373 1318 1423 61.
1337 1374 1382 1423 Du

241 1462 337 1526 Gange
356 1477 377 1512 ε.
396 1478 422 1512 v.
442 1461 556 1528 grunda.

308 1545 372 1610 326,
391 1547 472 1613 λτηη.
498 1547 560 1600 666.
584 1562 643 1612 ιαμ.
668 1545 738 1596 6666
757 1546 863 1611 Lydum
887 1544 920 1595 6ο
944 1543 1083 1596 mensibus
1100 1543 1154 1595 1111
1173 1545 1206 1594 24
1225 1549 1253 1595 et
1270 1542 1383 1595 suidam

241 1646 262 1682 τ.
281 1647 307 1683 v.
327 1623 500 1698 Σούπερβος.

309 1716 372 1780 332,
391 1717 407 1767 3
426 1716 487 1767 6616
507 1731 567 1766 eum
586 1716 619 1766 Ο.
639 1716 736 1766 16661ο
755 1718 919 1782 quorundam.

309 1801 372 1863 338,
392 1802 408 1852 6
427 1799 612 1867 Stesichorus]
633 1805 648 1851 1
666 1800 765 1866 Βτνμίι.

309 1885 404 1951 33866,
425 1887 487 1937 666.
506 1901 566 1952 ουρ.
580 1885 831 1938 166666611616166
849 1902 876 1950 p.
892 1883 939 1934 175
946 1900 999 1950 sq.:
1028 1876 1079 1936 τὸν
1096 1878 1129 1935 δέ
1149 1877 1267 1935 ἱππικὸν
1284 1876 1382 1950 άγῶνα

240 1968 343 2023 τοῦτον
361 1964 498 2038 έπενδησε
515 1971 624 2037 πρῶτος
636 1963 786 2035 ,Ἐνυάλιός
805 1988 847 2029 τις
864 1961 997 2036 ὀνόματι,
1017 1961 1080 2028 υίὸς
1099 1967 1292 2032 Ποσειδῶνος,
1311 1960 1383 2035 άγα-

241 2048 361 2123 γόμενος
378 2049 432 2124 τὴν
446 2049 572 2124 Λιβύην,
590 2052 739 2124 θυγατέρα
757 2055 807 2124 τῆς
820 2048 893 2115 ’λοῦς
910 2053 960 2107 καὶ
983 2052 1034 2107 τοῦ
1052 2054 1146 2105 Πίκου
1164 2045 1247 2117 Διός,
1265 2043 1297 2113 ὃς
1314 2070 1383 2117 κρα-

241 2134 329 2207 τήσας
347 2134 383 2192 τό
400 2137 578 2209 μεσημβρινὰ
601 2137 672 2209 μέρη
696 2133 812 2193 έκάλεοε
834 2133 887 2206 τὴν
908 2131 1000 2207 αότῆν
1024 2131 1117 2205 χάραν
1135 2130 1166 2189 έν
1183 2125 1201 2203 ᾖ
1219 2130 1383 2202 ἐβασίλευσε

240 2218 350 2293 Αιβύην
369 2224 411 2287 είς
428 2217 520 2293 ὄνομα
541 2227 593 2294 τῆς
615 2217 704 2279 αὐτοῦ
727 2217 872 2293 γυναικός.
909 2218 960 2278 τὸν
983 2220 1015 2276 δέ
1040 2214 1129 2276 αύτόν
1148 2215 1267 2274 ίππικόν
1284 2214 1383 2287 ἀγῶνα

241 2302 256 2362 ὁ
272 2303 418 2372 Ἐνυάλιος
436 2302 541 2378 ἅρμασι
560 2303 694 2371 διπάλοις
712 2304 830 2377 έφεύρε,
855 2302 955 2370 καθώς
977 2309 1067 2363 ταῦτα
1090 2300 1289 2375 ουνεγράφατσ
1307 2311 1383 2362 Καλ-

240 2397 359 2463 λίμαχος
377 2387 392 2447 ό
411 2389 500 2461 σοφός
519 2389 550 2448 έν
568 2400 632 2456 ταῖς
650 2393 762 2455 Αίτίαις
780 2388 878 2449 αὐτοῦ.
908 2393 958 2448 καλ
976 2387 1076 2446 λοιπόν
1092 2385 1155 2461 μετ’
1175 2384 1263 2445 αὐτὸν
1281 2384 1384 2460 όἘρι-

241 2474 361 2548 χθόνιος
379 2473 523 2533 έπετέλεσε
541 2474 591 2532 τόν
609 2473 697 2533 αὐτὸν
719 2474 817 2547 άγοόνα
834 2471 940 2548 άρμασι
963 2472 1164 2546 τετραπάλοις·
1202 2471 1248 2529 διὸ
1266 2475 1315 2529 καλ
1334 2495 1384 2530 πε·
1425 2486 1429 2491 ’

241 2558 373 2633 ριβόητος
397 2559 523 2632 έγένετο,
547 2559 630 2617 καθά
654 2558 685 2617 έν
708 2571 773 2625 ταῖς
796 2559 958 2630 Χάρακος
981 2556 1135 2631 ἐμφέρεται
1160 2558 1310 2627 ἱστορίαις·
1352 2552 1384 2623 ὃς

241 2643 441 2717 συνεγράφατο
463 2649 512 2703 καλ
535 2648 640 2715 ταῦτα,
663 2640 707 2701 ότι
730 2651 781 2702 τοῦ
805 2646 997 2715 ἱπποδρομία)
1020 2641 1051 2701 τὸ
1075 2649 1179 2714 κτίσμα
1204 2644 1245 2707 είς
1263 2641 1316 2714 τὴν
1334 2646 1384 2700 τοῦ

241 2727 348 2801 κόσμου
366 2734 509 2802 διοίκησιν
527 2728 718 2802 ᾠκοδομήθη,
742 2726 820 2786 τοῦτ’
839 2727 897 2786 έοτλ
915 2733 966 2786 τοῦ
984 2725 1108 2799 ούρανοῦ
1125 2732 1175 2785 καὶ
1197 2734 1248 2799 τῆς
1265 2733 1317 2799 γῆς
1334 2730 1384 2786 καλ

241 2819 293 2885 τῆς
312 2811 472 2885 θαλάσσης·
509 2812 559 2880 τάς
582 2815 615 2871 δέ
638 2811 764 2872 δεκαδύο
788 2810 881 2882 θύρας
907 2811 973 2877 τούς
996 2811 1110 2870 δυόδεκα
1133 2817 1232 2877 οἴκους
1255 2807 1384 2884 ΐστόρησε

242 2902 292 2956 τοῦ
310 2902 451 2966 ζωδιακοῦ
468 2902 519 2956 τοῦ
536 2903 714 2964 διοικοῦντος
732 2897 785 2970 τὴν
802 2903 857 2970 γῆν
880 2903 929 2957 καὶ
956 2897 1008 2970 τὴν
1026 2898 1177 2955 θάλασσαν
1194 2900 1243 2955 καὶ
1262 2900 1317 2954 τῶν
1334 2894 1384 2953 άν-

242 2982 366 3054 θράπων
388 2981 438 3039 τὸν
458 2982 619 3054 παροδικόν
642 2988 693 3041 τοῦ
716 2987 780 3054 βίον
803 2980 918 3054 δρόμον.
960 2981 992 3040 τὸ
1017 2983 1049 3040 δέ
1072 2984 1164 3055 πέλμα
1192 2982 1242 3040 τού
1266 2982 1385 3039 ίππικοῦ

242 3066 295 3139 τὴν
312 3073 367 3140 γῆν
384 3071 482 3126 πᾶσαν
499 3069 590 3139 εἶναι,
610 3068 660 3126 τὸν
678 3070 710 3125 δέ
730 3062 858 3139 Εὔριπον
875 3065 928 3139 τὴν
950 3066 1102 3125 θάλασσαν
1124 3063 1179 3125 ὑπό
1197 3072 1248 3139 τῆς
1265 3072 1318 3140 γῆς
1335 3088 1385 3139 με·

242 3154 414 3224 σαζομένην,
433 3150 484 3210 τὸν
501 3154 534 3210 δέ
553 3151 599 3211 έπλ
618 3151 670 3219 τάς
688 3151 782 3223 θύρας
800 3151 931 3224 καμπτδν
948 3150 1001 3224 τὴν
1019 3149 1176 3223 ἀνατολήν,
1205 3150 1256 3209 τὸν
1279 3152 1312 3209 δέ
1338 3149 1385 3209 έπλ

241 3235 295 3308 τὴν
312 3234 477 3309 σφενδόνην
494 3237 547 3311 τὴν
565 3235 662 3309 δύσιν,
686 3237 721 3296 τά
740 3239 772 3295 δὲ
793 3235 864 3295 έπτά
886 3236 991 3295 σπάτια
1010 3235 1060 3294 τόν
1077 3235 1185 3309 δρόμον
1202 3240 1252 3294 καὶ
1270 3234 1324 3309 τὴν
1341 3242 1385 3293 κί-

242 3340 326 3393 νησιν
343 3327 394 3393 τῆς
412 3318 602 3395 ἀστρονομίας
621 3330 676 3381 τῶν
695 3321 766 3381 έπτά
784 3321 909 3393 άστέρων
931 3327 982 3393 τῆς
1005 3319 1129 3394 μεγάλης
1153 3317 1267 3392 άρκτοο.
1299 3317 1333 3378 Ὁ
1351 3321 1384 3378 δέ

237 3401 341 3477 Ῥῶμος
358 3405 489 3477 βασιλεὺς
506 3405 577 3477 πρὸς
594 3405 680 3479 τιμὴν
702 3410 751 3465 καὶ
771 3404 857 3472 αύτὸς
879 3411 930 3464 τοῦ
949 3404 1046 3463 Ἡλίου
1069 3410 1119 3463 καὶ
1142 3409 1197 3462 τῶν
1218 3401 1270 3462 ύπ’
1295 3401 1385 3462 αὐτὸν

241 3489 383 3559 τεσσάρων
400 3498 548 3563 στοιχείων
565 3490 615 3549 τόν
633 3489 729 3563 άγῶνα
748 3490 779 3550 έν
797 3498 831 3564 τῇ
845 3489 933 3564 Ῥύμῃ
951 3496 1059 3563 πρῶτος
1078 3488 1195 3561 ἐφεῦρε,
1220 3494 1269 3547 καλ
1289 3487 1385 3547 ἐπετέ-

242 3581 323 3632 λεσεν
341 3573 373 3631 έν
390 3579 424 3648 τῇ
443 3573 518 3648 χώρᾳ
536 3581 587 3649 τῆς
610 3575 731 3647 δύσεως,
754 3573 818 3650 ἤτοι
841 3581 892 3648 τῆς
910 3574 1034 3639 Ἰταλίας
1055 3570 1161 3646 άρμαοι
1187 3572 1384 3645 τετραπάλοις,

243 3658 322 3717 τοῦτ’
342 3657 400 3717 έστλ
418 3666 453 3733 τῇ
471 3666 507 3732 γῇ
524 3664 573 3718 καὶ
586 3666 620 3733 τῇ
632 3659 764 3734 θαλάσσῃ
776 3665 826 3719 καὶ
839 3665 877 3734 τῷ
889 3664 957 3729 πυρλ
970 3663 1019 3717 καλ
1031 3663 1068 3732 τῷ
1081 3656 1153 3728 άέρι.
1177 3662 1226 3716 καλ
1240 3655 1385 3729 έπέθηκεν

241 3739 256 3799 ὁ
272 3738 453 3821 Ῥῶμοςτσῖς
472 3741 570 3810 αύτοῖς
588 3743 701 3817 τετράοι
719 3752 869 3817 στοιχείοις
882 3742 917 3802 τά
929 3742 1057 3817 ὀνόματα
1073 3751 1165 3811 (immo
1178 3739 1332 3815 χρώματα),
1351 3748 1386 3816 τῇ

241 3832 278 3899 γῇ
295 3826 327 3885 τό
345 3825 484 3899 πράσινον
500 3830 599 3901 μέρος,
619 3826 635 3888 ό
653 3828 712 3887 έστι
730 3828 761 3887 τὸ
781 3833 915 3901 χλοῶδες,
939 3833 974 3902 τῇ
992 3828 1024 3885 δέ
1043 3826 1189 3901 θαλάσσῃ,
1214 3822 1230 3885 ό
1248 3825 1307 3884 έστι
1323 3837 1386 3892 τοῖς

241 3906 356 3982 ύδαοιν,
375 3910 406 3969 τό
425 3914 546 3971 Βένετον
563 3916 647 3985 μέρος
665 3911 702 3980 ὦς
720 3912 836 3985 κυανόν,
856 3918 893 3983 τῷ
912 3914 944 3970 δέ
962 3916 1030 3982 πνρλ
1048 3909 1080 3970 τὸ
1099 3910 1214 3982 ὅούσιον
1231 3912 1329 3982 μέρος,
1349 3908 1386 3977 ύς

157 4050 160 4061 ,
243 3993 381 4069 ἐρυθρόν,
401 3999 488 4068 τῷδέ
508 3996 570 4070 ἀέρι
589 3998 620 4057 τό
639 3996 727 4071 άλβον
744 3999 842 4071 μέρος,
866 3994 904 4061 ὥς
921 3994 1036 4054 λευκόν
1071 3993 1214 4054 κάκεῖθεν
1237 3994 1384 4069 ἐπενοήθη

242 4078 278 4137 τά
296 4081 417 4151 τέσσαρα
434 4084 505 4157 μέρη
525 4082 556 4141 έν
568 4081 667 4156 Ῥώμη.
704 4082 819 4141 ἐκάλεσε
843 4082 875 4139 δέ
894 4080 925 4137 τὸ
942 4079 1083 4151 πράσινον
1099 4080 1198 4153 μέρος,
1221 4074 1238 4137 ό
1256 4077 1315 4136 έστι
1333 4081 1385 4151 §m-

242 4169 340 4238 μαϊοτλ
353 4164 385 4223 τό
398 4165 615 4241 έμπαράμονον,
628 4164 845 4239 πραιοεντεύειν
857 4165 911 4239 γάρ
930 4165 1041 4236 λέγεται
1053 4164 1085 4222 τό
1100 4165 1291 4237 παραμένειν,
1311 4161 1386 4221 διότι

242 4246 261 4321 ἡ
279 4247 405 4321 χλοάδης
423 4257 459 4325 γῆ
478 4252 527 4309 διά
545 4250 654 4317 παντὸς
667 4257 780 4309 ίοταται
797 4248 849 4310 σύν
866 4260 926 4316 τοῖς
945 4245 1055 4307 άλσεσι·
1086 4247 1118 4306 τό
1131 4249 1164 4307 δέ
1182 4250 1303 4306 Βένετον
1322 4246 1387 4305 έκά-

242 4340 322 4390 λεσεν
341 4332 372 4391 έκ
391 4338 441 4393 τοῦ
460 4336 536 4394 εἶναι
553 4331 610 4394 ύπδ
628 4333 681 4408 τὴν
696 4334 804 4408 Ῥώμην
817 4333 958 4406 έπαρχίαν
975 4330 1101 4406 μεγάλην
1120 4331 1213 4404 χώραν
1231 4333 1386 4405 λεγομένην

241 4423 408 4490 Βενετζίαν,
431 4412 545 4493 ἧστινος
568 4417 739 4492 μητρόπολίς
762 4417 839 4478 ἐστιν
858 4416 1003 4491 Ἅκοληία,
1028 4414 1169 4476 κάκεῖθεν
1187 4414 1331 4487 ἐξέρχεται
1350 4413 1386 4473 τά

1306 4506 1310 4514 ‘
1400 4504 1413 4529 Ο
