3218 5000
278 424 340 486 206
779 440 909 482 baianen

279 602 380 666 sionis
413 602 551 688 amplius
586 603 763 668 incalescit.
818 604 910 667 euius
943 603 1051 687 ignem
1085 602 1198 667 dieunt
1231 602 1414 690 philosophi

279 725 364 789 aqua
377 705 492 768 nutriri
507 713 568 768 eto
582 706 744 768 contrario
762 706 919 769 elemento
936 706 1088 768 uirtutem
1106 706 1238 770 luminis
1252 714 1285 768 et
1298 705 1414 769 caloris

279 806 436 893 accipere,
457 806 542 870 unde
565 806 714 870 uidemus
735 828 807 869 eum
828 808 958 893 saepius
981 806 1146 870 madidum
1169 815 1201 870 ct
1221 816 1396 871 rorantem.

279 1029 331 1063 nce
348 1013 452 1078 ignitus
468 1018 568 1062 natura
586 1014 630 1061 sit.
655 1014 678 1063 si
693 1012 756 1077 quid
773 1012 857 1062 habet
875 1012 990 1075 caloris,
1008 1013 1100 1063 serrant
1119 1030 1168 1078 per
1185 1014 1295 1063 nimium
1313 1019 1415 1065 motum

280 1081 467 1130 connereionis
480 1081 621 1130 accidere:
640 1081 710 1145 qnod
723 1096 788 1145 ergo
806 1081 949 1130 (licendum
962 1086 1072 1147 putant,
1090 1086 1120 1130 ut
1138 1082 1205 1131 nibil
1223 1083 1351 1132 uideatur
1366 1082 1414 1132 hn—

279 1150 361 1199 rnoris
379 1164 552 1209 consumere,
570 1149 634 1214 qnia
653 1148 771 1198 calorem
790 1163 842 1213 qno
861 1150 955 1198 humor
975 1150 1020 1199 nel
1041 1149 1169 1198 minuitur
1190 1150 1235 1200 nel
1257 1150 1414 1216 plerumque

280 1218 403 1267 exuritur
425 1233 480 1266 nou
502 1216 588 1266 habet
609 1217 774 1266 naturalem.
805 1217 852 1266 sed
873 1216 940 1266 nihil
963 1224 1062 1283 agunt,
1086 1233 1148 1267 eum
1171 1218 1225 1267 iata
1252 1224 1414 1283 proponunt,

281 1285 578 1350 qoinnihilinrerest,
597 1290 687 1334 utrum
706 1302 737 1334 ex
756 1290 855 1335 nunna
873 1284 992 1334 calorem
1022 1285 1081 1349 quis
1103 1285 1207 1335 habeat
1231 1302 1266 1336 an
1296 1303 1329 1336 ex
1352 1301 1414 1351 pas·

279 1356 356 1404 sione
374 1352 419 1402 nel
438 1370 470 1402 ex
498 1352 590 1417 aliqua
608 1367 701 1402 carisa.
737 1368 786 1401 nos
809 1357 899 1402 antem
918 1354 1053 1403 credimus
1072 1368 1132 1401 eum
1150 1354 1220 1403 sient
1240 1354 1343 1404 hebere
1360 1355 1414 1421 nip-

279 1428 366 1470 tutem
379 1420 568 1483 inluminandi,
587 1421 627 1470 ita
640 1421 723 1469 etiam
735 1421 895 1485 uapornmli.
921 1421 1018 1485 igneus
1032 1421 1102 1469 enim
1116 1427 1159 1471 est
1171 1422 1225 1483 sol,
1239 1422 1309 1488 ignis
1324 1428 1413 1472 antem

280 1494 308 1539 et
320 1489 466 1538 inluminat
479 1494 507 1537 ot
519 1489 614 1537 exurit.
629 1488 746 1550 Quidam
759 1493 849 1537 antem
862 1488 957 1538 dicunt
968 1489 1053 1538 solis
1065 1489 1176 1553 ignem
1190 1504 1277 1554 aqua
1290 1490 1415 1540 nutriri

280 1561 313 1607 ct
338 1575 352 1606 e
378 1557 557 1607 contrario
584 1555 750 1605 alimento
777 1558 938 1605 uirtutem
968 1556 1105 1606 luminis
1129 1563 1157 1606 et
1182 1560 1294 1623 uaporis
1322 1559 1414 1608 aeci-

280 1642 374 1691 pere,
392 1625 463 1674 uude
482 1625 640 1688 frequenter
658 1623 743 1674 solem
761 1625 884 1675 uidemus
901 1624 1038 1675 madidum
1056 1624 1144 1689 adque
1158 1631 1308 1689 rorantem,
1322 1627 1415 1692 inquo

281 1694 394 1743 euidens
407 1693 454 1742 dst
467 1692 607 1753 iudicium,
620 1692 690 1757 quod
704 1691 861 1741 elimentum
875 1708 1005 1757 aquarum
1019 1693 1053 1742 nd
1066 1694 1224 1758 temperiem
1239 1695 1281 1743 sni
1294 1709 1413 1759 sumpse·

280 1762 324 1811 rit.
353 1761 404 1810 boc
423 1766 553 1825 qrrautnm
572 1760 606 1809 ad
624 1766 749 1810 naturam
768 1762 826 1809 eius
839 1762 966 1825 pertinet
992 1761 1026 1811 nd
1045 1777 1110 1811 nero
1123 1762 1199 1810 iuxta
1211 1761 1362 1827 spiritalem
1376 1763 1415 1810 in-

280 1829 471 1894 tellegentiam
489 1828 529 1877 sol
550 1826 675 1878 Christus
693 1834 747 1889 est,
769 1830 841 1878 sient
858 1829 886 1878 lu
904 1828 1042 1879 llalachia
1059 1829 1201 1880 scribitur:
1223 1830 1308 1879 Vobis
1325 1836 1416 1879 antem

280 1898 326 1962 qni
340 1898 453 1947 creditis
471 1898 574 1946 orietur
591 1896 631 1946 sol
649 1897 773 1945 iustitiae
793 1902 820 1945 ct
837 1897 943 1947 sanitas
961 1898 988 1946 in
1006 1897 1097 1962 pinnis
1115 1897 1183 1947 eins.
1206 1897 1306 1947 Merito
1325 1902 1416 1947 antem

280 1966 405 2015 Christus
423 1965 463 2015 sol
481 1964 654 2030 intellegitur
671 1964 775 2025 dictus,
794 1966 858 2029 qnia
877 1972 951 2015 ortus
968 1965 1072 2015 occidit
1092 1965 1241 2015 secundum
1260 1981 1370 2018 carnem
1389 1969 1417 2015 et

279 2034 429 2085 seeundum
446 2034 572 2099 spiritum
591 2032 623 2082 de
643 2048 743 2082 occasu
759 2048 851 2082 rursus
869 2038 978 2082 exortus
998 2039 1048 2083 est.
1079 2034 1144 2082 item
1166 2033 1206 2084 sol
1226 2034 1371 2083 inluminat
1389 2038 1417 2082 ct

281 2103 371 2153 exurit
380 2107 408 2151 et
420 2117 507 2167 opaco
517 2106 638 2166 tempore
649 2101 779 2150 consonet
787 2115 878 2161 sanos,
893 2102 1085 2151 febricitantes
1096 2117 1161 2151 uero
1172 2102 1319 2167 flagrantia
1330 2101 1415 2166 gerni-

241 2211 249 2225 .
280 2172 338 2221 nati
352 2171 453 2222 caloris
466 2171 603 2220 incendit:
617 2171 656 2219 ita
668 2174 695 2218 et
707 2168 831 2219 Christus
840 2170 984 2219 credentes
995 2170 1058 2219 fidei
1070 2170 1169 2235 spiritu
1180 2176 1330 2235 uegetnnte
1345 2168 1415 2217 inlu·

279 2240 375 2301 minat,
388 2236 524 2304 negantes
537 2254 566 2288 se
580 2238 686 2287 aeterni
699 2237 773 2302 ignis
786 2237 882 2287 ardore
897 2234 1031 2287 torrebit)
1049 2236 1206 2288 Ambrosius
1217 2238 1278 2287 hex.
1290 2238 1318 2287 11
1331 2236 1355 2299 3,
1371 2236 1414 2286 14:

280 2309 408 2357 ‘'l'nntum
422 2313 513 2357 autern
528 2308 600 2356 inest
612 2305 669 2354 illis
682 2305 860 2370 impugnandi
873 2305 1000 2367 studium,
1015 2312 1044 2354 ut
1055 2305 1141 2356 solem
1154 2307 1242 2370 ipsum
1254 2311 1356 2371 negent
1370 2321 1414 2353 ea·

279 2375 353 2425 lidae
362 2382 479 2425 naturae
490 2391 549 2425 esse
561 2390 592 2424 eo
606 2373 676 2439 qnod
689 2372 769 2422 albus
781 2375 826 2435 sit,
841 2389 894 2423 non
906 2373 1072 2423 rubicundus
1085 2380 1132 2422 aut
1144 2374 1241 2423 rutilus
1255 2374 1415 2439 inspeciem

280 2446 360 2509 ignis.
386 2450 414 2492 ct
427 2444 488 2493 ideo
502 2444 589 2505 aiunt,
614 2441 684 2507 quod
697 2457 748 2489 nec
761 2441 864 2505 ignitus
876 2447 977 2491 nutura
989 2443 1026 2491 sit
1038 2448 1066 2491 et
1078 2442 1103 2490 si
1121 2442 1184 2506 quid
1202 2442 1286 2491 babet
1299 2440 1415 2502 ¹caloris,

280 2513 372 2561 ferunt
386 2528 419 2562 ex
431 2512 515 2562 nimio
528 2514 603 2560 motu
616 2510 803 2560 conuersionis
817 2509 954 2559 accidere.
983 2510 1053 2575 qnod
1066 2510 1129 2560 ideo
1147 2510 1291 2560 dicendum
1308 2514 1415 2574 putant,

279 2585 309 2629 ut
321 2579 392 2630 nihil
403 2581 531 2629 uideatur
543 2579 662 2627 humoris
675 2592 847 2639 consumere,
866 2578 931 2642 qnia
944 2577 1127 2643 caloremque
1146 2578 1240 2627 humor
1257 2576 1300 2627 nel
1318 2577 1416 2625 minui·

279 2654 323 2698 tnr
335 2647 379 2697 uel
391 2647 550 2713 plerumque
564 2645 722 2695 exhauritur
740 2661 794 2694 non
811 2645 895 2694 hebet
908 2645 1071 2695 naturalem.
1096 2646 1143 2695 sed
1156 2645 1224 2694 nibil
1239 2649 1337 2711 agunt,
1355 2660 1415 2693 eum

281 2718 335 2766 ista
348 2720 525 2781 componunt,
545 2715 610 2779 quia
627 2712 697 2763 nihil
714 2713 828 2763 interest
841 2720 929 2762 utrum
947 2728 981 2763 ex
997 2718 1097 2763 natura
1108 2714 1228 2763 calorem
1241 2715 1301 2777 quis
1313 2712 1418 2762 habent

281 2801 317 2834 nn
335 2800 368 2833 ex
385 2785 514 2848 passione
534 2788 582 2833 ant
601 2781 694 2845 aliqua
712 2797 745 2829 ex
763 2779 868 2831 cansa!
898 2781 954 2831 IIII
972 2781 1001 2843 3,
1023 2780 1052 2830 n:
1073 2780 1117 2830 ‘at
1133 2797 1198 2831 nero
1211 2781 1250 2830 sol
1264 2797 1317 2830 non
1329 2780 1416 2830 solnm

281 2854 408 2901 uirtutem
427 2850 599 2901 illuminandi
617 2849 702 2898 balret
718 2848 766 2897 scd
785 2850 867 2898 etiam
885 2849 1051 2914 inspersum,
1070 2851 1166 2914 igneus
1184 2854 1227 2898 est
1239 2850 1318 2898 enim.
1344 2850 1417 2913 ignis

281 2926 372 2970 antem
386 2926 414 2969 ct
427 2919 571 2969 inluminat
584 2923 611 2967 et
624 2914 733 2966 eximit)
751 2916 809 2981 113,
826 2915 869 2967 13:
884 2917 970 2966 ‘Vnde
984 2917 1143 3033 ireqnxer
1155 2922 1183 2965 et
1194 2916 1280 2967 solem
1293 2916 1417 2966 uidemus

281 2988 417 3037 madidum
431 2993 512 3052 utque
526 2990 671 3036 rorantem.
697 2986 726 3034 in
744 3001 796 3049 quo
810 2984 922 3035 euidens
939 2985 987 3033 det
1005 2986 1062 3034 indi
1111 3001 1151 3047 m,
1169 2985 1239 3050 qnod
1258 2984 1416 3034 alimentum

281 3056 335 3105 sibi
349 3071 478 3120 uquarum
492 3055 526 3105 ad
540 3053 700 3119 temperiem
713 3054 755 3103 sui
767 3051 934 3117 sumpserit!
949 3059 1060 3118 praeter
1070 3052 1156 3102 uerba
1166 3052 1246 3102 ‘unde
1257 3053 1416 3118 frequenter

338 3122 490 3173 rorantem'
510 3140 542 3173 ex
561 3122 648 3171 Basili
665 3122 726 3171 hex.
745 3137 809 3186 pag.
828 3119 861 3169 29
878 3121 903 3170 h.
924 3136 947 3169 c.
966 3120 1131 3171 Plutarchus
1143 3122 1173 3169 P.
1187 3121 1218 3170 P.
1233 3121 1257 3170 ll
1275 3121 1322 3171 20:
1344 3115 1417 3177 Περὶ

281 3181 381 3272 οῦσίαγ
401 3182 493 3256 ἡλίου.
520 3181 752 3255 Ἀναξίμανδρος,
771 3180 970 3239 senioralem
989 3178 1352 3240 ὀκτωκαιεικοσαπλασίονα
1367 3186 1417 3253 τῆς

281 3258 342 3339 γῆς,
356 3258 514 3326 αμαρτείου
526 3256 629 3341 τροχοῦ
641 3250 693 3323 τῆν
705 3249 801 3322 ἁψῖδα
813 3249 1012 3322 παραπλήσιον
1026 3250 1128 3334 ἔχοντα
1139 3255 1249 3338 κοίλην,
1262 3253 1355 3324 πλὴρη
1365 3272 1416 3306 πυ-

282 3343 338 3393 ρος·
353 3316 386 3407 ῆς
399 3320 507 3379 κατότι
520 3342 606 3393 μερος
620 3318 770 3406 ἐκφαίνειν
782 3319 830 3376 διὰ
844 3323 961 3390 στομίου
970 3318 1002 3375 τὸ
1016 3340 1083 3388 πυρ,
1095 3314 1188 3390 ὥσπερ
1199 3323 1247 3376 δια
1258 3324 1417 3392 πρηστῆρος
1454 3392 1457 3397 Ι

281 3386 380 3447 αῦλου·
400 3392 449 3447 καλ
461 3386 536 3446 τοῦτ’
549 3389 625 3446 εἶναι
637 3410 688 3445 τον
700 3383 789 3460 ἡλιον.
813 3385 995 3459 Ξενοφάνης,
1006 3383 1037 3443 ἐκ
1047 3391 1189 3457 πυριδίων
1197 3393 1253 3445 τῶν
1262 3392 1416 3457 συναθροι-

281 3459 406 3545 ζμμένων
422 3457 475 3531 μὲν
494 3455 524 3514 ἐκ
543 3462 592 3530 τῆς
610 3454 700 3527 ὑγροῖς
718 3452 940 3526 ἀναθυμιάσεως
958 3453 1205 3525 συναθροιζόντων
1222 3456 1253 3513 δὲ
1265 3455 1314 3512 τόν
1325 3451 1416 3527 ἥλιον·

312 3527 399 3598 νέφος
409 3525 621 3599 πεπυρωμένον.
642 3524 681 3582 Oi
692 3526 824 3593 Στωικοί,
833 3519 952 3595 α”ναμμα
962 3522 1063 3592 νοερόν
1073 3522 1103 3580 ἐκ
1114 3522 1268 3597 θαλάττης.
1288 3520 1417 3593 Πλάτων,

282 3550 312 3652 ότι
326 3603 459 3651 πλείστου
477 3592 574 3666 πυρός.
600 3591 788 3663 Ἀναξαγόρας
800 3590 977 3664 Δημόκριτος
988 3591 1191 3663 Μητρόδωρος,
1212 3588 1353 3664 μῦδρσνῆ
1370 3591 1417 3647 πέ-

281 3685 349 3734 τρον
373 3662 522 3732 διάπυρον.
558 3659 753 3731 Ἀριστοτέλης,
782 3668 910 3731 σφαῖραν
929 3681 959 3716 εκ
982 3664 1033 3716 τοῦ
1051 3663 1180 3732 πέμπτου
1198 3662 1333 3733 σώματος.
1369 3664 1417 3714 Φι·

282 3733 383 3813 λόλασς
396 3729 411 3787 ὁ
424 3730 626 3801 Πυθαγόρειος
643 3726 790 3798 όαλοειδ”,
810 3727 966 3800 δεχόμενον
983 3728 1036 3799 μὲν
1053 3734 1105 3785 τοῦ
1123 3726 1155 3785 ἐν
1166 3734 1206 3800 τῷ
1216 3727 1311 3801 κόσμῳ
1328 3726 1418 3798 πυρός

281 3800 334 3872 τὴν
357 3797 532 3870 ανταῦγειαν
540 3842 552 3867 ,,
571 3802 734 3870 διηθοῦντα
753 3751 786 3852 (lh
804 3801 874 3868 πρὸς
891 3794 909 3867 ἡ
932 3801 967 3860 ἀς
984 3796 1016 3852 τό
1034 3802 1109 3868 φώς,
1132 3792 1202 3854 ὥστε
1220 3795 1417 3867 προσεοικέναι

280 3867 352 3939 ἡλίῳ
376 3867 407 3923 τό
426 3866 458 3924 ἐν
475 3873 514 3939 τῷ
537 3863 650 3937 ου’ρανῷ
671 3870 815 3952 πυρῶδες,
838 3864 870 3922 τό
896 3819 931 3921 si
951 3863 988 3936 δὴ
1011 3860 1060 3921 εἶπ’
1082 3860 1172 3922 αὐτοῦ
1195 3864 1345 3936 πυροειδὲς
1368 3865 1418 3920 καλ

282 3936 485 4007 εσυπτροειδές·
504 3937 553 3991 καὶ
566 3939 676 4006 τρίτον,
699 3956 751 4007 την
774 3931 831 3990 α’πό
854 3939 906 3991 τοῦ
930 3930 1067 4003 ε”σόπτρου
1090 3929 1151 3990 κατ’
1172 3928 1331 3990 α’νσίκλασιν
1355 3936 1417 3988 δια-

282 4004 472 4076 σπειρομένην
483 4002 554 4075 πρός
572 4003 647 4074 ἡμᾶς
665 3998 767 4075 αῦγήν·
787 4003 837 4059 καί
855 4000 909 4074 γὰρ
927 3999 1035 4087 ταῆτην
1052 4000 1301 4073 προσαγορεύομεν
1324 3996 1415 4071 ἥλιον,

281 4072 371 4129 οίονελ
390 4070 510 4128 εἰδώλου
529 4074 657 4128 εἴδωλον.
671 4066 865 4143 Ἐμπεδοκλῆς
883 4067 936 4126 δῦο
958 4073 1071 4141 ηλίους,
1098 4069 1149 4125 τόν
1171 4068 1223 4141 μὲν
1246 4064 1417 4141 α’ρχέτυπσν,

282 4147 338 4211 πῦρ
352 4139 383 4196 ἐν
400 4144 439 4212 τῷ
458 4136 543 4210 ἑτέρῳ
555 4136 732 4212 ἡμισφαιρίῳ
750 4144 801 4195 τοῦ
818 4137 939 4210 κόσμου,
962 4136 1147 4208 πεπληρωκὸς
1169 4138 1201 4193 τό
1218 4134 1417 4219 ἡμισφαίριον,

281 4206 328 4265 ciel
340 4207 512 4279 καταντικρῦ
525 4213 560 4279 τῆ
571 4204 728 4279 σῖνταυγείρι
741 4204 844 4264 ἑαυτοῦ
856 4205 1037 4277 τεταγμένον·
1055 4204 1104 4261 τόν
1117 4205 1148 4261 δὲ
1162 4203 1348 4276 φαινόμενον,
1367 4226 1417 4260 αν-

282 4277 418 4348 ταῦγειαν
431 4274 462 4361 ἔγ
474 4281 511 4350 τῷ
525 4272 610 4348 ἑτέρῳ
627 4275 805 4348 ἡμισφαιρίῳ
814 4281 861 4359 ,τῷ
878 4279 929 4330 τοῦ
945 4270 1032 4360 μέρος
1041 4277 1092 4329 τοῦ
1104 4279 1159 4343 θερ
1181 4276 1301 4360 ομιγοῦς
1311 4279 1419 4396 πεπλεγ-

282 4346 411 4417 ρωμὲυῳ,
431 4345 488 4400 απὸ
506 4348 693 4412 κυκλοτεροῦς
710 4349 760 4415 τῆς
783 4348 873 4414 αυγῆς
894 4364 947 4398 κατ
976 4348 1134 4397 ανακλασιν
1168 4362 1354 4414 γγιγνομενης
1378 4361 1419 4404 ες

235 4474 240 4489 ,
282 4413 332 4469 τόν
350 4409 432 4483 ἡλιον
452 4411 502 4469 τόν
519 4417 755 4482 κρυσταλλοειδῆ,
774 4411 1051 4482 συμπεριελκομένην
1070 4409 1102 4465 δὲ
1118 4413 1154 4482 τῆ
1170 4410 1280 4482 κινῆσει
1298 4414 1352 4465 τοῦ
1366 4428 1418 4464 πυ·

242 4484 246 4493 ’
283 4487 374 4552 ρίνου
401 4480 439 4545 ιός
464 4480 496 4538 δὲ
519 4481 644 4553 βραχέως
672 4477 813 4551 εὑρῆσθαι
842 4480 1029 4549 συντεμόντα,
1061 4476 1236 4550 σίνταόγειαν
1263 4477 1340 4535 εἶναι
1368 4480 1419 4532 τοῦ
