3218 5000
637 443 679 484 nn
702 444 841 486 sarvam
865 443 973 485 annun
1309 426 1371 489 219

319 590 514 669 †Arcturus
538 600 587 654 est
607 588 662 655 illc
685 613 782 677 quem
797 590 907 655 Latini
929 605 1225 655 snrunnraronun
1248 589 1370 670 dicunt,
1383 573 1482 648 142*

200 708 204 719 '
235 695 290 780 qui
313 701 436 780 septem
459 692 626 757 stellarum
648 692 750 757 radiis
769 691 900 779 fulgens
922 694 957 757 in
980 714 1015 756 se
1039 693 1111 778 ipso
1134 691 1301 757 reuolutus
1322 715 1373 756 ro·

233 804 335 875 tatur,
368 796 424 882 qni
450 794 524 858 ideo
539 810 758 858 rnavsrnvm
791 803 928 859 uocatur
959 792 1035 881 quia
1066 796 1100 857 in
1126 793 1256 859 modum
1282 793 1373 858 uehi-

233 896 298 962 culi
322 896 465 961 uoluitur
487 907 519 961 et
541 895 637 961 modo
658 905 725 960 tres
751 896 795 961 ad
817 918 943 961 summa
967 894 1074 961 eleuat
1103 894 1198 960 modo
1220 903 1374 981 quattuor

213 1000 380 1064 sinclinat.
422 999 476 1063 hic
497 1008 605 1063 autem
624 998 658 1062 in
678 998 760 1063 caeli
782 1020 844 1063 axe
867 999 1060 1063 constitutus
1081 1018 1208 1083 semper
1227 1006 1375 1061 uersatur

234 1111 266 1165 et
288 1123 466 1188 numquam
488 1101 659 1187 mergitur:
705 1100 763 1165 scd
785 1123 858 1165 cnm
880 1101 915 1165 in
939 1122 974 1164 se
995 1101 1066 1188 ipso
1090 1099 1232 1165 uoluitur
1253 1108 1286 1163 et
1307 1120 1374 1163 nox

234 1203 353 1269 finitur.
395 1218 532 1268 neurus
555 1201 651 1267 stella
671 1209 721 1267 est
738 1224 823 1289 quac
842 1200 1021 1288 plaustrum
1044 1201 1078 1267 id
1102 1209 1151 1266 est
1172 1201 1374 1286 septemtrio-

233 1327 308 1370 nem
328 1304 488 1391 seqnitur‚
514 1306 570 1392 qui
598 1306 695 1369 etiam
726 1302 767 1369 ab
797 1304 939 1391 antiquis
969 1319 1227 1368 sacrosanta
1256 1302 1375 1369 dicitur

234 1409 304 1472 siue
334 1422 448 1471 ursos
481 1421 630 1490 sacros,
666 1407 752 1470 unde
780 1416 813 1470 et
841 1406 973 1494 quidam
1001 1428 1073 1471 eam
1109 1407 1374 1492 septemtrionem

200 1525 225 1565 ¹⁰
235 1509 399 1574 dixerunt.
438 1508 523 1572 hanc
546 1516 695 1595 spectant
721 1510 897 1598 praecipue
919 1510 974 1595 qui
1000 1509 1159 1595 nauigare
1184 1516 1374 1575 noscuntur.

236 1610 287 1696 [de
311 1631 377 1698 qua
393 1610 564 1675 Lucanus:

233 1801 296 1834 nam
315 1784 416 1835 stellae
435 1784 535 1834 eadere
554 1799 608 1833 non
631 1790 758 1849 possunt,
785 1800 898 1850 quarum
922 1790 1022 1834 natura
1040 1790 1082 1834 est
1106 1788 1136 1835 ut
1158 1790 1234 1835 stent
1256 1801 1372 1852 semper.

235 1854 304 1903 unde
335 1858 363 1902 et
392 1852 491 1971 stpllpp
518 1850 671 1901 uocantur!
709 1853 745 1902 cf.
770 1852 860 1902 Schol.
886 1854 991 1903 Lucan.
1015 1851 1112 1902 Phars.
1136 1853 1160 1901 V
1183 1851 1232 1903 562
1254 1852 1375 1905 Isidorus

236 1920 489 1985 mgfflh.

278 1938 296 1987 g
321 1986 391 2043 tlt*
407 1988 529 2039 Isidorus
553 1987 587 2037 de
609 1993 711 2038 natura
734 2004 822 2037 rerum
841 1989 944 2038 XXVI:
970 1989 1025 2038 ‘De
1048 1989 1205 2039 nominibus
1229 1995 1372 2041 astrorum.

233 2056 351 2122 Legitur
369 2058 397 2107 in
409 2057 458 2106 Iob
472 2056 583 2106 dicente
596 2056 719 2106 domino:
736 2055 872 2120 Numquid
885 2059 1051 2119 coniungere
1070 2055 1149 2105 uales
1161 2057 1296 2109 micantes
1307 2059 1374 2109 stel-

233 2125 276 2176 las
293 2126 401 2190 pliades
421 2128 449 2174 et
466 2139 560 2189 gyrum
580 2125 683 2177 arcturi
700 2124 804 2189 poteris
816 2124 962 2190 dissipare.
990 2124 1121 2188 numquid
1133 2124 1260 2190 producis
1277 2126 1374 2176 lucife-

233 2210 292 2243 rum
316 2195 345 2244 in
364 2200 487 2257 tempore
510 2207 560 2241 sno
583 2198 612 2242 et
634 2208 779 2255 uesperum
797 2206 880 2257 super
897 2191 969 2242 filios
988 2197 1079 2242 terrae
1098 2208 1264 2258 consurgere
1283 2194 1374 2245 facis?

235 2267 263 2311 et
286 2262 385 2313 iterum
404 2261 486 2311 alibi:
511 2261 565 2322 Qui
584 2261 655 2309 facit
674 2265 812 2310 arcturum
830 2265 860 2310 et
872 2260 1001 2310 Orionem
1021 2265 1049 2308 et
1065 2260 1187 2324 Hyades.
1223 2261 1303 2312 Haeo
1326 2278 1373 2313 no·

234 2330 310 2379 mina
328 2329 471 2380 stellarum
489 2326 552 2376 dum
571 2329 598 2377 in
617 2329 762 2393 scripturis
780 2329 868 2378 sacris
880 2327 996 2393 legimus
1014 2328 1094 2377 uanis
1108 2328 1297 2379 deliramentis
1309 2347 1373 2396 poe-

234 2402 324 2448 tarum
349 2398 495 2447 adsensum
513 2412 567 2444 non
586 2396 784 2461 praebeamus,
810 2396 855 2461 qui
875 2395 954 2446 falsis
973 2396 1148 2461 opinionibus
1166 2397 1221 2447 ista
1244 2398 1272 2447 in
1291 2400 1374 2450 astris

234 2482 267 2515 ea
286 2467 424 2517 hominurn
443 2463 598 2514 nominibus
617 2463 661 2513 uel
681 2465 798 2513 aliarum
817 2468 1004 2514 creaturarum
1022 2464 1167 2514 uocabulis
1185 2466 1373 2531 inposuerunt.

234 2536 275 2583 ita
294 2535 367 2585 enim
385 2532 528 2583 stellarum
547 2531 717 2596 quarundam
734 2531 880 2598 gentilium
899 2532 1041 2599 sapientes
1060 2533 1171 2582 nomina
1189 2535 1262 2583 sicut
1277 2539 1304 2584 et
1317 2535 1373 2585 die·

234 2618 291 2652 rum
311 2602 478 2652 indiderunt.
511 2600 580 2664 quod
600 2615 665 2650 uero
684 2600 771 2650 isdem
789 2600 945 2650 nominibus
964 2616 1045 2650 sacra
1057 2601 1143 2650 utitur
1154 2602 1301 2667 scriptura,
1319 2619 1374 2653 non

234 2687 326 2720 eorum
350 2669 454 2719 idcirco
477 2683 566 2717 uanas
589 2669 723 2734 adprobat
748 2668 875 2729 fabulas,
900 2669 948 2719 sed
973 2668 1081 2719 faciens
1105 2685 1138 2719 ex
1156 2670 1238 2719 rebus
1256 2671 1373 2720 nisibili·

233 2738 284 2787 bus
302 2736 483 2787 inuisibilium
507 2751 596 2786 rerum
620 2736 722 2801 liguros
745 2752 779 2786 ea
797 2737 909 2786 nomina
926 2753 975 2802 pro
994 2737 1152 2801 cognitione
1171 2738 1308 2789 hominum
1328 2756 1374 2805 po·

234 2806 276 2855 nit
300 2821 370 2870 quae
394 2805 451 2854 late
476 2808 541 2853 sunt
559 2805 687 2867 cognita,
712 2811 742 2853 ut
761 2804 892 2870 quidquid
909 2806 1080 2869 incognitum
1099 2806 1239 2871 significat
1262 2807 1374 2859 facilins

232 2890 282 2937 per
306 2874 333 2923 id
357 2873 427 2939 qnod
452 2878 494 2921 est
523 2873 662 2936 cognitum
692 2873 818 2922 humanis
845 2873 973 2923 sensibus
1002 2873 1168 2924 innotescat.
1209 2876 1375 2925 Arcturus

233 2942 359 3005 (consadit
377 2941 495 2991 isidorus
518 2957 571 2989 cum
593 2946 665 2989 arete
689 2942 796 3004 oratore)
889 2942 994 2990 finita
1003 2957 1022 2990 r.
1064 2958 1114 3007 per
1136 2941 1208 2993 hunc
1238 2950 1373 2994 arcturum

233 3009 260 3060 id
280 3015 322 3059 est
339 3008 563 3074 septemtrionem
589 3007 736 3058 ecclesiam
760 3009 920 3074 septenaria
943 3009 1046 3059 uirtute
1066 3009 1216 3075 fulgentem
1235 3011 1374 3076 intellegi·

233 3094 301 3128 mus.
337 3094 401 3126 nam
419 3077 491 3126 sicut
509 3076 538 3125 in
558 3092 609 3125 axe
629 3076 702 3125 caeli
720 3082 845 3127 arcturus
864 3092 971 3141 semper
990 3077 1139 3127 inclinatur
1157 3094 1303 3144 rursusque
1322 3081 1373 3129 eri-

233 3147 320 3211 gitur,
346 3146 386 3194 ita
410 3143 533 3193 ecclesia
552 3143 670 3193 diuersis
695 3145 803 3208 quidem
822 3145 1039 3195 aduersitatibus
1057 3145 1226 3209 humiliatur,
1246 3148 1294 3197 scd
1312 3164 1374 3198 mox

233 3228 402 3279 consurgens
421 3227 469 3276 spe
489 3217 517 3260 et
534 3211 683 3262 uirtutibus
702 3211 836 3275 eleuatur,
857 3219 885 3262 et
897 3214 969 3262 sicut
988 3214 1122 3264 extribus
1140 3215 1230 3264 stellis
1250 3220 1278 3264 et
1296 3222 1373 3279 quat·

233 3287 294 3332 tuor
310 3281 464 3346 septentrio
483 3279 617 3339 efficitur,
641 3282 682 3328 ita
706 3279 828 3330 ecclesia
841 3297 875 3329 cs
887 3280 940 3330 lide
958 3281 1095 3331 trinitatis
1114 3287 1142 3331 et
1165 3284 1374 3347 operationibus

233 3355 362 3414 quattuor
385 3349 518 3397 uirtutum
540 3347 735 3413 principalium
759 3354 970 3398 consummatur.
1013 3365 1046 3398 ex
1069 3349 1122 3399 fide
1148 3351 1220 3400 enirn
1239 3355 1266 3400 et
1285 3353 1373 3416 operi·

232 3418 282 3467 bus
306 3418 385 3467 borno
409 3415 583 3465 iustificetur.
620 3416 747 3466 Bootes
836 3417 1047 3479 ostenditur,
1077 3418 1148 3483 quod
1178 3418 1241 3468 aliis
1264 3419 1374 3484 penitus

231 3501 286 3535 non
310 3490 354 3533 est
371 3483 502 3533 traditum
520 3483 615 3548 signis.
652 3483 693 3532 his
717 3492 809 3534 autem
832 3484 921 3534 stellis
941 3485 976 3534 ab
996 3502 1028 3535 eo
1047 3485 1118 3550 qnod
1135 3490 1240 3551 septem
1259 3493 1322 3537 sunt
1347 3492 1375 3538 et

231 3553 374 3618 splendide
386 3553 503 3612 micant,
524 3552 615 3600 sancti
628 3567 720 3600 omncs
732 3554 887 3617 septiformi
898 3554 1011 3619 spiritus
1022 3554 1125 3604 uirtute
1137 3553 1275 3620 fulgentes
1288 3556 1373 3621 signi·

232 3621 364 3683 ficantur;
378 3621 413 3669 ab
427 3636 459 3669 eo
474 3623 564 3669 autem
576 3619 646 3682 quod
658 3619 712 3669 sibi
725 3622 883 3670 uiciuantur
895 3622 944 3672 sed
956 3637 1011 3673 non
1023 3638 1053 3672 sc
1068 3623 1239 3687 contingunt,
1254 3623 1374 3675 caritate

317 3800 330 3851 l
349 3789 387 3848 de
403 3796 522 3848 arcturo
542 3783 547 3868 Η
568 3797 704 3848 arctinus
721 3793 823 3849 ACDE
837 3792 874 3851 de
887 3804 1037 3852 arcturam
1054 3804 1192 3854 arcturus
1210 3791 1246 3852 Β1
1273 3795 1310 3854 de
1327 3817 1373 3855 ar-

231 3888 300 3936 turo
315 3885 451 3934 arcturus
467 3870 509 3931 13²
525 3872 538 3955 Η
552 3874 604 3934 ille
618 3886 665 3932 est
682 3877 788 3933 BCllE
806 3872 819 3957 Η
840 3880 1077 3956 septentrionem
1096 3884 1120 3938 A
1136 3876 1149 3962 Η
1164 3879 1247 3939 dicut
1268 3878 1304 3939 21¹
1321 3902 1373 3941 uo·

232 3972 302 4021 cant
318 3962 366 4019 CI)
380 3956 394 4041 Η
409 3964 558 4039 ‘tsepteui
576 3956 615 4045 B}
628 3961 761 4039 septenis
772 3960 812 4020 Β)
828 3960 841 4044 Η
856 3965 922 4041 ipse
937 3960 976 4021 B¹
994 3962 1007 4041 Η
1022 3974 1039 4028 3
1053 3967 1287 4045 qui—-uocatur
1302 3972 1373 4027 Am.

226 4069 276 4122 pr.
301 4063 391 4119 super
410 4063 483 4103 vers.
505 4050 621 4121 scripsit
642 4041 656 4126 Η
678 4065 756 4124 quae
774 4050 796 4103 (l
809 4043 821 4127 Η
836 4048 972 4126 plaustro
990 4045 1028 4106 Βι
1045 4052 1057 4122 ΙΙ
1073 4051 1184 4110 ueiculi
1201 4050 1240 4109 B¹
1257 4047 1302 4133 114
1318 4063 1374 4112 aA

231 4154 267 4192 a*
280 4135 306 4190 Β
320 4127 333 4212 Η
350 4150 465 4189 summo
481 4133 661 4191 Asnmmom
681 4127 718 4188 Βι
735 4129 748 4213 Η
763 4132 886 4191 eleuant
905 4129 944 4191 B¹
962 4128 974 4214 Η
989 4146 1004 4197 5
1019 4133 1118 4193 hic-
1128 4136 1307 4216 perturbant
1318 4159 1372 4196 om.

230 4221 297 4276 ,diu
314 4236 372 4291 quo
385 4235 473 4273 unum
486 4220 588 4293 felium
609 4219 724 4276 excidit.
741 4220 780 4293 rs.
798 4220 919 4276 Becker.
931 4222 961 4277 b.
977 4223 994 4277 i.
1010 4215 1024 4297 Η
1039 4229 1201 4301 dnumqna
1217 4219 1256 4278 B¹
1274 4220 1287 4299 Η
1302 4223 1372 4299 dugi-

230 4312 280 4362 tur
294 4299 330 4360 Βι
346 4299 359 4382 Η
374 4308 390 4363 7
406 4301 518 4361 Bootes
538 4303 641 4360 BCDE
653 4296 667 4383 Η
682 4303 919 4384 septentrionem
936 4306 1039 4363 BCDE
1052 4300 1065 4387 Η
1080 4314 1098 4367 8
1113 4307 1252 4365 artolilax
1271 4310 1375 4366 BCDE

232 4384 244 4467 Η
257 4398 274 4450 9
287 4382 389 4447 sibiB¹
406 4381 420 4467 Η
436 4408 495 4445 *rs
509 4395 610 4446 arctus
623 4384 658 4444 B¹
676 4386 689 4468 Η
708 4397 935 4467 lorsspectant
947 4393 974 4447 B
987 4385 1002 4473 Η
1016 4392 1152 4471 precipis
1162 4388 1199 4449 Βι
1216 4388 1229 4473 Η
1244 4404 1373 4452 noscunt

230 4474 381 4531 Beckerus
396 4468 409 4552 Η
426 4483 453 4534 11
477 4475 613 4530 Lucanus
633 4475 738 4534 Phara
758 4475 879 4534 111252
