3194 5004
270 403 332 464 516
685 420 719 462 nr
733 420 832 463 vrrau
846 420 996 462 rnnanrn

269 573 448 635 Suetonium
462 572 596 632 locutum
612 572 816 652 emissumque
831 592 850 630 a
860 570 992 631 librariis
1006 568 1189 630 vocabulum
1201 571 1244 630 sie
1260 590 1408 632 revocan-

272 674 341 734 dum
358 695 443 735 esse:
461 691 510 733 seu
525 677 642 733 studio
652 678 830 749 percipiendi
841 676 1011 732 Graecorum
1025 678 1145 732 instituta
1159 688 1312 749 moresque.
1330 674 1408 733 Nam

269 789 302 837 et
318 777 421 837 durior
437 786 483 837 est
498 796 588 856 quam
604 778 655 857 qui
676 776 750 836 satis
770 776 893 855 placeat
908 775 1039 855 simplex
1054 763 1231 864 pereipiendi
1249 776 1408 853 genetivus

271 900 288 939 e
304 898 488 960 praegresso
499 897 606 937 caune
622 888 724 958 aptus,
748 887 779 937 et
797 878 914 957 aliquid
933 877 1071 955 languidi
1089 875 1182 936 babet
1199 876 1280 957 quod
1303 897 1321 935 e
1340 897 1407 957 pro·

269 982 335 1041 dita
354 983 385 1041 in
400 985 453 1039 ΑΒ
468 981 614 1041 memoria
624 983 807 1055 percipienda
824 979 1111 1057 eodexReginensis
1130 979 1246 1038 effecit:
1267 983 1306 1038 ed
1319 984 1409 1055 perci-

265 1088 382 1160 pienda.
419 1083 502 1143 Casu
517 1083 632 1141 faetum
654 1091 701 1141 est
722 1091 755 1140 ut
778 1083 809 1140 in
829 1082 965 1141 sua-vita
979 1081 1118 1141 Terentii
1139 1084 1228 1140 studio
1243 1102 1310 1141 *erem
1329 1086 1409 1141 decli·

270 1190 360 1245 nendi
373 1188 429 1244 odii
442 1195 497 1243 tam
511 1188 614 1243 Graeci
626 1187 730 1259 inpenii
738 1187 940 1258 perscrutandi
952 1182 1138 1242 Polentonus
1157 1192 1295 1261 poneret.

354 1287 430 1365 Pagi
444 1286 534 1360 ΒΜ
550 1287 623 1345 item
637 1284 811 1365 probandus
827 1286 958 1345 Rothius
974 1285 1056 1366 quod
1070 1305 1125 1344 non
1135 1289 1255 1358 perinde
1274 1306 1312 1345 ex
1326 1293 1350 1344 A
1364 1305 1409 1345 re-

269 1391 368 1469 cepit,
384 1389 443 1448 hac
461 1388 628 1449 sententia:
650 1391 770 1468 ‘utpote
791 1406 867 1467 quos
887 1387 1021 1448 nondum
1036 1386 1110 1446 satis
1128 1386 1167 1445 ad
1183 1388 1342 1447 veritatem
1359 1407 1409 1446 ex·

270 1493 436 1571 primeret.’
469 1482 645 1570 Simplicern
662 1491 752 1563 enim,
772 1508 852 1570 quae
866 1491 1009 1567 vulgatur
1027 1490 1091 1549 sine
1106 1490 1279 1567 negatione,
1295 1493 1411 1564 perinde

271 1593 452 1672 particulam
468 1594 527 1651 etsi
549 1594 626 1650 ratio
649 1590 771 1671 quidem
790 1611 851 1651 non
871 1591 1012 1671 prohibet
1028 1592 1185 1671 quominus
1204 1593 1249 1650 sic
1264 1588 1409 1670 interpre-

271 1703 338 1754 tere
358 1697 408 1753 ‘ut
423 1714 475 1754 eos
491 1685 669 1773 prorsus'ad
686 1694 848 1752 veritatem
863 1694 1072 1772 exprimeret’,
1087 1704 1189 1751 tamen
1203 1692 1288 1752 aliud
1303 1693 1412 1753 suadet

272 1816 344 1855 usus
366 1796 582 1856 Suetonianus.
619 1794 811 1874 Vbicumque
833 1797 929 1870 enim,
954 1797 1002 1854 eui
1023 1795 1096 1875 quid
1120 1804 1324 1874 comparetur,
1350 1812 1411 1853 non

272 1897 469 1978 subsequenti
490 1916 524 1955 ec
545 1898 597 1957 vel
621 1907 703 1973 eque
723 1895 736 1973 (
742 1898 839 1957 semel
857 1917 940 1973 patum
962 1899 1053 1958 Dom.
1076 1896 1125 1976 15)
1150 1888 1410 1976 Ριιτῆοὼρὴηο

273 1999 416 2074 edicitur,
438 2001 488 2059 bic
504 2001 633 2079 scriptor
650 2003 768 2075 perinde
784 1999 935 2058 vocabalo
952 2000 997 2059 ita
1011 2008 1127 2059 tantum
1146 2000 1245 2058 locum
1268 1998 1353 2058 dedit
1367 2008 1410 2073 ut,

273 2122 331 2182 quo
350 2101 425 2162 illud
438 2110 602 2183 spectaret,
620 2122 657 2162 ex
674 2103 748 2181 ipsis
758 2103 947 2181 praegressis
962 2100 1064 2161 verbis
1078 2100 1315 2178 intellegeretur.
1339 2101 1410 2161 Vel·
1474 2134 1478 2155 .

270 2213 315 2265 nt
329 2204 387 2263 Iul.
410 2212 445 2267 56
465 2214 595 2280 quartam
612 2208 803 2263 elementorum
822 2207 954 2275 litteram,
978 2208 1007 2262 id
1026 2213 1105 2261 este
1119 2222 1177 2278 pro
1197 2214 1232 2273 A,
1253 2213 1279 2261 et
1292 2207 1412 2277 perinde
1500 2258 1505 2265 .

273 2308 323 2379 [h.
341 2330 368 2365 e.
395 2305 540 2386 ‘perinde
561 2297 652 2386 atque
667 2319 691 2364 D
709 2326 764 2386 pro
783 2306 832 2377 A']
852 2309 974 2381 retiquae
993 2314 1137 2364 commutet
1144 2327 1151 2381 3
1180 2306 1231 2364 vel
1248 2303 1356 2363 Claud.
1380 2315 1412 2366 14

272 2427 324 2467 aec
341 2426 453 2483 semper
473 2414 652 2482 praescripta
671 2413 759 2485 lepum
775 2417 884 2465 secatur
903 2411 1032 2466 duritiem
1054 2411 1240 2492 lenitatemque
1255 2411 1411 2479 multarum,

273 2530 312 2570 ex
329 2528 416 2585 nequo
432 2523 457 2569 et
473 2514 541 2569 bono
557 2513 674 2583 perinde
689 2514 817 2590 [‘atque
834 2529 873 2568 ex
891 2511 987 2568 iusto*
1003 2509 1168 2586 intellege]
1189 2520 1220 2567 ut
1238 2510 1411 2585 afficerem,

274 2614 433 2671 moderatus
447 2621 497 2671 eet.
534 2610 649 2671 Contra
664 2632 730 2670 cum
750 2613 913 2688 negatione
929 2613 1075 2672 sociatum
1089 2614 1210 2686 perinde
1223 2611 1304 2670 idem
1322 2613 1412 2670 etiarn

274 2715 319 2775 sic
343 2714 480 2786 admisit,
501 2722 535 2772 ut
553 2712 599 2771 rei
613 2722 807 2792 comparatae
826 2716 908 2772 notio
930 2734 991 2773 non
1007 2712 1177 2791 significata
1200 2711 1301 2772 verbis
1320 2722 1412 2790 esset,

274 2815 329 2876 sed
346 2817 537 2875 extrinsecas
555 2813 768 2875 adsciscenda:
793 2817 878 2875 cuius
894 2817 1016 2892 generis
1028 2823 1076 2875 sat
1091 2815 1257 2892 singularia
1271 2815 1413 2895 exempla

275 2925 406 2978 exstant.
451 2917 488 2975 In
504 2918 568 2975 vita
582 2916 663 2996 Aug.
684 2927 720 2980 80
740 2921 890 2976 coxendice
908 2928 935 2977 et
953 2921 1061 2994 senwre
1082 2927 1108 2976 et
1126 2900 1212 2975 crure
1226 2922 1337 2977 einim
1356 2937 1412 3003 nort

270 3023 391 3095 perinde
405 3022 515 3077 uolebat
532 3018 616 3077 facili
631 3038 705 3078 sane
727 3020 911 3097 cogitatione
930 3018 1051 3079 additur
1067 3025 1178 3099 ‘atque
1196 3019 1334 3078 dertro’:
1358 3018 1413 3078 sed

275 3141 355 3203 quae
371 3121 442 3181 Tib.
458 3128 493 3182 52
513 3121 614 3199 posita
629 3129 699 3180 sunt
713 3127 804 3196 itaque
818 3139 854 3179 ne
868 3132 972 3181 mortno
983 3125 1091 3198 'quidem
1104 3126 1219 3197 perdide
1231 3124 1349 3196 effectas
1363 3131 1413 3195 eet,

274 3225 348 3283 item
363 3221 453 3283 Galb.
471 3232 504 3285 13
533 3226 772 3296 quaerendumne
788 3226 845 3282 dns
862 3243 917 3283 non
930 3226 1049 3303 perinde
1064 3226 1243 3298 preterisset,
1266 3243 1328 3282 non
1342 3244 1411 3303 pos·

276 3334 346 3385 sunt
360 3325 451 3383 aliam
467 3325 528 3383 vim
542 3322 656 3385 habere
670 3326 730 3384 nisi
748 3324 885 3405 ‘perinde
901 3336 993 3405 atque
1010 3323 1158 3399 debebat,
1176 3335 1269 3406 atque
1285 3344 1411 3386 consen-

274 3436 398 3487 taneum
413 3436 488 3501 erat,
508 3434 602 3507 atque
617 3429 792 3507 exspectari
807 3429 946 3508 poterat'.
977 3430 1015 3488 In
1032 3428 1222 3508 eandemque
1238 3436 1356 3507 partem
1373 3426 1411 3487 de

275 3529 422 3589 Terentio
437 3527 533 3588 verba
547 3529 601 3588 illa
616 3529 845 3609 interpretanda
860 3539 938 3589 sunt.

360 3630 476 3690 Ibidem
494 3653 523 3690 v.
541 3613 570 3691 θ’.
604 3635 699 3708 epredi
712 3632 888 3712 simpliciter
905 3634 962 3692 etsi
981 3632 1056 3693 satis
1073 3634 1183 3692 usitate
1200 3632 1340 3693 dicuntur
1361 3632 1413 3712 qui

276 3732 327 3793 vel
345 3741 445 3793 caetra
461 3734 512 3793 vel
533 3750 643 3793 navem
659 3734 709 3792 vel
727 3743 845 3812 portum
867 3734 1057 3814 relinquunt,
1079 3743 1180 3794 tamen
1196 3735 1336 3795 ‘Romae'
1361 3734 1413 3794 vel

277 3833 380 3894 ‘urbis'
397 3838 480 3895 notio
494 3856 557 3895 non
570 3837 667 3913 magis
679 3837 774 3901 omitti
790 3838 888 3914 potuit
903 3857 991 3917 quam
1008 3835 1168 3896 cuiuslibet
1184 3837 1261 3896 alius
1276 3838 1345 3911 loci,
1362 3855 1413 3895 cu·

275 3937 323 3996 ius
341 3937 463 4017 quidem
479 3958 540 3998 non
553 3948 636 3999 esset
646 3938 677 3995 in
699 3938 743 3996 eis
761 3958 840 4018 quae
853 3938 1043 4018 praecedunt
1062 3940 1174 3998 mentio
1192 3938 1276 3997 faeta
1291 3948 1325 3998 ut
1341 3938 1411 3999 Tib.

276 4047 319 4101 21.
333 4029 400 4100 Cal.
415 4049 459 4113 58,
476 4040 557 4099 alibi.
573 4040 664 4117 Quod
674 4060 741 4098 cum
753 4042 912 4101 sanissimo
923 4041 1034 4100 iudicio
1047 4040 1197 4120 Stephani
1208 4041 1344 4121 quisquis
1357 4042 1414 4100 fuit

278 4142 392 4200 amicus
402 4133 565 4213 sensisset,
581 4152 682 4199 tamen
697 4143 907 4220 interpositum
919 4142 957 4202 ab
970 4143 1023 4201 illo
1040 4146 1136 4201 erdem
1150 4142 1332 4202 vocabulum
1347 4163 1412 4201 rec-

278 4241 337 4301 tius
360 4242 450 4301 etiam
471 4244 502 4301 in
524 4228 689 4301 ablativum
709 4244 845 4303 Muretus
868 4247 1010 4317 mutavit,
1033 4244 1063 4303 id
1088 4243 1169 4323 quod
1190 4265 1251 4304 non
1273 4245 1412 4304 Suetonii

278 4350 411 4417 tantum,
427 4343 483 4403 sed
505 4343 830 4424 communisloquendi
852 4345 1038 4407 consuetudo
1057 4347 1166 4423 exigit,
1189 4346 1246 4405 nisi
1265 4344 1318 4405 ubi
1338 4346 1413 4406 fines

280 4447 325 4504 rei
340 4444 500 4504 cuiuslibet
515 4447 637 4505 transiri
655 4446 804 4509 dicuntur.
842 4449 890 4508 De
906 4468 965 4527 quo
982 4447 1127 4522 breviter,
1134 4448 1200 4509 used
1216 4447 1356 4527 adposite
1373 4447 1413 4507 ad
