3186 4996
138 418 142 427 .
214 369 234 431 6
587 342 633 423 'nn
659 383 744 424 risis
769 381 981 423 rnnvsrnrsvs

214 556 235 598 a
255 532 481 618 Theophrasto
504 532 550 594 ita
572 529 708 594 definita
730 536 794 592 cst:
836 527 1004 615 τραγῳδία
1026 525 1117 591 ἐστὶν
1139 517 1284 611 ἡρωϊκῆς
1305 517 1360 588 τύ-

134 672 141 681 ·
214 657 272 719 χης
293 635 495 716 περίστασις,
529 630 715 716 tragoedia,
736 639 773 694 ut
794 629 942 715 quidam,
965 651 985 692 a
1003 624 1114 715 τράγῳ
1136 637 1169 692 et
1187 618 1257 715 pap*
1272 627 1361 691 dicta

216 745 280 818 est,
301 734 454 822 quoniam
477 733 554 797 olim
581 730 746 797 actoribus
774 733 909 815 tragicis
937 724 1073 814 τράγος,
1103 730 1137 794 id
1167 738 1215 793 est
1239 729 1360 808 hircus,

133 896 138 903 .
216 837 396 924 praemium
417 844 533 900 cantus
550 822 886 922 proponebatur,'qui
901 831 1110 897 Liberalibus
1133 832 1185 896 die
1204 832 1288 925 festo
1306 829 1360 893 Li·

215 938 294 1003 bero
324 936 410 1024 patri
433 935 558 1002 abhoc
581 937 689 1023 ipsum
711 933 959 1018 immolabatur,
992 936 1086 1021 quia,
1114 942 1150 996 ut
1171 931 1383 1025 Varrolaitffi

216 1029 398 1125 depascunt
416 1023 534 1120 uitem3
578 1051 611 1102 et
632 1036 790 1103 Horatius
813 1037 847 1099 in
869 1046 939 1101 arte
961 1036 1104 1122 poetica:

343 1141 487 1202 carmine
509 1140 565 1227 qui
584 1139 711 1224 tragico
738 1137 837 1202 uilem
854 1140 1000 1202 certauit
1020 1137 1061 1202 ob
1084 1124 1222 1215 hircum,

344 1262 423 1306 mox
445 1241 543 1305 etiam
565 1242 705 1326 agrestis
727 1249 855 1326 satyros
878 1236 1038 1321 nudauit,

218 1350 251 1404 et
271 1339 438 1426 Vergilius
458 1342 494 1405 in
514 1344 689 1428 georgicon
709 1342 868 1424 secundo,
892 1364 965 1405 cum
986 1348 1017 1404 et
1040 1339 1125 1409 sacri
1146 1336 1251 1424 'genus
1273 1360 1361 1402 mon-

218 1450 303 1506 strat
323 1451 356 1506 et
378 1462 511 1509 causam
533 1445 609 1508 talis
631 1437 757 1513 hostiae
779 1443 889 1508 reddit
907 1441 959 1506 his
982 1440 1149 1505 uersibus:
1365 1466 1389 1506 m

347 1544 413 1608 non
435 1544 535 1610 aliam
556 1546 598 1611 ob
620 1544 747 1631 culpam
769 1544 899 1609 Baccho
922 1564 1020 1628 caper
1039 1540 1189 1606 omnibus
1212 1541 1289 1607 aris,

346 1645 501 1710 caeditur.

218 1745 274 1810 alii
298 1757 407 1809 autem
429 1755 545 1834 putant
566 1769 586 1810 a
609 1746 718 1828 faece,
747 1766 844 1833 quam
867 1745 1068 1811 Graecorum
1097 1742 1229 1831 quidam
1259 1735 1363 1824 τρύγα

219 1846 399 1935 appellant,
423 1838 626 1932 tragoediam
648 1849 846 1912 nominatam
875 1868 935 1934 per
952 1845 1163 1911 mutationem
1182 1844 1362 1908 litterarum

218 1950 294 2012 vin
318 1971 339 2011 α
366 1970 480 2031 uersa,
510 1950 663 2035 quoniam
693 1948 769 2014 olim
791 1949 935 2015 nondum
957 1948 1106 2036 personis
1132 1948 1164 2032 [a
1186 1944 1395 2032 Thospidelu

218 2049 355 2135 repertis
371 2048 453 2114 tales
469 2049 598 2114 fabulas
620 2051 770 2137 peruncti
793 2072 850 2114 ora
870 2049 1017 2115 faecibus
1032 2049 1218 2134 agitabant,
1240 2055 1276 2110 ut
1293 2068 1363 2110 rur-

219 2171 290 2213 sum
314 2160 365 2214 est
385 2150 542 2215 Horatius
563 2153 656 2215 testis
679 2154 742 2216 sic:

218 2286 223 2353 Ι
243 2277 263 2367 ᾖ
279 2281 359 2367 recogi
372 2281 425 2367 τὴν
437 2280 526 2368 τργγα
545 2282 578 2339 δὲ
596 2282 649 2355 τὴν
662 2283 848 2368 ὃωρογμένην
863 2287 867 2353 Ι
884 2278 945 2368 tipus
963 2283 1014 2367 τόγ
1026 2282 1109 2367 alvos
1125 2278 1234 2352 Ἀττικῷ
1252 2278 1365 2343 παντως

219 2356 291 2421 λογῳ
305 2354 344 2422 lp
363 2371 413 2407 τον
431 2372 537 2421 τραγον
556 2349 588 2406 dl
607 2353 656 2407 ael
669 2372 846 2423 τετραγωνον
858 2371 957 2408 στασιν
972 2356 976 2421 l
991 2374 1009 2423 η
1023 2373 1075 2422 την
1087 2353 1251 2420 τραγῳδίαν
1268 2369 1297 2404 τε
1315 2349 1365 2404 καὶ

219 2421 400 2489 θρηνῳδίαν.
419 2425 574 2474 Euanthius
588 2424 621 2474 de
636 2425 731 2476 fabula
743 2426 805 2475 init.
826 2425 868 2474 cd.
888 2414 1095 2490 Lindenbrogfl!
1110 2423 1235 2473 ‘Initium
1254 2427 1364 2502 tragoe-

138 2516 143 2525 ι
218 2491 281 2540 diae
301 2498 330 2541 st
352 2492 513 2541 comoediae
532 2508 549 2541 a
572 2492 653 2543 rebus
672 2493 775 2543 diuinis
794 2498 835 2543 cst
854 2492 1027 2553 inchoatum,
1047 2492 1145 2556 quibus
1163 2506 1211 2556 pro
1229 2491 1364 2539 fructibus

218 2565 284 2623 uota
301 2558 441 2609 soluentes
460 2560 646 2624 operabantur
665 2561 780 2625 antiqui.
818 2575 881 2609 nam
903 2560 1024 2608 incensis
1043 2560 1098 2609 iam
1117 2559 1252 2609 altaribus
1271 2564 1299 2607 et
1317 2558 1364 2606 ad-

218 2632 290 2675 moto
308 2626 385 2674 hirco
405 2626 432 2674 id
465 2642 532 2675 enus
546 2627 689 2685 carminis,
711 2627 781 2692 quod
800 2642 880 2676 sacer
898 2626 996 2676 chorus
1014 2626 1149 2675 reddebat
1162 2626 1262 2675 Libero
1282 2625 1364 2690 patri,
1423 2685 1426 2691 1

218 2693 363 2758 tragoedia
387 2641 545 2742 dicelratur:
570 2694 615 2743 uel
639 2688 697 2745 α’πὸ
720 2693 770 2744 τοῦ
793 2685 900 2757 τράγον
922 2689 972 2743 καὶ
996 2690 1046 2758 τῆς
1064 2684 1154 2759 ᾠδῆς,
1191 2693 1244 2743 hoc
1269 2698 1310 2741 est
1329 2692 1364 2742 ab

217 2760 307 2821 hirco,
331 2760 409 2809 hoste
434 2761 577 2810 uinearum
596 2768 624 2810 et
648 2778 664 2810 a
689 2762 845 2821 cantilens3
882 2762 941 2810 eius
959 2761 1049 2825 ipsius
1065 2762 1105 2809 rei
1128 2761 1201 2826 apud
1219 2759 1364 2824 Virgilium

217 2827 300 2891 plena
313 2826 343 2876 lit
361 2828 477 2878 mentio:
495 2829 541 2878 uel
559 2828 630 2893 quod
642 2829 718 2878 hirco
732 2828 886 2878 donabatur
898 2829 958 2877 eins
971 2829 1101 2877 carminis
1114 2834 1210 2893 poeta,
1230 2826 1276 2877 uel
1295 2827 1365 2892 quod

217 2899 279 2944 uter
297 2895 356 2945 eius
375 2895 456 2944 musti
475 2896 572 2963 plenus
595 2896 726 2946 sollemne
745 2895 895 2961 praemium
915 2896 1074 2946 cantoribus
1092 2896 1198 2957 fuerat,
1228 2895 1274 2945 uel
1294 2895 1364 2960 quod

218 2977 266 3012 ora
283 2978 334 3012 sua
346 2963 472 3013 faecibus
490 2963 666 3029 perlinebant
683 2964 788 3014 scenici
808 2969 872 3026 onte
890 2980 967 3014 usum
981 2980 1159 3029 personarum
1178 2964 1212 3014 ab
1228 2962 1365 3027 Aeschylo

217 3037 365 3094 repertum·
400 3032 495 3081 faeces
520 3033 592 3081 enim
610 3031 738 3081 dicuntur
756 3031 864 3081 Graece
882 3024 990 3097 τρύγες.
1029 3048 1062 3081 er
1084 3032 1127 3082 tris
1146 3032 1254 3096 quidem
1273 3032 1366 3081 causis

217 3097 378 3163 tragoediae
396 3114 496 3149 nomen
510 3106 552 3148 est
564 3098 730 3149 inuentum'
750 3100 876 3149 Donatus
894 3100 927 3150 de
947 3099 1090 3150 comoedia
1109 3099 1151 3148 ed.
1164 3099 1364 3163 Lindenbrog.:

198 3164 324 3229 ‚⁴Caper
341 3181 459 3231 namque
477 3183 526 3232 pro
544 3167 624 3218 donis
641 3167 684 3218 his
703 3167 834 3229 dabatur,
855 3168 920 3232 quia
937 3168 1042 3218 ultibus
1064 3167 1174 3217 nonium
1194 3167 1298 3216 animal
1316 3166 1364 3216 ha·

217 3232 347 3282 bebatur:
367 3250 384 3282 a
403 3236 553 3298 quostiam
571 3236 733 3301 tragoediae
750 3251 850 3285 nomen
868 3242 991 3286 exortum
1005 3242 1046 3286 est
1059 3271 1153 3285 .....
1173 3234 1297 3284 nonnulli
1317 3249 1363 3283 au·

217 3305 273 3350 tem
291 3316 332 3350 err
344 3315 456 3351 amurca
475 3300 540 3368 [olei
558 3303 623 3353 faex
636 3320 706 3368 qnae
721 3310 762 3354 est
779 3303 875 3354 humor
888 3301 1032 3369 aquatilis]
1053 3302 1223 3369 tragoediam
1241 3302 1298 3351 dici
1316 3317 1364 3351 uo-

219 3369 330 3432 carique
349 3369 504 3421 maluerunt
522 3407 528 3419 .
543 3406 550 3419 .
565 3407 593 3421 ..
613 3371 730 3436 Thespis
754 3378 846 3422 autem
864 3372 965 3436 primus
984 3372 1053 3421 haec
1076 3369 1180 3434 scripta
1198 3369 1226 3418 iu
1245 3370 1364 3419 omnium

150 3489 154 3495 ,
217 3437 345 3486 notitiam
362 3438 485 3501 protulit.
521 3444 618 3503 postes
641 3438 793 3504 Aeschylus
817 3445 927 3490 secutus
951 3439 1102 3504 exemplum
1124 3438 1288 3502 publicauit.
1330 3437 1363 3487 de

323 3635 336 3685 l
365 3625 553 3684 atheofrasto
578 3626 823 3686 A'utheofrasto
850 3630 877 3685 B
897 3636 929 3686 ut
964 3647 999 3685 eo
1028 3626 1123 3683 srasto
1151 3627 1186 3684 M
1214 3621 1227 3704 ΙΙ
1260 3634 1362 3705 tragy·

218 3708 269 3771 dia
289 3717 337 3768 est
360 3710 490 3768 erotices
513 3710 642 3789 thyches
666 3711 824 3790 peristasis
851 3717 875 3769 A
897 3711 1030 3789 tragidia
1051 3718 1097 3769 est
1112 3711 1264 3769 heretices
1283 3708 1364 3786 (ero-

216 3794 313 3852 ticass
335 3793 381 3868 M)
399 3793 508 3872 tyches
533 3797 692 3874 peristasis
710 3799 770 3854 ΒΜ
794 3792 807 3877 Η
832 3806 849 3857 2
875 3804 1031 3872 atragoeto
1061 3794 1183 3855 dedicta
1206 3799 1260 3854 AB
1285 3805 1363 3854 atro-

216 3876 315 3954 goede
336 3878 419 3936 dicta
436 3880 470 3935 M
487 3874 500 3962 ll
525 3879 714 3941 {tectoribus
740 3883 911 3940 Caesarius:
931 3879 1103 3939 auctoribus
1125 3884 1214 3939 ΑΒΜ
1232 3876 1246 3963 ll
1260 3890 1364 3957 tragos

216 3964 304 4019 ΑΒΜ
322 3956 337 4043 ΙΙ
354 3971 373 4025 ‘6
390 3963 422 4020 in
437 3974 502 4022 arte
516 3963 650 4045 poetica]
668 3986 692 4024 ν.
713 3973 771 4025 220
789 3962 833 4043 [17
855 3967 969 4042 tragico
986 3967 1014 4022 B
1034 3967 1153 4042 tragica
1171 3971 1196 4025 A
1217 3968 1365 4042 tragicam

215 4048 251 4103 M
267 4040 280 4127 ll
300 4056 318 4109 8
336 4054 366 4105 et
382 4056 502 4126 satyros
519 4050 604 4129 (saty
620 4052 660 4127 B)
686 4052 815 4127 agrestis
836 4051 961 4108 nouauit
984 4052 1073 4107 ΑΒΜ
1090 4051 1103 4127 {l
1128 4050 1295 4109 nominauit
1318 4054 1361 4106 cd.
1418 4086 1422 4093 ·

214 4135 307 4204 princ.
324 4126 337 4211 ll
352 4141 368 4193 9
380 4133 411 4189 in
422 4134 590 4210 georgicon
604 4132 753 4213 secundo]
773 4156 796 4193 o.
812 4142 870 4193 380
884 4130 898 4215 ll
914 4144 947 4197 13
962 4135 1050 4193 afcce
1064 4137 1098 4191 M
1107 4137 1204 4193 afl'eoe
1218 4133 1362 4191 Bati‘ecte

215 4220 241 4272 A
256 4212 269 4294 Η
283 4224 375 4294 tryga
389 4220 413 4275 A
434 4218 512 4294 triga
524 4220 556 4276 M
570 4220 649 4296 tirga
661 4223 688 4276 B
703 4215 717 4300 Η
735 4229 897 4282 reuersum
911 4221 999 4277 ΑΒΜ
1012 4215 1025 4300 ΙΙ
1041 4239 1059 4277 a
1074 4216 1230 4296 Thespide
1243 4220 1362 4281 seclusi,-

204 4299 388 4378 ·athesipido
403 4303 461 4379 ΑΜ
470 4302 620 4381 atesipide
635 4307 663 4361 B
677 4298 691 4383 ll
708 4313 740 4367 16
752 4323 870 4363 rursum
880 4306 914 4362 M
922 4324 1010 4362 rursu
1025 4308 1049 4360 A
1063 4321 1166 4361 rursus
1183 4305 1209 4359 B
1224 4296 1237 4381 ΙΙ
1256 4308 1286 4363 17
1298 4301 1361 4359 Ηο·
1424 4298 1428 4303 ’

214 4380 323 4462 ratius]
340 4391 374 4445 de
395 4394 459 4445 arec
471 4394 588 4460 poetica
608 4393 666 4445 275
