3202 4998
703 431 806 469 car‘r‘r
825 431 862 468 ιιι
1291 412 1348 469 tot

213 599 313 658 neque
334 588 435 637 tamen
457 580 509 637 rel
533 599 601 638 eum
624 581 677 658 qui
703 578 866 638 chronicon
892 579 1028 638 condidit
1052 582 1148 657 ipsum
1175 580 1353 639 Suetonium

213 680 327 738 adiisse
342 690 423 758 puto.
457 681 651 739 consentiunt
668 681 748 738 enim
766 680 831 739 eius
850 688 995 758 excerpta
1018 681 1238 757 complurimis
1256 672 1355 739 Grae·¹

214 785 317 839 'corum
334 782 630 860 chronographorum
649 782 740 851 locis,
756 791 788 838 ut
804 781 952 859 adpareat
967 780 1022 839 hos
1038 802 1099 839 non
1113 781 1209 839 solum
1223 780 1354 839 eundern

214 900 281 939 curn
294 902 329 940 eo
342 891 497 941 auctorem
508 882 564 940 sed
576 892 607 941 et
619 881 749 941 eundem
763 881 845 939 illius
859 884 1087 959 epitomatorem
1099 884 1195 962 sequi.
1212 884 1271 940 iam
1284 902 1353 957 cum

215 991 334 1042 constet
348 984 468 1042 illorum
482 1004 667 1043 communem
685 985 799 1042 fontem
814 984 955 1043 Africani
977 985 1250 1062 chronographiam
1273 1003 1352 1057 esse,

215 1086 307 1143 etiarn
317 1086 461 1143 Latinum
477 1086 640 1145 chronicon
657 1107 695 1145 ea
707 1086 766 1144 hoc
778 1095 923 1166 excerpta
932 1106 989 1145 saa
1000 1087 1187 1160 Suetoniana
1199 1080 1353 1163 reccpilse

129 1177 134 1187 ¹
214 1196 308 1264 patet.
377 1232 381 1238 .
1059 1186 1062 1193 ’

302 1286 425 1363 Quibus
450 1290 481 1347 in
504 1290 641 1367 reliquiis
666 1290 778 1369 optime
803 1288 902 1367 qualis
925 1292 1003 1348 ratio
1029 1288 1158 1347 Santoni
1181 1290 1354 1369 antiquaria

216 1390 309 1448 luerit
325 1391 472 1448 cernitur.-
488 1410 549 1469 qna
566 1400 599 1448 ut
615 1392 705 1449 Servi
721 1394 804 1451 Aen.
820 1392 869 1470 XI
885 1398 934 1453 ter
952 1390 1063 1449 iudicio
1079 1391 1117 1449 cle
1125 1391 1264 1450 Varrone
1278 1411 1352 1468 pau·

216 1492 277 1550 lum
299 1493 446 1550 inmutato
467 1500 535 1550 utar
558 1470 800 1570 expugnatorem
826 1492 940 1572 ubique
969 1512 1075 1551 sacrae
1103 1495 1266 1551 momoriae
1291 1494 1352 1551 Rc·
1389 1569 1393 1579 Ι

216 1612 371 1651 manorum
386 1612 421 1651 se
434 1602 584 1669 praestat,
606 1614 697 1673 quarn
717 1595 824 1651 misere
842 1596 872 1652 in
891 1593 1121 1653 similitudinem
1141 1595 1354 1655 vilissimarum

217 1695 511 1753 narratiuncularum
536 1698 679 1774 corrupit.
723 1695 830 1753 lanum
856 1706 886 1754 ct
910 1695 1074 1754 Saturnum
1096 1706 1129 1753 nt
1148 1697 1222 1756 deos
1246 1698 1353 1771 omisit,

216 1796 295 1855 nihil
311 1806 448 1855 sanctum
463 1797 548 1856 illum
565 1797 770 1877 septenarium
788 1818 945 1856 numerum
960 1818 1064 1873 regum
1079 1799 1283 1858 Romanorum
1302 1820 1353 1857 cu·

216 1909 281 1970 rat,
299 1918 368 1956 curn
380 1899 485 1956 Titum
500 1899 624 1958 Tatium
643 1899 771 1957 inserat:
803 1910 833 1956 at
851 1899 994 1974 vulgares
1012 1900 1081 1957 illas
1100 1900 1220 1957 fabulas
1238 1900 1352 1958 dello·
1415 1912 1417 1917 ’

216 2001 288 2058 muli
304 2010 334 2058 et
346 2000 497 2079 Tarquini
512 2019 587 2058 nece
606 2011 635 2057 ct
651 1999 690 2058 de
703 2002 822 2059 Numae
836 2010 866 2057 et
878 2001 1028 2079 Tarquini
1044 2003 1176 2059 inventis
1188 2004 1355 2079 praecipua

220 2120 292 2159 cura
306 2111 485 2179 persecutus
503 2111 559 2159 est.
592 2110 624 2158 nt
645 2101 788 2159 iudicium
806 2100 888 2179 quod
902 2102 1106 2173 Mommsenus
1119 2101 1143 2159 l.
1161 2123 1187 2161 c.
1203 2122 1232 2179 p·
1248 2112 1300 2163 600
1316 2103 1354 2161 de

216 2200 274 2259 lrac
292 2204 410 2260 ratione
426 2202 515 2259 facit:
542 2205 614 2259 crach
626 2214 706 2275 poert
723 2206 765 2269 die
778 2208 903 2276 peistlosc
918 2206 1104 2277 Bcorhciluap
1118 2207 1166 2259 cles
1183 2208 1356 2277 Saqrrrslcffr

218 2315 299 2361 ariter
316 2308 387 2360 allen
410 2306 565 2361 riiurisrlrea
581 2304 799 2378 Schristatcllcrm
822 2324 867 2360 am
883 2304 974 2363 besica
995 2312 1047 2376 sltr
1071 2309 1172 2361 Sueten
1192 2309 1244 2361 alcu
1265 2306 1354 2362 Manu

217 2408 267 2461 der
283 2406 478 2461 Antickcmbre
493 2408 550 2461 arrd
564 2408 615 2462 cler
628 2409 782 2463 Aueccotcn
798 2407 995 2464 iustissimum
1010 2404 1161 2464 videatur.
1181 2407 1226 2463 sic
1242 2406 1355 2465 laetum

218 2514 263 2583 est
278 2515 434 2564 utrumme
446 2489 551 2566 favore
564 2528 582 2565 a
595 2506 775 2566 Christianis
787 2507 849 2566 illis
863 2507 1098 2584 chronographis
1109 2510 1297 2567 Suetoniana
1309 2530 1354 2567 re·

216 2628 287 2685 gum
302 2590 509 2666 Romanorum
525 2609 650 2666 historia
664 2612 872 2686 exciperetur,
889 2612 1000 2688 quippe
1017 2610 1127 2687 quibus
1142 2610 1219 2668 tales
1231 2610 1355 2668 fabulae

218 2709 256 2767 de
271 2711 436 2786 originibus
448 2710 554 2790 populi
566 2712 694 2770 Romani
708 2711 866 2770 admodum
880 2712 1046 2790 placarent.
1059 2711 1099 2770 cf.
1110 2712 1288 2770 Mommsen.
1302 2713 1321 2770 l.
1330 2734 1354 2770 c.

216 2822 314 2890 politi.
331 2813 594 2872 ubiMommscnus
610 2813 741 2872 sibinen
755 2814 927 2873 constitisse
943 2813 1071 2885 videtur,
1087 2834 1154 2872 cum
1167 2814 1355 2873 Christianos

217 2916 299 2994 ipsos
312 2915 366 2975 has
374 2914 493 2974 fabulas
501 2916 709 2993 confingentes
718 2915 821 2974 faciat.
835 2936 905 2975 nara
914 2937 943 2994 p.
952 2916 1221 2978 cooeasdemfalsa
1233 2916 1356 2997 quidem

218 3021 480 3096 argumentatione
492 3019 547 3079 sed
559 3028 642 3079 recto
658 3029 760 3078 tamen
775 3021 827 3078 illc
842 3020 955 3078 iudicio
968 3040 1040 3079 usus
1057 3023 1204 3080 Suetonio
1220 3022 1333 3080 tribuit.

303 3122 399 3201 Sequi
414 3120 505 3180 iuheo
516 3125 652 3179 ludicram
662 3125 803 3181 historiam
815 3121 908 3180 idest
923 3119 1063 3180 ludorum
1074 3123 1237 3195 historiam,
1254 3123 1285 3182 in
1297 3144 1356 3203 qua

217 3223 416 3302 inscriptione
429 3223 508 3282 idem
521 3244 594 3283 usus
606 3223 752 3283 adiectivi
765 3225 949 3302 conspicitur
963 3234 1055 3301 atque
1068 3225 1097 3283 in
1110 3225 1196 3282 titulo
1207 3226 1356 3284 naturalia

219 3326 364 3383 historiae
377 3327 529 3384 Pliniana.
549 3346 636 3403 porro
653 3327 808 3384 simillima
822 3324 998 3405 estGracca
1009 3326 1105 3382 Iubae
1119 3326 1275 3404 inscriptio
1282 3332 1354 3383 θεα-

218 3420 304 3502 τρικὴ
317 3425 438 3505 ἱστορία.
448 3426 584 3486 ludicrae
597 3429 689 3504 igitur
701 3428 847 3485 historiae
861 3425 972 3485 diserte
982 3427 1108 3504 primum
1116 3426 1224 3485 librum
1234 3424 1355 3487 Gellius

218 3531 297 3589 VllI
312 3537 342 3603 7,
358 3540 376 3591 3
395 3528 517 3605 (fragm.
534 3528 596 3604 181)
613 3530 736 3587 citavit:
763 3539 867 3607 partes
883 3529 948 3586 eius
964 3527 1113 3586 indicavit
1128 3527 1250 3601 Suidas,
1266 3551 1356 3609 quem

219 3634 309 3690 ctiam
324 3631 461 3691 hocloco
484 3641 587 3710 partes
603 3630 725 3709 quidem
743 3650 799 3687 nec
817 3638 917 3687 tamen
937 3630 1044 3688 librum
1062 3650 1122 3708 qno
1139 3631 1210 3689 illac
1223 3638 1355 3710 'conpre-

218 3734 425 3794 henderentur
439 3752 529 3792 nosse
549 3733 685 3812 adparet.
716 3732 771 3791 sed
791 3752 829 3790 nc
845 3740 948 3812 partes
964 3732 1087 3810 quidem
1107 3753 1210 3792 omnes
1227 3736 1255 3793 ei
1270 3737 1355 3793 iano·

220 3837 314 3895 tuiaso
332 3835 492 3907 videntum
522 3834 673 3913 siqnidem
694 3834 811 3894 ludicra
833 3836 959 3895 historia
980 3855 998 3892 a
1015 3835 1196 3915 Tranquillo
1218 3835 1371 3902 absoluta,

220 3947 275 3999 est.
309 3938 403 3997 habet
418 3939 498 3997 enirn
512 3938 590 3995 hacc
619 3940 650 3995 in
676 3938 776 4015 eapite
807 3937 953 4014 catalogi:
984 3933 1096 4014 ἔγραψε
1118 3933 1184 4012 περὶ
1207 3940 1264 3994 τῶν
1284 3930 1355 4015 παρ’

208 4028 331 4114 Ἕλλησι
343 4037 472 4099 παιδιῶν
484 4039 602 4117 βιβλίον
611 4033 654 4096 α’·
671 4035 738 4112 περὶ
751 4038 809 4097 τῶν
821 4028 900 4118 aucei
908 4029 1058 4115 Ῥωμαίοις
1069 4038 1207 4116 θεωριῶν
1218 4035 1269 4097 καὶ
1281 4030 1357 4117 ‹iyni-

219 4162 280 4199 νων
288 4140 390 4218 βιβλία
401 4141 420 4217 β
427 4134 450 4199 't
466 4142 678 4203 desiderantur
690 4143 808 4203 scilicet
820 4131 932 4221 ἀγῶνες
944 4144 1140 4217 Graecorum,
1151 4141 1358 4201 Romanorum

219 4240 345 4300 παιδιαί.
380 4253 473 4324 atque
488 4246 607 4304 illorum
621 4244 734 4307 mentio
750 4246 853 4305 nescio
869 4265 928 4325 quo
945 4266 1018 4303 casn
1035 4247 1066 4304 in
1078 4245 1199 4304 titulum
1217 4244 1357 4303 diversae

219 4347 406 4425 partisquae
420 4346 457 4404 rlc
470 4348 652 4425 spectaculis
664 4348 867 4406 Romanorum
879 4349 993 4425 scripta
1005 4356 1070 4406 erat
1081 4348 1222 4426 inrepsit,
1239 4356 1272 4405 ut
1288 4348 1356 4408 Sui-

220 4446 275 4505 das
287 4448 401 4526 invitus
413 4449 479 4526 ipsc
493 4460 664 4528 corruptam
679 4452 853 4509 memoriam
861 4451 1013 4527 corrigere
1024 4451 1175 4509 videatur.
1188 4449 1226 4509 de
1241 4449 1357 4510 lusibus
