3194 5004
246 400 310 462 496
665 423 698 463 ru
713 424 811 464 vrrarr
827 423 975 464 rennnrrr

244 558 349 630 'Pacta
368 581 488 631 exstare
503 573 537 631 in
553 572 695 632 Vrbinati
712 573 817 633 codice
834 574 978 655 eompeii.
1014 575 1088 633 Non
1107 575 1168 633 nisi
1189 575 1320 653 simplici
1335 595 1386 634 no·

247 674 330 732 mine
346 680 397 732 aut
413 675 584 748 Africanum
600 683 652 734 aut
667 677 841 748 Scipionem,
861 684 913 734 aut
927 678 1041 733 Pbilnm
1057 684 1110 733 aut
1124 655 1247 735 Furium
1262 677 1389 736 Porcius

251 774 342 834 dixit:
365 775 452 849 item,
468 785 502 835 ut
516 778 647 835 Publium
665 777 734 849 ille,
758 777 801 836 ita
815 779 921 851 Afrum
937 777 1114 856 simpliciter
1129 776 1286 837 Volcatius
1308 778 1390 837 infra

249 898 280 955 p.
296 884 344 951 32,
362 888 404 939 10.
426 911 466 919 -
488 876 622 956 Quodsi,
650 879 702 958 qui
728 877 854 938 tandem
879 883 907 936 ei
930 899 1102 958 pronomen
1127 879 1186 938 huc
1211 880 1387 959 inrepserit,

251 979 439 1058 quaesieris,
462 978 645 1058 responderi
660 981 775 1058 peterit
789 1001 912 1059 prorsus
928 982 1070 1060 apposite
1086 980 1125 1040 ad
1146 982 1387 1060 persuasionem.

250 1081 318 1140 Nec
332 1083 413 1140 enim
428 1080 596 1141 ullomodo
613 1080 760 1141 credibile
777 1091 824 1141 est
842 1083 989 1142 inferiore
1010 1084 1077 1142 loco
1095 1083 1289 1156 Suetonium,
1305 1094 1389 1165 post·

251 1204 342 1262 quam
356 1183 493 1243 hortulos
510 1195 557 1241 xx
573 1184 710 1260 iugerum
726 1204 744 1243 a
761 1185 909 1244 Terentio
927 1185 1050 1243 relictos
1065 1187 1319 1259 commemoravit,
1334 1186 1389 1244 mi·

248 1286 399 1344 rationem
426 1285 465 1343 de
492 1286 644 1345 contrario
665 1286 768 1345 Porcii
793 1285 969 1345 testimonio
992 1305 1077 1345 suam
1097 1288 1140 1345 ita
1160 1287 1335 1366 prodidisse
1356 1295 1389 1346 ut

249 1386 336 1446 huius
352 1386 527 1458 versiculos,
546 1388 652 1466 quales
668 1388 772 1467 psello
789 1395 861 1446 ante
877 1388 1015 1465 integros
1033 1389 1264 1467 perscripserat,
1281 1389 1389 1468 putida

250 1486 414 1566 diligentia
440 1508 545 1548 omnes
566 1490 705 1548 iteraret:
733 1489 823 1549 immo
851 1482 1095 1549 consentaneum
1115 1499 1162 1550 cst
1183 1491 1217 1550 iu
1239 1492 1282 1550 eis
1303 1491 1389 1551 illum

249 1589 420 1649 substitisse
437 1609 516 1669 quae
533 1589 573 1649 ad
588 1591 687 1669 ipsam
702 1609 766 1649 rem
781 1591 988 1670 pertinerent,
1011 1610 1070 1650 uec
1084 1600 1147 1650 tam
1162 1610 1304 1653 numeros
1320 1612 1388 1652 ver·

249 1712 334 1750 sumn
350 1712 441 1771 quam
456 1692 518 1749 vim
533 1692 707 1751 sententiae
723 1712 854 1751 curasse.
900 1691 981 1752 Satis
1004 1693 1095 1770 igitur
1111 1702 1177 1752 erat
1199 1694 1277 1753 haec
1292 1714 1387 1774 appo·

158 1835 163 1845 ·
249 1794 361 1852 suisse:
383 1813 439 1867 quo
454 1798 544 1868 alapis
558 1799 648 1852 orirer
663 1796 797 1852 Porcium
814 1797 941 1853 scribere
962 1796 1074 1870 ‘Scipio
1088 1798 1161 1853 nibil
1170 1796 1300 1869 profuit,
1319 1799 1390 1854 nibil

169 1899 174 1911 '
248 1898 377 1965 Laelius,
393 1898 465 1953 nibil
475 1899 601 1956 Furius.-
622 1914 720 1954 eornm
734 1900 781 1959 iile
797 1914 887 1970 opero
901 1915 937 1955 ne
956 1900 1068 1956 domum
1082 1901 1194 1972 quidem
1209 1900 1309 1956 babuit
1321 1917 1387 1957 con·
1442 1912 1448 1924 ·

247 2001 430 2073 ducticioni'3
453 2018 524 2056 nam
545 1999 641 2073 Scipio
665 2018 778 2057 nornen
799 1998 878 2059 nihil
892 2000 1098 2078 praecessisse
1114 2001 1311 2059 consentiens
1327 2020 1388 2059 vex

249 2099 386 2160 codicum
402 2101 529 2174 evincit,
553 2121 569 2160 e
586 2091 694 2181 quibus
710 2120 787 2159 unus
803 2101 991 2178 Baginensis
1013 2105 1085 2160 nibil
1099 2103 1218 2160 Publius
1233 2101 1355 2162 addidit
1370 2121 1387 2161 e

247 2202 315 2262 loeo
331 2203 449 2289 priore,
473 2202 556 2282 quod
572 2210 643 2281 post
658 2202 793 2260 Aldinae
810 2203 989 2261 auctoritate
1004 2203 1105 2263 haesit
1122 2205 1213 2263 etiam
1229 2206 1261 2263 in
1279 2201 1387 2263 editio·

145 2335 148 2342 ·
247 2305 348 2365 nibus.
393 2304 456 2363 Sed
483 2303 600 2384 aliquid
626 2313 730 2363 tamen
756 2304 789 2362 in
809 2322 848 2362 eo
870 2304 953 2382 qued
975 2306 1123 2385 proposui
1145 2307 1285 2386 exemplo
1307 2306 1386 2365 desi·

145 2451 146 2456 η
249 2405 350 2465 derari
375 2406 509 2466 senties:
536 2426 690 2484 personae
710 2405 871 2478 indicium,
899 2406 947 2464 cui
969 2406 1047 2489 nihil
1066 2408 1117 2466 vel
1138 2409 1245 2467 summi
1264 2408 1388 2487 patroni

248 2507 429 2587 profuerint.
474 2509 583 2587 quue
599 2509 698 2586 ipsum
713 2506 790 2566 illud
805 2511 833 2565 ei
845 2515 981 2586 spectat,
1004 2509 1063 2568 hoc
1083 2509 1149 2568 loco
1165 2516 1281 2568 temere
1297 2510 1386 2569 omis·

185 2678 194 2687 ,
248 2631 329 2685 sum,
350 2611 382 2668 in
399 2611 531 2688 priorem
548 2626 586 2669 ex
600 2609 660 2669 hoc
674 2609 802 2668 inlatum
817 2617 848 2668 et
863 2616 914 2668 aut
936 2619 1007 2688 post
1019 2615 1109 2684 scipio
1123 2613 1291 2690 repositum
1305 2622 1338 2671 ut
1352 2613 1386 2670 in

247 2722 354 2773 vetere
369 2712 521 2785 Parisino,
538 2719 590 2770 aut
605 2720 679 2771 ante
690 2731 722 2784 p.
735 2714 824 2783 scipio
839 2708 873 2769 ui
886 2711 919 2769 in
934 2712 1153 2790 Neapolitano.
1170 2711 1263 2791 Quod
1279 2721 1386 2773 contra

248 2835 265 2873 e
280 2815 382 2894 priore
398 2799 465 2874 loeo
481 2813 634 2892 posterior
648 2813 851 2891 interpolatus
868 2821 914 2899 est
930 2833 993 2871 non
1008 2823 1127 2875 tantum
1147 2816 1385 2894 supervacaneis

247 2917 385 2977 versibus
402 2915 519 2975 duobus
536 2914 742 2988 adscitis,.sed
757 2933 859 2973 rursus
870 2919 898 2971 ei
912 2917 1095 2992 pronomine
1107 2917 1220 2975 inferto
1236 2917 1268 2981 in
1283 2917 1385 2995 proxi·

246 3019 302 3078 mis
318 3021 390 3077 nibil
402 3023 429 3076 ei
444 3021 525 3075 lelius
541 3019 613 3074 nibil
624 3018 778 3090 furiana
794 3036 855 3095 qua
869 3017 1109 3095 interpolatione
1125 3019 1183 3077 soli
1197 3017 1286 3077 liberi
1302 3038 1385 3077 man·

247 3128 352 3180 serunt
377 3127 506 3198 uterque
527 3118 684 3177 Parisinus
713 3138 779 3177 eum
798 3119 979 3195 Reginensi.
1001 3152 1043 3161 -
1066 3120 1268 3200 Consequens
1294 3120 1385 3197 igitur

248 3231 294 3283 est
310 3240 349 3281 ex
362 3221 426 3293 his,
449 3214 483 3280 ut
504 3220 649 3280 inferiore
671 3221 738 3279 loco
754 3221 799 3279 sic
819 3221 975 3300 scripserit
996 3221 1176 3281 Suetonius:
1199 3223 1293 3295 Scipio
1316 3224 1387 3279 nibil

245 3330 274 3383 ei
292 3324 421 3399 profuit,
449 3325 521 3382 nibil
534 3326 664 3391 Laelius,
694 3323 767 3379 nibil
792 3309 910 3379 Furius.
955 3321 1159 3403 Quamquam,
1186 3322 1304 3402 absque
1323 3323 1384 3382 fide

245 3426 391 3487 librorum
416 3433 512 3499 esset,
539 3424 644 3484 nescio
668 3444 707 3482 an
728 3424 819 3482 etiam
831 3425 936 3502 magis
959 3426 1140 3503 placiturum
1164 3434 1244 3484 esset
1268 3428 1340 3483 nibil
1359 3428 1387 3483 ei

228 3531 341 3604 Scipio
357 3529 470 3603 profuit
487 3548 513 3587 e.
530 3546 560 3606 q.
577 3547 601 3586 s.

329 3631 405 3709 Peg.
427 3629 522 3697 aab
547 3648 615 3687 cum
631 3646 689 3702 per
715 3633 752 3687 ici
774 3637 885 3702 tempus
907 3628 1007 3689 edidit
1021 3629 1149 3688 Wollius
1169 3647 1226 3706 pro
1249 3646 1284 3686 eo
1302 3626 1383 3706 qued

245 3735 278 3793 in
300 3733 385 3794 libris
402 3741 448 3793 est
469 3750 526 3805 per
544 3735 617 3789 idem
639 3740 762 3804 tempera,
789 3751 853 3790 uon
879 3731 952 3789 iecit
975 3731 1033 3789 bec
1058 3730 1147 3789 metri
1166 3748 1276 3788 caussa
1301 3727 1384 3808 qued

247 3836 321 3896 dicit
345 3835 474 3895 Rothius
507 3855 538 3913 p.
564 3840 615 3896 179
647 3830 744 3911 (nihil
775 3833 855 3892 enim
884 3834 917 3891 in
947 3841 1043 3891 metro
1077 3828 1293 3907 offensionis),
1327 3829 1384 3889 sed

246 3938 329 4017 ipsas
346 3935 502 4015 cogitandi
518 3937 603 4014 leges
619 3944 749 3994 scennis.
793 3935 904 4014 Neque
920 3934 1002 3993 enirn
1017 3933 1053 3992 id*
1065 3934 1179 4011 agitur,
1200 3941 1234 3991 ut
1255 3933 1335 3993 inter
1349 3951 1383 3990 se

246 4039 393 4119 aequales
408 4046 510 4098 aetate
526 4038 620 4097 fuisse
637 4037 827 4116 Scipionem,
843 4035 999 4108 Laelium,
1016 4036 1141 4095 Furium
1156 4033 1310 4106 doceatur,
1326 4032 1383 4094 sed

245 4152 278 4201 ut
303 4142 450 4221 aequales
476 4140 633 4214 Terentii:
662 4138 746 4201 unde
772 4134 850 4197 illud
874 4156 930 4197 sua
955 4144 1068 4216 sponte
1090 4137 1321 4196 consectarium.
1342 4166 1384 4176 -

246 4243 335 4321 Quae
350 4245 554 4323 insequuntur
573 4244 624 4315 qni
637 4244 784 4316 opitobcnt
799 4241 947 4313 facillume
967 4259 1007 4297 ne
1023 4240 1070 4297 cui
1085 4252 1189 4299 morae
1204 4239 1282 4311 sint,
1303 4256 1382 4296 unns

246 4360 355 4405 cavere
381 4352 564 4423 personatus
587 4343 738 4403 Asconius
759 4343 872 4421 poterit
891 4342 925 4401 in
943 4341 1006 4401 Cic.
1032 4338 1255 4398 divinationem
1277 4336 1330 4413 §8
1350 4357 1381 4415 p.

248 4458 297 4510 len
313 4447 366 4506 Or.
382 4448 426 4507 sie
442 4453 677 4505 commentatus:
701 4445 915 4518 ‘difficultatem
936 4443 1018 4501 enim
1037 4450 1251 4521 paupertatem
1265 4439 1382 4516 signifi·
