3186 4996
715 347 756 386 on
773 345 890 391 rosr1s
1050 302 1055 321 ’
1330 323 1370 385 27

225 497 403 586 peruenire
425 490 585 581 poluisse,
620 491 710 557 nullo
732 492 928 561 commercio¹
946 493 1033 559 inter
1053 490 1185 555 Italicos
1214 500 1247 555 et
1271 490 1373 554 Afros

228 600 295 664 nisi
315 605 389 683 post
413 595 552 660 deletam
573 593 812 679 Karthaginem
831 603 961 680 coepto:
979 594 1041 658 ·hic
1061 614 1134 682 cum
1155 590 1267 656 multis
1282 592 1373 656 nobi-

228 700 319 765 libus
341 694 547 769 familiariter
571 696 672 777 uixit,
700 695 760 759 sed
782 692 924 760 maxime
947 716 1020 759 cum
1042 693 1194 779 Scipione
1215 693 1373 757 'Africano

230 810 265 864 ct
285 799 323 863 O.
345 798 477 881 Laelio,
500 796 619 883 quibus
641 797 740 860 etiam
760 798 906 883 corporis
928 798 1035 880 gratia
1050 797 1241 861 conciliatus
1263 795 1374 858 existi-

206 909 349 964 smatur.
388 899 476 987 quod
491 910 524 962 et
543 900 650 987 ipsum
670 896 858 965 Fenestella
878 899 1005 985 arguit,
1024 897 1375 983 contendensutroque

230 1004 388 1066 maiorem
417 1010 497 1065 natu
529 1000 643 1064 fuisse.
696 984 850 1087 'lpuaruuis
883 1009 917 1064 et
943 997 1053 1086 Nepos
1082 998 1234 1085 aequales
1263 1017 1390 1062 omnes-

231 1104 336 1168 suisse
350 1101 460 1167 tradat
479 1109 512 1165 et
529 1101 665 1166 Porcius
683 1103 897 1188 suspitionem
911 1101 952 1166 de
970 1100 1204 1166 consuetudine
1220 1120 1279 1187 per
1294 1096 1375 1161 haee

188 1214 197 1229 ‘
232 1204 368 1273 saciat:·

274 1322 362 1386 Dum
382 1322 550 1386 lasciuiam
570 1320 729 1387 nobilium
751 1329 784 1385 et
802 1319 916 1386 laudes
939 1321 1070 1386 fucosae
1088 1321 1186 1407 petit,

193 1440 222 1480 ¹⁰
275 1424 365 1488 Dum
386 1422 547 1505 Africani
560 1440 672 1487 uocem
696 1408 841 1487 diuinam
863 1423 969 1487 inhiat
988 1421 1095 1486 auidis
1118 1420 1268 1503 auribus,

275 1525 364 1599 Dum
381 1525 425 1590 ad
447 1524 577 1588 Philum
592 1547 635 1589 »se
657 1526 801 1588 cenitare
822 1533 855 1589 et
875 1522 1024 1588 Laelium
1041 1522 1210 1610 pulchrum
1229 1531 1331 1609 putat,

275 1614 364 1691 Dum
384 1628 418 1690 in
440 1622 606 1689 Albanum
630 1625 744 1691 erebro
766 1628 892 1712 rapitur
906 1625 947 1689 ob
967 1624 1079 1690 florem
1097 1625 1214 1688 aetatis
1233 1646 1327 1689 suae:

317 1848 346 1911 33
363 1844 425 1911 tog·
449 1844 523 1909 Aa,
541 1849 571 1909 4;
590 1865 616 1913 p.
636 1846 683 1910 30,
702 1847 718 1899 3
736 1848 863 1899 Donatus
882 1850 910 1897 in
927 1847 1043 1913 Adelph.
1063 1845 1131 1912 prol.
1158 1846 1202 1896 15:
1240 1845 1374 1899 ‘nourrius
1397 1830 1405 1836 ’

232 1917 404 1975 romensi&
502 1932 543 1966 cm
561 1916 723 1966 Africanum
741 1917 882 1983 signifieat
901 1921 929 1967 et
945 1916 1074 1966 Laelium
1089 1915 1257 1982 ‘Sapientem
1277 1921 1305 1966 at
1322 1917 1375 1997 Fu-

269 2184 275 2191 ·
321 2164 331 2218 1
350 2153 501 2233 potuisset
522 2155 554 2211 St
573 2148 587 2234 11
611 2156 785 2213 commertio
805 2158 840 2212 E.
866 2156 1009 2214 comertio
1025 2156 1125 2229 02le
1144 2149 1158 2234 ss
1179 2154 1324 2233 italiquos
1342 2158 1375 2213 A.

229 2241 364 2323 ytalicos
381 2240 439 2296 ΟΠ.
455 2238 545 2296 italos
560 2243 588 2296 F
607 2233 620 2319 ΙΙ
641 2238 859 2298 ‘ldebellaturn
872 2242 899 2297 D
919 2236 933 2320 ΙΙ
952 2239 1145 2315 kartaginem
1166 2240 1253 2296 Bon.
1279 2248 1376 2297 carta·

232 2327 334 2402 ginem
352 2327 387 2381 A.
413 2314 620 2400 carthaginem
641 2328 729 2381 ceteri
749 2318 763 2404 ΙΙ
787 2332 875 2402 cepto
899 2327 987 2381 ΑΒΕ.
1012 2332 1100 2401 capto
1122 2322 1148 2381 'C
1167 2316 1181 2404 ΙΙ
1202 2323 1378 2395 3affricano

234 2412 320 2468 BCI).
337 2407 503 2485 aphricauo
525 2410 575 2473 ΕΖ
590 2406 603 2489 Η
618 2418 635 2468 4
651 2408 686 2468 O.
701 2412 761 2467 AF.
780 2429 847 2466 curn
862 2414 952 2467 ceteri
965 2403 978 2487 ΙΙ
992 2408 1064 2467 lelio
1079 2410 1183 2466 BCDZ
1195 2404 1208 2487 Η
1225 2406 1328 2488 etiam]
1346 2418 1377 2466 et

210 2566 212 2571 ι
233 2497 285 2552 BC
298 2490 311 2573 ll
326 2493 426 2569 gratia
445 2512 500 2549 om.
518 2495 547 2551 C.
563 2493 788 2572 pulchritudino
804 2496 840 2552 B.
856 2494 930 2552 flore
943 2496 971 2550 Ι)
986 2487 999 2575 ss
1021 2493 1156 2552 conlians
1173 2498 1201 2552 E
1213 2488 1228 2577 ss
1243 2507 1258 2556 5
1277 2488 1309 2550 ὀὶ
1333 2493 1375 2570 (n.

233 2598 257 2637 e.
276 2575 379 2655 etiam)
396 2578 424 2633 Ι)
443 2570 457 2657 [1
467 2575 586 2656 turguit]
614 2577 704 2637 docet
723 2582 750 2636 B
770 2571 784 2658 ΙΙ
804 2586 908 2639 §natu
925 2580 1071 2637 maiorem
1086 2582 1121 2637 F.
1143 2580 1288 2638 maiorem
1307 2572 1389 2636 nam*

233 2667 262 2721 Ε
279 2657 293 2742 ΙΙ
314 2668 345 2721 et
365 2663 496 2719 Rothins.
521 2681 559 2721 ex
574 2667 607 2721 A.
625 2683 684 2721 cor.
700 2665 788 2721 BCI).
805 2664 956 2723 cornelius
972 2661 1030 2722 ΕΖ.
1047 2672 1077 2721 et
1093 2660 1243 2722 cornelius
1259 2666 1301 2736 F,
1323 2665 1354 2720 St
1368 2658 1377 2744 ll

234 2748 360 2826 equales
380 2749 402 2803 Z
417 2741 460 2828 {li
481 2746 583 2805 tradat
593 2752 627 2805 A.
646 2746 740 2806 tradit
759 2753 850 2806 cereri
867 2742 881 2830 ll
897 2745 938 2828 et]
955 2748 1011 2807 sed
1028 2751 1051 2806 G
1067 2743 1080 2829 Η
1095 2749 1221 2807 Porcius
1244 2750 1285 2805 St.
1307 2768 1376 2827 por-

233 2832 293 2890 tius
314 2835 394 2899 libri,
420 2834 481 2888 nisi
498 2836 575 2905 qnod
593 2833 694 2911 potius
711 2825 763 2911 GH
779 2834 975 2911 suspitionem
992 2836 1075 2891 AEZ.
1094 2833 1296 2911 suspicionem
1314 2836 1377 2890 DF.

234 2917 452 2994 suspictionem
469 2918 502 2973 G.
521 2936 575 2975 om.
591 2919 643 2975 BC
655 2911 669 2998 ll
683 2916 780 2974 hocIl
795 2910 808 2997 ll
822 2918 925 2978 &fecit
943 2921 967 2976 G
982 2911 1081 2999 119-
1088 2936 1121 2990 p.
1134 2926 1215 2991 28,7
1234 2920 1298 2975 Non
1307 2921 1378 2975 sniis
1399 2990 1401 2999 ‚
1461 2982 1467 2997 .

231 3004 345 3075 felicem
356 3005 385 3057 in
398 3003 443 3057 iris
454 3005 638 3060 restituendis
650 3018 769 3075 operam
778 3003 908 3076 Scaiiper
919 3007 1095 3077 consumpsit
1105 3006 1255 3060 Animado.
1271 3006 1376 3081 inlin-

233 3089 290 3144 seb.
303 3105 336 3158 p.
355 3091 413 3142 144
426 3101 470 3159 sq.
488 3088 533 3142 ed.
551 3090 611 3151 alt..
627 3088 815 3161 infeliciorem
827 3089 949 3149 Builrius
962 3090 992 3145 in
1007 3088 1110 3146 Beelcii
1125 3088 1226 3146 Oornm.
1239 3106 1298 3157 soe.
1306 3090 1378 3161 phil.

233 3174 313 3243 Lips.
337 3171 370 3242 Ι,
390 3188 424 3243 p.
448 3176 487 3227 34
506 3187 566 3243 sq„
587 3173 811 3245 infelicissimus
840 3175 987 3231 Wnlchius
1001 3175 1123 3230 Emend.
1139 3177 1250 3235 Liuius.
1268 3192 1301 3247 p.
1322 3177 1380 3229 143

233 3274 295 3329 sqq.
314 3256 375 3311 Nec
392 3257 510 3312 mrum
520 3256 649 3328 profecit
672 3257 795 3313 Rothins
816 3250 829 3338 Η
850 3265 867 3319 9
884 3255 1028 3316 lasciuiae
1039 3260 1092 3316 BC
1103 3252 1117 3338 Η
1132 3257 1239 3315 laurles
1255 3258 1378 3315 fucosae

222 3346 272 3413 A,
296 3341 425 3411 Wolfius.
444 3340 568 3397 fucosae
584 3338 693 3398 laudes
703 3342 790 3398 Bou.
806 3343 944 3399 tuscosas
960 3341 1068 3401 laudes
1080 3346 1166 3401 ΕΓΖ.
1179 3341 1308 3400 furiosas
1325 3340 1377 3398 da-

235 3424 289 3484 des
304 3427 332 3481 D
346 3416 360 3503 ll
378 3433 409 3483 lo
423 3422 560 3482 affricam
579 3425 627 3481 CI)
642 3418 656 3506 Η
671 3444 778 3496 uocem
793 3425 927 3484 diuinam
941 3426 1038 3485 inhiat
1057 3430 1200 3486 Muretus.
1217 3419 1378 3485 nocerium

234 3520 265 3567 et
281 3508 402 3567 inhuius
418 3515 450 3565 et
464 3511 497 3565 A.
512 3527 589 3566 uoce
612 3508 715 3567 diuina
736 3509 832 3567 inhiat
849 3515 952 3581 ceteri,
970 3516 1028 3569 nisi
1041 3517 1118 3586 quod
1133 3512 1210 3569 iniat
1225 3512 1266 3582 Β,
1282 3509 1379 3568 inihat

235 3597 258 3652 G
270 3588 283 3674 ll
299 3592 422 3651 auribus
441 3591 539 3651 auidis
554 3596 583 3652 F
596 3587 609 3673 ll
626 3604 654 3656 ll
677 3593 798 3652 Philum
813 3596 942 3652 Roilaeius.
966 3591 1023 3654 tirsi
1034 3600 1067 3655 A.
1089 3598 1197 3656 furium
1213 3599 1303 3653 ceteri
1317 3588 1330 3675 ΙΙ
1345 3613 1378 3652 se
1419 3606 1425 3619 ’

235 3698 289 3736 om.
311 3680 339 3735 F
355 3672 626 3771 llpocnitareEE,
656 3679 716 3737 Vct.
742 3672 959 3738 coemitare‘Z.
989 3690 1112 3741 cantare
1134 3684 1168 3739 A.
1199 3689 1323 3739 eantare
1339 3682 1378 3737 G.

234 3782 318 3821 coem
343 3772 393 3820 tae
410 3764 447 3820 B.
466 3771 641 3841 coemptare
663 3763 692 3820 C.
709 3781 839 3822 coenare
862 3767 980 3837 Wolfius
996 3786 1028 3824 se
1046 3766 1084 3825 ad
1102 3766 1228 3825 Furium
1244 3774 1378 3839 transpo-

234 3864 304 3904 nens
322 3782 340 3927 ll
358 3844 465 3904 lelium
496 3849 624 3906 ABODZ
641 3842 654 3929 ll
675 3847 834 3925 pulchrum
854 3857 941 3927 putat
960 3853 1000 3923 A,
1024 3854 1088 3911 Ale.
1110 3857 1198 3929 putat
1221 3850 1379 3928 pulchrum

233 3935 322 3990 ceteri
345 3925 358 4011 ll
387 3938 419 3990 12
443 3930 526 3988 Dum
551 3934 583 3990 in
606 3931 761 3990 Albanum
783 3931 888 3991 crebro
919 3935 1035 4013 rapitur
1062 3938 1185 4010 expulso
1210 3938 1380 4009 glossemate

234 4017 416 4073 Iiiisclielius.
440 4014 512 4073 dum
531 4036 565 4076 se
584 4017 677 4075 amari
701 4015 740 4074 ab
754 4016 803 4076 his
824 4017 930 4077 credat
951 4019 1057 4079 crebro
1073 4022 1104 4079 in
1125 4019 1269 4079 albanum
1290 4013 1380 4098 rapit‘

234 4098 275 4175 (n.
292 4117 318 4158 e.
334 4098 467 4178 rapitur)
477 4102 514 4158 'A.
534 4101 605 4159 dum
621 4118 655 4159 se
670 4102 766 4181 amari
786 4100 885 4161 abhis
905 4103 1000 4163 eredit
1017 4106 1123 4164 crebro
1140 4103 1280 4179 (craebro
1293 4102 1331 4179 F)
1348 4105 1379 4163 in

225 4183 377 4242 albanum
397 4184 464 4263 rapi
485 4190 575 4244 ceteri
595 4184 667 4263 (ruisi
684 4190 761 4258 quod
782 4186 890 4265 rapido
906 4208 964 4262 pro
984 4190 1051 4268 rapi
1075 4190 1112 4249 ob
1139 4188 1192 4265 G):
1226 4194 1275 4247 seiri
1291 4190 1377 4245 lrisco

233 4272 294 4327 Aia.
313 4272 378 4326 Alio
391 4272 456 4326 olim
473 4272 517 4327 via
539 4274 611 4329 inita
631 4279 673 4327 esi
687 4272 812 4345 Parery.
831 4274 926 4330 Plani.
944 4276 974 4343 I,
991 4294 1023 4348 p.
1044 4281 1102 4333 637
1116 4292 1159 4347 sq.
1177 4274 1265 4343 (Mus.
1282 4276 1375 4330 ercu.

233 4371 262 4411 u.
279 4355 309 4424 Ι,
317 4373 351 4428 p.
367 4358 426 4411 148
441 4356 498 4428 sq.)
514 4349 528 4435 ΙΙ
543 4354 582 4413 ob
596 4357 630 4429 A,
648 4342 748 4414 8!de
760 4360 852 4414 ceteri
858 4367 979 4430 praeter
994 4362 1017 4417 G
1032 4353 1046 4439 ΙΙ
1062 4359 1150 4417 etatis
1165 4358 1216 4414 ΒΖ
1230 4352 1243 4437 ΙΙ
1258 4377 1313 4417 sue
1327 4360 1380 4417 ΕΖ
