3220 5022
648 410 792 455 arnicas
814 415 970 456 usercam
1310 404 1372 466 333

228 559 446 623 contentione.
484 560 586 645 igitur
606 560 642 623 in
663 558 798 623 Etruria
819 561 905 623 inter
925 569 1051 625 eeteros
1070 562 1153 625 ritus
1172 566 1374 648 superstitio-

229 677 307 721 num
330 680 463 724 suarum
485 660 672 747 spectacula
693 678 822 754 quoqne
843 660 1012 744 religionis
1035 664 1164 726 nomine
1188 666 1372 728 instituunt.

229 758 306 823 inde
329 760 469 826 Romani
493 763 667 825 arcessitos
696 759 838 824 artifices
860 766 1050 825 mutuantur
1076 771 1204 848 tempus
1226 772 1372 828 enuntia-

229 862 367 943 tionem,
395 870 432 925 nt
455 861 526 925 ludi
553 884 574 925 a
596 860 701 948 Lydis
723 869 931 924 uocarentur.
978 861 1035 925 sed
1061 864 1123 925 etsi
1146 864 1250 927 Varro
1278 865 1373 929 ludos

207 981 250 1024 aa
274 961 408 1026 ludoid
431 972 481 1027 est
507 983 529 1025 a
548 963 624 1026 lusu
648 965 894 1048 interpretatur,
922 964 1008 1026 sieut
1026 971 1058 1027 et
1079 962 1246 1049 Lupercos
1266 966 1373 1029 ludios

228 1061 455 1148 appellabant,
476 1063 563 1150 qnod
585 1062 728 1127 ludendo
750 1062 952 1146 discurrant,
975 1075 1085 1127 tamen
1108 1085 1181 1127 eum
1203 1064 1309 1129 lusum
1326 1053 1377 1129 iu?

229 1184 348 1228 uenum
381 1172 416 1227 et
448 1164 563 1229 diebus
591 1164 686 1227 festis
717 1172 749 1225 et
773 1163 904 1250 templis
933 1174 966 1227 et
993 1164 1207 1249 religionibus
1234 1177 1371 1252 reputat.

230 1264 311 1327 nihil
334 1260 399 1327 iam
423 1265 463 1328 do
485 1286 584 1328 causa
605 1262 773 1344 uocabuli‚
804 1263 881 1326 dum
902 1266 951 1328 rei
978 1287 1079 1328 causa
1106 1266 1291 1331 idololatria
1308 1270 1372 1331 sit.

229 1386 304 1427 nam
327 1373 360 1429 et
381 1387 455 1428 cum
476 1367 662 1451 promiscue
689 1363 758 1427 ludi
782 1363 950 1428 Liberalia
977 1377 1191 1448 uocarentur,
1218 1368 1372 1433 honorem

196 1464 341 1529 roLiberi
371 1467 474 1552 patris
502 1466 676 1529 manifeste
707 1464 878 1528 sonabant.
925 1465 1045 1531 Libero
1074 1470 1158 1530 enim
1192 1490 1212 1531 a
1241 1474 1372 1534 rusticis
1430 1464 1433 1469 ’

228 1567 332 1653 primo
353 1567 476 1631 fiebant
493 1567 534 1630 ob
555 1565 748 1629 beneficium
771 1566 858 1652 quod
881 1566 912 1630 ei
934 1567 1125 1630 adscribunt
1153 1569 1373 1635 demonstrata

229 1670 336 1754 gratia
361 1670 442 1732 uini.
493 1665 615 1732 exinde
643 1666 712 1730 ludi
741 1667 921 1732 Consualia
947 1667 1027 1732 dicti
1057 1669 1112 1754 qui
1135 1671 1227 1733 initio
1250 1669 1372 1755 Neptu·

229 1791 306 1832 num
327 1769 542 1834 honorabant.
585 1768 726 1832 eundem
749 1769 890 1833 enimet
913 1768 1057 1832 Consum
1079 1780 1208 1834 uocant.
1254 1772 1373 1836 dehinc

229 1869 368 1957 Equiria
389 1869 488 1934 Marti
512 1869 670 1933 Romulus
700 1869 799 1950 dixit,
830 1892 1025 1956 quamquam
1056 1869 1112 1933 alii
1140 1881 1173 1934 et
1195 1871 1373 1936 Consualia

195 1971 368 2035 ttRomulo
392 1970 589 2051 defendunt,
618 1970 705 2056 quod
735 1993 773 2034 ea
796 1969 906 2035 Conso
932 1970 1092 2035 dicauerit
1118 1970 1180 2034 deo
1201 1980 1237 2035 ut
1259 1973 1373 2036 uolunt

228 2073 374 2154 consibi,
398 2074 468 2137 eins
492 2073 617 2136 scilicet
637 2094 701 2157 quo
722 2083 800 2135 tunc
821 2072 1016 2136 Sabinarum
1036 2072 1201 2156 uirginum
1222 2074 1371 2159 rapinam

229 2173 388 2238 militibus
410 2174 478 2237 suis
497 2175 531 2236 in
552 2174 759 2236 matrimonia
779 2174 988 2257 excogitauit.
1028 2181 1060 2236 et
1082 2194 1167 2236 nunc
1191 2195 1249 2237 ara
1264 2175 1372 2240 Conso

228 2274 277 2337 illi
299 2276 333 2338 in
354 2277 441 2339 circo
467 2273 601 2338 defossa
622 2284 674 2337 est
695 2274 738 2337 ad
759 2275 880 2359 primas
901 2282 1003 2336 metas
1030 2272 1092 2336 sub
1120 2284 1207 2336 terra
1229 2297 1302 2337 cum
1324 2279 1372 2338 in-

229 2377 404 2463 scriptione
427 2375 603 2439 eiusmodi:
640 2389 772 2439 cousus
795 2390 959 2438 cousinio
982 2391 1074 2438 unies
1099 2390 1240 2459 nusnno
1258 2392 1371 2439 nauus
1418 2382 1424 2390 '

194 2492 359 2541 ercolano
380 2492 570 2540 Poruuuus.
621 2475 808 2541 sacrificant
829 2477 916 2562 apud
940 2498 1009 2540 eam
1032 2478 1126 2539 nonis
1149 2476 1243 2539 Iuliis
1266 2498 1371 2541 sacer-

230 2617 307 2680 origo
324 2615 365 2664 sic
382 2616 508 2665 traditur.
536 2615 649 2679 Lydos
724 2615 950 2680 excogitauit.
985 2615 1100 2679 probum
1122 2614 1206 2679 plane
1228 2615 1371 2665 eonsilium

146 2698 155 2715 ¹
231 2689 259 2732 et
276 2700 347 2733 nunc
367 2699 473 2747 quoque
497 2685 570 2732 iuter
587 2684 661 2746 ipsos
679 2684 817 2731 Romanos
840 2684 940 2731 iustum
960 2692 988 2732 et
1006 2683 1118 2745 licitum,
1137 2699 1172 2732 ne
1191 2683 1305 2732 dixerim
1323 2700 1370 2748 po-

229 2765 279 2800 nes
298 2751 386 2799 eleum.
423 2751 495 2800 facit
512 2751 584 2799 enim
603 2756 631 2799 et
648 2750 700 2799 hoc
719 2751 754 2799 ad
773 2751 887 2813 originis
905 2751 1049 2812 maculam,
1068 2766 1103 2799 ne
1116 2751 1215 2799 bonum
1231 2751 1372 2801 existimes

230 2819 301 2883 quod
317 2818 427 2867 initium
450 2834 467 2868 a
485 2818 558 2867 malo
582 2819 692 2883 accepit
715 2818 750 2868 ab
767 2818 938 2883 impudentia
956 2834 974 2868 a
991 2818 1125 2868 uiolentia
1144 2818 1179 2868 ab
1197 2818 1260 2867 odio
1279 2835 1295 2868 s
1314 2820 1370 2871 tra·

228 2885 330 2934 trieida
353 2885 508 2935 institutore
534 2901 550 2934 a
575 2885 631 2935 filio
654 2887 762 2935 Martis.
804 2892 836 2935 et
860 2901 948 2934 nuuc
1036 2886 1200 2952 Robigini
1226 2887 1313 2936 fecit
1338 2914 1369 2923 -

229 2969 293 3003 nam
312 2957 341 3001 et
353 2952 488 3018 robiginis
500 2953 580 3002 deam
592 2953 729 3003 finxerunt
740 2981 773 2988 —
786 2953 909 3003 dehiuc
923 2989 930 3003 .
944 2991 951 3003 .
965 2990 972 3003 .
987 2954 1133 3018 accepit.
1170 2954 1220 3003 sed
1237 2954 1308 3003 haec
1325 2970 1369 3004 sa-

230 3022 265 3070 tis
289 3025 369 3069 erunt
393 3020 427 3069 ad
450 3021 564 3085 origInis
587 3022 621 3070 sle
650 3020 778 3070 idolatria
802 3020 929 3071 reatum'
953 3049 985 3056 —-
1026 3022 1182 3084 Hesychius
1204 3023 1231 3071 II
1254 3038 1281 3086 p.
1305 3022 1369 3072 5063

230 3084 323 3139 Λυδοὶ
341 3074 420 3136 οὗτοι
438 3082 489 3145 τὰς
508 3082 581 3145 θέας
600 3078 696 3153 εὑρεῖν
714 3084 854 3153 λέγονται,
874 3081 947 3139 ὅθεν
964 3085 1015 3138 sal
1023 3079 1155 3154 Ῥωμαῖοι
1173 3085 1296 3148 tantove
1314 3105 1370 3155 φα-

230 3152 285 3205 olr.
304 3181 338 3191 -
372 3154 460 3204 Varro
477 3156 675 3205 1..1..v120:
696 3155 857 3205 ‘Consualia
874 3157 950 3205 dicta
968 3173 986 3206 a
998 3157 1097 3219 Conso,
1117 3157 1188 3221 quod
1207 3164 1262 3206 tum
1281 3159 1370 3207 fartae

248 3223 358 3272 ublicae
383 3222 409 3271 ei
431 3223 482 3271 deo
502 3227 530 3272 et
547 3223 576 3285 in
594 3224 668 3272 cireo
687 3222 722 3273 ad
741 3239 818 3273 aram
836 3224 895 3272 eius
914 3224 949 3271 ab
968 3225 1158 3273 sacerdotibus
1177 3224 1233 3272 ludi
1251 3224 1293 3273 illi
1310 3226 1370 3288 qui-

229 3240 281 3341 hus
298 3292 422 3355 uirgines
440 3289 561 3339 Sabinae
585 3288 678 3355 rapti.’
713 3290 815 3339 Paulus
833 3291 910 3339 Festi
928 3308 953 3355 p.
973 3291 1019 3338 41:
1045 3291 1204 3340 ‘Consualia
1221 3291 1278 3339 ludi
1296 3292 1369 3340 dice·

229 3358 342 3420 bantur,
368 3372 434 3422 quos
456 3357 485 3406 in
506 3358 638 3407 honorem
661 3357 745 3406 Consi
767 3357 924 3418 faciebant,
954 3373 1033 3421 quem
1057 3358 1136 3406 deum
1160 3358 1269 3406 consilii
1291 3364 1371 3421 puta·

230 3424 317 3475 bant!
337 3452 369 3461 —
399 3425 488 3474 Varro
505 3426 537 3473 L.
556 3426 588 3474 L.
607 3426 645 3473 VI
666 3424 708 3474 13:
729 3426 851 3489 ‘Equiria
870 3425 904 3473 ab
923 3439 1052 3488 equorum
1071 3439 1164 3483 cursu;
1184 3440 1216 3474 eo
1234 3425 1279 3473 dia
1298 3425 1370 3474 enim

230 3493 301 3542 ludis
319 3497 431 3542 currunt
448 3494 477 3540 in
494 3493 596 3541 Martio
615 3490 731 3556 campo.’
759 3491 862 3541 Paulus
879 3493 957 3540 Festi
975 3508 1001 3555 p.
1020 3491 1067 3539 81:
1087 3492 1211 3555 ‘Equiris
1228 3491 1285 3539 ludi
1304 3507 1370 3555 quos

230 3560 360 3610 Romulus
377 3561 462 3609 Marti
479 3558 597 3608 instituit
618 3575 669 3623 per
687 3574 815 3623 equorum
834 3573 949 3617 cursum,
969 3559 1015 3623 qui
1033 3559 1062 3607 in
1074 3574 1170 3622 eampo
1180 3559 1281 3607 Martio
1293 3575 1371 3608 exsr-

230 3626 383 3678 rebantur)
402 3654 435 3662 —
470 3626 581 3677 Servius
599 3629 667 3675 Aen.
687 3627 752 3675 VIII
769 3625 833 3675 636:
853 3626 960 3689 ‘raptae
979 3630 1070 3674 autem
1088 3626 1209 3674 Sabinae
1229 3626 1370 3675 Consuali-

230 3696 280 3745 bus
303 3696 355 3745 hoe
379 3699 423 3745 est
444 3710 539 3745 meuse
556 3694 666 3743 Martio.
703 3693 817 3743 Consus
834 3700 926 3743 autem
950 3697 993 3742 est
1016 3693 1082 3742 deus
1106 3692 1294 3755 consiliorum,
1325 3694 1370 3757 qui

231 3763 293 3811 Ideo
317 3762 447 3828 templum
471 3764 521 3812 sub
539 3767 613 3810 tecto
631 3762 660 3809 ln
678 3762 751 3810 circo
769 3761 864 3821 habet,
882 3765 913 3809 ut
930 3761 1091 3809 ostendatur
1114 3764 1217 3809 tectum
1242 3775 1304 3809 esse
1323 3762 1369 3809 de·

231 3830 297 3879 bere
316 3830 469 3880 consilium.
503 3831 558 3880 iste
577 3829 682 3878 Consus
702 3833 735 3877 ‘et
757 3830 891 3892 equestris
909 3829 1050 3892 Neptunus
1068 3827 1177 3887 dicitur,
1194 3829 1266 3876 unde
1285 3829 1369 3878 etiam

229 3896 259 3944 in
277 3900 336 3946 eins
353 3897 484 3947 honorem
502 3899 642 3946 circenses
660 3895 870 3946 celebrantur).
890 3896 1074 3958 Hieronymus
1092 3895 1150 3944 vita
1167 3895 1319 3945 HilarionIs
1337 3895 1371 3945 ²0

231 3968 296 4013 tom.
315 3964 342 4013 II
360 3981 387 4028 p.
406 3965 439 4012 22
457 3965 544 4016 Vsu:
568 3964 643 4013 ‘Hoc
667 3964 801 4027 siquidem
824 3966 853 4013 in
871 3964 1003 4013 Romanis
1026 3963 1139 4012 urbibus
1159 3963 1212 4012 iam
1231 3963 1294 4012 inde
1312 3980 1370 4013 ser·

230 4031 349 4081 nubatur
374 4048 390 4081 a
407 4033 536 4096 Romulo,
560 4038 590 4081 ut
611 4036 723 4097 propter
746 4031 857 4081 felicem
875 4031 1040 4082 Sabinarum
1057 4038 1164 4096 raptum
1183 4031 1272 4080 Conso
1291 4032 1369 4095 qnasi

231 4098 406 4149 consiliorum
430 4099 482 4149 deo
500 4100 651 4165 quadrigae
675 4103 790 4164 septeno
815 4105 939 4162 currant,
959 4098 1101 4153 circumitu
1125 4103 1154 4148 et
1175 4114 1259 4163 equos
1282 4100 1369 4163 partis

315 4246 332 4296 2
353 4236 479 4314 specula
496 4230 550 4317 All
563 4244 580 4297 4
592 4234 707 4314 lulydis
728 4239 776 4293 Aa
788 4234 854 4294 ludi
870 4233 952 4313 lydis
971 4238 1021 4292 Aa
1036 4229 1049 4314 ll
1064 4247 1080 4297 5
1096 4233 1197 4293 ludios
1213 4236 1370 4293 Oeblerus:

231 4320 356 4379 ludosA
371 4319 384 4401 ll
399 4321 614 4398 9promiscnae
629 4324 653 4377 A
667 4314 681 4402 ΙΙ
698 4330 729 4382 ll
743 4318 943 4378 demonstrati
957 4322 1100 4393 Ripaltius
1114 4315 1127 4400 ll
1145 4328 1177 4380 12
1187 4318 1274 4398 queis
1283 4317 1369 4377 initio

232 4407 285 4463 Fr.
299 4407 400 4462 terniue
420 4402 434 4486 ΙΙ
458 4416 489 4465 tt
505 4407 623 4463 scurris
640 4407 708 4484 quis
726 4409 752 4462 A
772 4401 786 4486 ΙΙ
807 4405 859 4463 alii
877 4424 932 4463 om.
951 4409 1000 4462 Aa
1016 4399 1029 4485 ΙΙ
1046 4414 1079 4467 18
1093 4403 1162 4462 dem
1179 4424 1247 4463 sees
1266 4412 1314 4462 est
1326 4407 1369 4462 Aa
