3202 4998
249 385 311 446 436
575 402 800 450 ovessrmnes
826 402 1054 442 svsresrnuss

249 554 360 615 Suidae
374 575 396 613 s.
407 576 437 613 v.
455 543 643 631 Τράγκυλλος
658 552 836 611 Suetonium
852 553 1012 629 scripsisse
1025 537 1269 627 περὶῬώμηςκαὶ
1289 551 1347 610 tois
1362 548 1393 610 ἐν

249 647 324 736 αὐτῇ
345 654 478 732 νομίμων
499 651 550 711 καὶ
572 642 661 729 ἠθῶν
681 654 784 731 {taillia
809 649 836 729 β
861 663 997 714 testatur.
1034 653 1141 733 quodsi
1165 655 1343 714 Suetonium
1362 655 1392 711 in

249 758 325 817 libro
342 768 450 816 octavo
467 768 619 836 pratorum
636 776 729 817 unum
752 755 893 834 idemque
918 763 1129 833 argumentum
1151 763 1299 815 tractasse
1321 754 1393 813 mihi

202 922 207 931 ,
251 861 459 931 concesseris,
481 860 546 919 veri
569 880 636 918 esse
661 857 846 917 simillimum
867 857 1060 916 iudicoduos
1080 857 1150 915 11166
1171 856 1287 915 Suidae
1300 855 1393 929 libros

250 961 374 1021 eosdem
386 981 455 1020 esse
471 981 537 1019 cum
555 971 663 1039 quarto
680 960 826 1037 61661616
839 969 1002 1036 pratorum.
1022 960 1053 1016 in
1064 969 1172 1037 quarto
1185 957 1303 1016 scilicet
1316 957 1392 1017 libro

251 1064 414 1122 Suetonius
436 1064 523 1137 leges
547 1062 654 1140 populi
668 1063 797 1120 Romani
815 1061 969 1119 recensuit
990 1059 1041 1118 vel
1062 1068 1095 1117 ut
1113 1059 1311 1142 Vennonianis
1324 1080 1393 1118 ver·

250 1165 297 1224 bis
313 1174 381 1223 utar
397 1164 436 1223 (16
452 1164 517 1221 iure
534 1162 617 1220 civili
633 1164 710 1238 egit:
727 1163 757 1220 in
779 1164 882 1242 quinto
898 1161 1034 1221 eiusdem
1049 1181 1149 1220 mores
1163 1162 1325 1240 descripsit
1342 1163 1393 1221 vel

225 1263 229 1267 ’
250 1276 371 1325 etcum
395 1265 503 1324 eodem
524 1265 661 1324 Varrone
688 1264 796 1343 loquar
818 1265 912 1322 vitam
931 1262 1038 1341 populi
1058 1262 1188 1322 Romani
1210 1265 1392 1324 inlustravit

251 1388 351 1447 neque
371 1367 449 1425 eninr
466 1365 588 1424 dubium
609 1376 656 1425 est
674 1367 746 1444 6616
767 1367 797 1423 16
813 1364 860 1423 his
876 1363 960 1421 libris
982 1363 1208 1440 perscribendis
1227 1367 1395 1425 Varronem

251 1470 441 1547 potissimum
468 1476 624 1526 auctorem
647 1466 809 1525 Suetonius
843 1475 967 1525 secutus
991 1464 1039 1523 sit.
1080 1467 1178 1544 quinti
1199 1476 1300 1526 antem
1325 1467 1394 1526 libri

253 1571 456 1646 fragmentum
486 1587 553 1627 esse
580 1567 701 1625 videtur
727 1567 809 1645 quod
836 1566 993 1627 Charisius
1021 1566 1145 1645 protulit
1170 1566 1292 1647 (fragm.
1320 1568 1393 1647 112),

253 1688 312 1751 quo
337 1672 368 1729 ni
386 1670 477 1730 fallor
500 1668 538 1727 de
560 1688 632 1745 rege
653 1688 777 1727 mensae
800 1689 889 1747 quem
906 1665 1081 1727 Macrobius
1101 1678 1158 1730 661.
1178 1669 1212 1728 11
1233 1681 1265 1744 1,
1289 1670 1395 1733 edicit

253 1792 351 1833 sermo
367 1779 422 1830 est.

338 1874 405 1931 Nec
419 1892 437 1931 a
452 1892 524 1931 vero
538 1871 741 1931 aberraverim
754 1871 821 1930 siin
837 1873 941 1951 primis
955 1871 1039 1930 libris
1051 1881 1205 1951 pratorum
1218 1876 1395 1934 Suetonium

254 1979 373 2037 omnino
387 1976 426 2035 (16
437 1973 667 2053 antiquitatibus
678 1973 784 2052 populi
795 1973 924 2032 Romani
943 1973 1116 2052 disputasse
1130 1975 1256 2035 conicio.
1279 1985 1312 2033 ut
1325 1984 1394 2033 octo
1469 2021 1473 2025 .

254 2081 358 2158 primis
370 2087 525 2157 pratorum
538 2074 623 2133 libris
635 2071 702 2150 περὶ
714 2066 827 2148 Ῥώμης
843 2076 954 2151 egerit:
980 2078 1028 2135 cui
1040 2076 1172 2155 opinioni
1185 2088 1268 2137 certe
1280 2077 1395 2137 Suidae

254 2182 418 2241 auctoritas
434 2178 545 2257 opponi
562 2197 622 2235 666
637 2175 743 2248 debet,
762 2175 814 2255 qni
828 2175 887 2234 illis
903 2176 1020 2237 duobus
1037 2189 1152 2239 tantum
1169 2179 1254 2239 libris
1264 2178 1343 2237 huno
1358 2179 1396 2236 ti-

253 2283 349 2357 tulum
365 2280 531 2361 praefixum
550 2298 617 2338 esse
636 2288 773 2337 testatur.
809 2296 847 2336 ex
863 2277 909 2337 lris
925 2280 1017 2356 igitur
1038 2281 1122 2341 libris
1143 2284 1183 2341 (16
1202 2282 1315 2360 populo
1333 2282 1395 2347 ao,

254 2404 344 2443 mano
361 2382 421 2441 duo
437 2380 491 2440 illa
510 2382 696 2457 fragmenta,
722 2379 830 2459 quibus
852 2390 885 2438 ut
902 2382 1091 2442 Varroniano
1111 2384 1213 2443 indice
1234 2392 1302 2441 utar
1319 2382 1394 2441 Sue-

254 2488 369 2547 tonium
388 2485 426 2544 (16
445 2482 526 2542 bello
542 2490 573 2540 et
587 2500 665 2559 pace
681 2482 841 2560 scripsisse
855 2481 1022 2555 indicatur,
1040 2494 1260 2563 receptarunt.
1298 2485 1396 2544 altero

255 2590 335 2647 enirn
350 2588 518 2663 fragmento
535 2564 615 2660 (1119)
628 2582 666 2641 (16
678 2582 821 2660 triumphi
830 2584 1001 2663 veriloquio
1018 2595 1048 2644 et
1062 2587 1190 2661 ratione,
1204 2586 1300 2647 altero
1316 2585 1395 2664 (116)

256 2690 295 2749 (16
311 2688 512 2747 rebellatione
527 2686 578 2745 vel
595 2687 695 2765 potius
712 2682 881 2743 rebellione
897 2684 1049 2747 disseruit.

340 2792 390 2849 Ex
413 2789 460 2848 his
492 2808 570 2867 quae
595 2785 684 2845 modo
706 2785 862 2863 disputata
884 2795 954 2844 sunt
978 2788 1038 2846 iam
1063 2790 1221 2849 clariorem
1243 2799 1397 2869 pratorum

255 2892 418 2968 imaginem
434 2891 533 2948 animo
548 2891 710 2947 informare
728 2887 801 2945 licet
818 2907 907 2966 66661
922 2908 1002 2967 6666
1017 2911 1035 2948 6
1051 2892 1190 2950 Beckero
1212 2913 1242 2972 p.
1258 2893 1307 2951 Xl
1327 2911 1396 2969 pro·

177 3051 180 3057 ,
254 2996 439 3073 6166116661,
462 2990 514 3049 nbi
537 2989 696 3047 materiam
722 2990 787 3048 eins
813 2991 1045 3050 variamfuisse
1069 2992 1151 3052 dicit.
1175 3014 1246 3052 nam
1269 2993 1398 3071 adparet

256 3095 435 3155 Suetonium
450 3112 510 3151 non
526 3100 559 3149 ut
577 3090 710 3149 Gellium
727 3091 935 3150 diversissima
952 3092 1060 3152 eodem
1075 3093 1150 3153 libro
1161 3095 1324 3173 protulisse
1341 3094 1398 3153 sed

256 3197 338 3255 idem
353 3203 562 3273 argumentum
582 3213 638 3272 per
658 3193 761 3272 plures
785 3192 877 3252 libros
895 3195 1097 3256 continuasse.
1132 3197 1214 3275 quod
1232 3196 1398 3257 (16111661-

256 3297 303 3357 bis
324 3318 384 3355 non
404 3296 576 3371 refragatur
597 3297 649 3376 qui
670 3295 708 3354 de
733 3295 819 3353 varia
845 3306 875 3354 61
891 3297 1029 3355 miscella
1051 3306 1081 3357 et
1105 3298 1192 3377 quasi
1213 3299 1399 3357 confusanea

257 3398 395 3457 doctrina
414 3397 563 3477 loquitur,
589 3396 836 3476 quandoquidem
855 3398 935 3456 inter
956 3418 1007 3456 eos
1030 3399 1150 3472 titulos,
1177 3421 1253 3479 quos
1275 3401 1314 3459 ad
1330 3420 1398 3459 eam

257 3500 437 3559 seutentiam
451 3498 704 3577 exquisitissimos
717 3518 735 3557 a
749 3499 823 3558 viris
839 3499 936 3558 doctis
948 3499 1095 3580 eiusmodi
1109 3501 1194 3560 libris
1204 3502 1317 3561 inditos
1330 3520 1399 3560 csse

258 3602 346 3673 dicit,
366 3602 457 3659 etiam
472 3601 621 3660 naturalis
636 3600 762 3660 historia
776 3601 858 3661 Plini
872 3602 1071 3679 conspicitur,
1087 3603 1117 3661 in
1133 3622 1192 3683 qua
1209 3604 1318 3681 etipsa
1334 3621 1398 3660 cer·

257 3712 306 3761 tus
322 3701 395 3759 ordo
415 3713 571 3781 conparet.
602 3711 736 3763 attamen
753 3703 880 3762 Suetoni
897 3711 985 3782 prata
1007 3724 1047 3763 66
1069 3703 1101 3762 16
1124 3706 1189 3763 6166
1213 3702 1336 3784 quidem
1359 3705 1398 3761 si-

258 3802 459 3862 militudinem
484 3805 566 3864 facta
586 3824 655 3863 esse
679 3811 712 3862 ut
735 3823 827 3862 unum
851 3804 991 3885 idemque
1015 3815 1225 3883 argumentum
1246 3806 1302 3864 toti
1322 3803 1398 3863 libro

258 3911 357 3975 esset,
388 3903 426 3962 ab
448 3904 566 3964 Isidoro
587 3905 732 3964 docemur
758 3906 860 3983 quiin
879 3906 986 3965 eodem
1007 3906 1084 3965 libro
1106 3906 1270 3965 denatura
1290 3925 1399 3979 rernm,

258 4027 277 4065 a
303 4007 387 4064 cuius
409 4007 667 4084 pervestigatione
692 4006 849 4085 paulisper
871 4009 1071 4081 recessimus,
1093 4011 1124 4068 iu
1146 4030 1227 4067 nono
1245 4016 1399 4088 pratorum

258 4108 403 4187 physicas
440 4106 669 4167 observationes
704 4110 820 4187 positas
853 4110 947 4169 fuisse
983 4120 1122 4170 testatur.
1162 4112 1221 4170 bae
1255 4131 1323 4169 cunr
1354 4113 1399 4171 in·

257 4218 345 4267 terno
360 4227 442 4267 nexu
456 4209 535 4268 inter
551 4230 585 4268 se
600 4211 786 4270 cohaereant
804 4210 885 4270 idem
901 4219 1110 4287 argumentum
1129 4231 1149 4269 a
1164 4210 1312 4273 Suetonio
1331 4230 1399 4290 per·

258 4317 419 4368 tractatum
441 4330 509 4369 esse
527 4311 657 4388 produnt
673 4313 774 4390 quode
789 4312 926 4371 Isidorus
943 4311 1053 4370 librum
1067 4332 1154 4370 suum
1166 4314 1288 4392 scripsit
1306 4313 1337 4371 id
1353 4322 1401 4372 est

259 4410 297 4470 de
312 4421 422 4470 natura
438 4431 548 4471 rerum.
577 4420 669 4490 atque
688 4412 766 4472 adeo
785 4413 866 4471 bunc
881 4413 1000 4473 titulum
1015 4413 1168 4473 Isidorum
1185 4414 1330 4476 Suetonio
1348 4413 1400 4472 de·
