<?xml version="1.0" encoding="UTF-8"?>
<!DOCTYPE html PUBLIC "-//W3C//DTD XHTML 1.0 Transitional//EN"
    "http://www.w3.org/TR/xhtml1/DTD/xhtml1-transitional.dtd">
<html xmlns="http://www.w3.org/1999/xhtml" xml:lang="en" lang="en">
 <head>
  <title>
</title>
<meta http-equiv="Content-Type" content="text/html;charset=utf-8" />
  <meta name='ocr-system' content='tesseract 3.04.00' />
  <meta name='ocr-capabilities' content='ocr_page ocr_carea ocr_par ocr_line ocrx_word'/>
</head>
<body>
  <div class='ocr_page' id='page_1' title='image "./csuetonitranqui01ritsgoog_0055.png"; bbox 0 0 3186 4996; ppageno 0'>
   <div class='ocr_carea' id='block_1_1' title="bbox 220 404 1016 469">
    <p class='ocr_par' dir='ltr' id='par_1_1' title="bbox 220 404 1016 469">
     <span class='ocr_line' id='line_1_1' title="bbox 220 404 1016 469; baseline 0.015 -12"><span class='ocrx_word' id='word_1_1' title='bbox 220 444 224 457; x_wconf 89' lang='grc'><em>,</em></span> <span class='ocrx_word' id='word_1_2' title='bbox 249 404 289 469; x_wconf 82' lang='grc'><strong>30</strong></span> <span class='ocrx_word' id='word_1_3' title='bbox 628 425 670 467; x_wconf 84' lang='lat' dir='ltr'><strong>on</strong></span> <span class='ocrx_word' id='word_1_4' title='bbox 694 426 779 468; x_wconf 85' lang='lat' dir='ltr'><strong>vmrs</strong></span> <span class='ocrx_word' id='word_1_5' title='bbox 803 426 1016 469; x_wconf 81' lang='lat' dir='ltr'><strong>mnvsramvs</strong></span> 
     </span>
    </p>
   </div>
   <div class='ocr_carea' id='block_1_2' title="bbox 188 570 1419 964">
    <p class='ocr_par' dir='ltr' id='par_1_2' title="bbox 188 570 1419 964">
     <span class='ocr_line' id='line_1_2' title="bbox 248 570 1391 661; baseline 0.003 -25"><span class='ocrx_word' id='word_1_6' title='bbox 248 592 323 637; x_wconf 86' lang='lat' dir='ltr'><strong>uam</strong></span> <span class='ocrx_word' id='word_1_7' title='bbox 343 570 571 657; x_wconf 52' lang='lat' dir='ltr'><strong>«Adelphorum</strong></span> <span class='ocrx_word' id='word_1_8' title='bbox 597 573 794 658; x_wconf 89' lang='lat' dir='ltr'><strong>principium</strong></span> <span class='ocrx_word' id='word_1_9' title='bbox 821 573 926 651; x_wconf 74' lang='lat' dir='ltr'><strong>Varro</strong></span> <span class='ocrx_word' id='word_1_10' title='bbox 948 575 1048 641; x_wconf 84' lang='lat' dir='ltr'><strong>etiam</strong></span> <span class='ocrx_word' id='word_1_11' title='bbox 1065 575 1210 659; x_wconf 87' lang='lat' dir='ltr'><strong>praefert</strong></span> <span class='ocrx_word' id='word_1_12' title='bbox 1230 574 1391 661; x_wconf 91' lang='lat' dir='ltr'><strong>principio</strong></span> 
     </span>
     <span class='ocr_line' id='line_1_3' title="bbox 248 669 1419 767; baseline 0.003 -33"><span class='ocrx_word' id='word_1_13' title='bbox 248 671 433 737; x_wconf 78' lang='lat' dir='ltr'>Menandri.</span> <span class='ocrx_word' id='word_1_14' title='bbox 490 671 565 736; x_wconf 90' lang='lat' dir='ltr'><strong>Non</strong></span> <span class='ocrx_word' id='word_1_15' title='bbox 598 673 737 739; x_wconf 87' lang='lat' dir='ltr'><strong>obscura</strong></span> <span class='ocrx_word' id='word_1_16' title='bbox 763 675 853 739; x_wconf 87' lang='lat' dir='ltr'><strong>fama</strong></span> <span class='ocrx_word' id='word_1_17' title='bbox 886 684 937 739; x_wconf 88' lang='lat' dir='ltr'><strong>est</strong></span> <span class='ocrx_word' id='word_1_18' title='bbox 963 675 1111 739; x_wconf 82' lang='lat' dir='ltr'><strong>adiutum</strong></span> <span class='ocrx_word' id='word_1_19' title='bbox 1138 669 1325 739; x_wconf 68' lang='lat' dir='ltr'><strong>Terentium</strong></span> <span class='ocrx_word' id='word_1_20' title='bbox 1357 677 1419 767; x_wconf 64' lang='lat'><em>³¹¹„-</em></span> 
     </span>
     <span class='ocr_line' id='line_1_4' title="bbox 248 764 1390 862; baseline 0.003 -27"><span class='ocrx_word' id='word_1_21' title='bbox 248 774 379 859; x_wconf 88' lang='lat' dir='ltr'><strong>scriptis</strong></span> <span class='ocrx_word' id='word_1_22' title='bbox 401 795 422 837; x_wconf 90' lang='lat' dir='ltr'><strong>a</strong></span> <span class='ocrx_word' id='word_1_23' title='bbox 443 773 558 839; x_wconf 84' lang='lat' dir='ltr'><strong>Laelio</strong></span> <span class='ocrx_word' id='word_1_24' title='bbox 580 785 613 839; x_wconf 89' lang='lat' dir='ltr'><strong>et</strong></span> <span class='ocrx_word' id='word_1_25' title='bbox 636 774 803 861; x_wconf 82' lang='lat' dir='ltr'><strong>Scipione:</strong></span> <span class='ocrx_word' id='word_1_26' title='bbox 831 797 968 862; x_wconf 86' lang='lat' dir='ltr'><strong>eamque</strong></span> <span class='ocrx_word' id='word_1_27' title='bbox 991 764 1062 862; x_wconf 89' lang='lat' dir='ltr'><strong>ipse</strong></span> <span class='ocrx_word' id='word_1_28' title='bbox 1081 778 1190 858; x_wconf 81' lang='lat' dir='ltr'><strong>auxit,</strong></span> <span class='ocrx_word' id='word_1_29' title='bbox 1213 798 1390 862; x_wconf 79' lang='lat' dir='ltr'><strong>numquam</strong></span> 
     </span>
     <span class='ocr_line' id='line_1_5' title="bbox 188 873 1331 964; baseline 0.003 -27"><span class='ocrx_word' id='word_1_30' title='bbox 188 874 194 884; x_wconf 85' lang='grc'><em>“</em></span> <span class='ocrx_word' id='word_1_31' title='bbox 247 875 311 938; x_wconf 91' lang='lat' dir='ltr'><strong>nisi</strong></span> <span class='ocrx_word' id='word_1_32' title='bbox 332 873 448 938; x_wconf 87' lang='lat' dir='ltr'><strong>leuiter</strong></span> <span class='ocrx_word' id='word_1_33' title='bbox 469 897 505 940; x_wconf 89' lang='lat' dir='ltr'><strong>se</strong></span> <span class='ocrx_word' id='word_1_34' title='bbox 526 877 626 939; x_wconf 82' lang='lat' dir='ltr'><strong>tutari</strong></span> <span class='ocrx_word' id='word_1_35' title='bbox 647 885 800 958; x_wconf 83' lang='lat' dir='ltr'><strong>conatus,</strong></span> <span class='ocrx_word' id='word_1_36' title='bbox 822 887 859 940; x_wconf 84' lang='lat' dir='ltr'><strong>ut</strong></span> <span class='ocrx_word' id='word_1_37' title='bbox 880 879 914 941; x_wconf 90' lang='lat' dir='ltr'><strong>in</strong></span> <span class='ocrx_word' id='word_1_38' title='bbox 936 877 1071 964; x_wconf 86' lang='lat' dir='ltr'>prologo</span> <span class='ocrx_word' id='word_1_39' title='bbox 1093 876 1331 964; x_wconf 82' lang='lat' dir='ltr'>Adelphorum:</span> 
     </span>
    </p>
   </div>
   <div class='ocr_carea' id='block_1_3' title="bbox 246 992 1481 2095">
    <p class='ocr_par' dir='ltr' id='par_1_3' title="bbox 331 992 1411 1079">
     <span class='ocr_line' id='line_1_6' title="bbox 331 992 1411 1079; baseline 0.002 -24"><span class='ocrx_word' id='word_1_40' title='bbox 331 992 418 1055; x_wconf 88' lang='lat' dir='ltr'><strong>Nam</strong></span> <span class='ocrx_word' id='word_1_41' title='bbox 440 993 527 1079; x_wconf 89' lang='lat' dir='ltr'><strong>quod</strong></span> <span class='ocrx_word' id='word_1_42' title='bbox 549 994 604 1056; x_wconf 88' lang='lat' dir='ltr'><strong>isti</strong></span> <span class='ocrx_word' id='word_1_43' title='bbox 627 993 741 1057; x_wconf 84' lang='lat' dir='ltr'><strong>dicunt</strong></span> <span class='ocrx_word' id='word_1_44' title='bbox 756 993 924 1078; x_wconf 90' lang='lat' dir='ltr'><strong>maleuoli,</strong></span> <span class='ocrx_word' id='word_1_45' title='bbox 946 994 1101 1073; x_wconf 86' lang='lat' dir='ltr'><strong>homines¹</strong></span> <span class='ocrx_word' id='word_1_46' title='bbox 1115 994 1242 1058; x_wconf 88' lang='lat' dir='ltr'><strong>nobiles</strong></span> <span class='ocrx_word' id='word_1_47' title='bbox 1398 1012 1411 1050; x_wconf 78' lang='grc' dir='ltr'><strong>ο</strong></span> 
     </span>
    </p>

    <p class='ocr_par' dir='ltr' id='par_1_4' title="bbox 332 1093 1086 1182">
     <span class='ocr_line' id='line_1_7' title="bbox 332 1093 1086 1182; baseline 0.007 -26"><span class='ocrx_word' id='word_1_48' title='bbox 332 1093 430 1158; x_wconf 87' lang='lat' dir='ltr'><strong>Hunc</strong></span> <span class='ocrx_word' id='word_1_49' title='bbox 451 1094 599 1158; x_wconf 83' lang='lat' dir='ltr'><strong>adiutare</strong></span> <span class='ocrx_word' id='word_1_50' title='bbox 619 1093 816 1182; x_wconf 78' lang='lat' dir='ltr'><strong>assidueque</strong></span> <span class='ocrx_word' id='word_1_51' title='bbox 837 1118 904 1159; x_wconf 90' lang='lat' dir='ltr'><strong>una</strong></span> <span class='ocrx_word' id='word_1_52' title='bbox 926 1096 1086 1178; x_wconf 88' lang='lat' dir='ltr'><strong>seribere,</strong></span> 
     </span>
    </p>

    <p class='ocr_par' dir='ltr' id='par_1_5' title="bbox 333 1195 1256 1275">
     <span class='ocr_line' id='line_1_8' title="bbox 333 1195 1256 1275; baseline 0.001 -17"><span class='ocrx_word' id='word_1_53' title='bbox 333 1196 430 1275; x_wconf 77' lang='lat' dir='ltr'><strong>Quod</strong></span> <span class='ocrx_word' id='word_1_54' title='bbox 451 1195 499 1259; x_wconf 92' lang='lat' dir='ltr'><strong>illi</strong></span> <span class='ocrx_word' id='word_1_55' title='bbox 519 1195 727 1259; x_wconf 81' lang='lat' dir='ltr'><strong>maledictum</strong></span> <span class='ocrx_word' id='word_1_56' title='bbox 749 1197 924 1261; x_wconf 88' lang='lat' dir='ltr'><strong>uehemens</strong></span> <span class='ocrx_word' id='word_1_57' title='bbox 946 1218 1017 1261; x_wconf 88' lang='lat' dir='ltr'><strong>esse</strong></span> <span class='ocrx_word' id='word_1_58' title='bbox 1040 1198 1256 1261; x_wconf 83' lang='lat' dir='ltr'><strong>existumant:</strong></span> 
     </span>
    </p>

    <p class='ocr_par' dir='ltr' id='par_1_6' title="bbox 333 1282 1306 1385">
     <span class='ocr_line' id='line_1_9' title="bbox 333 1282 1306 1385; baseline 0.002 -26"><span class='ocrx_word' id='word_1_59' title='bbox 333 1297 416 1360; x_wconf 83' lang='lat' dir='ltr'><strong>Eam</strong></span> <span class='ocrx_word' id='word_1_60' title='bbox 437 1296 566 1361; x_wconf 89' lang='lat' dir='ltr'><strong>laudem</strong></span> <span class='ocrx_word' id='word_1_61' title='bbox 589 1296 642 1359; x_wconf 91' lang='lat' dir='ltr'><strong>hic</strong></span> <span class='ocrx_word' id='word_1_62' title='bbox 664 1296 754 1367; x_wconf 83' lang='lat' dir='ltr'><strong>ducit</strong></span> <span class='ocrx_word' id='word_1_63' title='bbox 773 1282 974 1381; x_wconf 67' lang='lat' dir='ltr'><strong>maxsumum,</strong></span> <span class='ocrx_word' id='word_1_64' title='bbox 995 1320 1092 1384; x_wconf 91' lang='lat' dir='ltr'><strong>quom</strong></span> <span class='ocrx_word' id='word_1_65' title='bbox 1112 1297 1177 1362; x_wconf 89' lang='lat' dir='ltr'><strong>illis</strong></span> <span class='ocrx_word' id='word_1_66' title='bbox 1199 1298 1306 1385; x_wconf 83' lang='lat' dir='ltr'><strong>placet</strong></span> 
     </span>
    </p>

    <p class='ocr_par' dir='ltr' id='par_1_7' title="bbox 332 1397 1063 1487">
     <span class='ocr_line' id='line_1_10' title="bbox 332 1397 1063 1487; baseline 0.004 -26"><span class='ocrx_word' id='word_1_67' title='bbox 332 1397 398 1478; x_wconf 77' lang='lat' dir='ltr'><strong>Qui</strong></span> <span class='ocrx_word' id='word_1_68' title='bbox 419 1398 515 1463; x_wconf 87' lang='lat' dir='ltr'><strong>uobis</strong></span> <span class='ocrx_word' id='word_1_69' title='bbox 538 1399 702 1462; x_wconf 89' lang='lat' dir='ltr'><strong>uniuorsis</strong></span> <span class='ocrx_word' id='word_1_70' title='bbox 726 1408 758 1463; x_wconf 81' lang='lat' dir='ltr'><strong>et</strong></span> <span class='ocrx_word' id='word_1_71' title='bbox 775 1401 894 1487; x_wconf 88' lang='lat' dir='ltr'><strong>populo</strong></span> <span class='ocrx_word' id='word_1_72' title='bbox 917 1399 1063 1486; x_wconf 83' lang='lat' dir='ltr'><strong>placent,</strong></span> 
     </span>
    </p>

    <p class='ocr_par' dir='ltr' id='par_1_8' title="bbox 333 1495 1425 1587">
     <span class='ocr_line' id='line_1_11' title="bbox 333 1495 1425 1587; baseline 0.002 -24"><span class='ocrx_word' id='word_1_73' title='bbox 333 1499 480 1579; x_wconf 82' lang='lat' dir='ltr'><strong>Quorum</strong></span> <span class='ocrx_word' id='word_1_74' title='bbox 499 1520 601 1586; x_wconf 89' lang='lat' dir='ltr'><strong>opera</strong></span> <span class='ocrx_word' id='word_1_75' title='bbox 622 1499 656 1563; x_wconf 92' lang='lat' dir='ltr'><strong>in</strong></span> <span class='ocrx_word' id='word_1_76' title='bbox 678 1498 781 1579; x_wconf 92' lang='lat' dir='ltr'><strong>bello,</strong></span> <span class='ocrx_word' id='word_1_77' title='bbox 805 1503 838 1565; x_wconf 87' lang='lat' dir='ltr'><strong>in</strong></span> <span class='ocrx_word' id='word_1_78' title='bbox 862 1495 944 1584; x_wconf 86' lang='lat' dir='ltr'><strong>otio,</strong></span> <span class='ocrx_word' id='word_1_79' title='bbox 968 1503 1002 1565; x_wconf 90' lang='lat' dir='ltr'><strong>in</strong></span> <span class='ocrx_word' id='word_1_80' title='bbox 1020 1502 1153 1587; x_wconf 84' lang='lat' dir='ltr'><strong>negotio</strong></span> <span class='ocrx_word' id='word_1_81' title='bbox 1400 1508 1425 1550; x_wconf 83' lang='lat'><strong>¹⁰</strong></span> 
     </span>
    </p>

    <p class='ocr_par' dir='ltr' id='par_1_9' title="bbox 246 1603 1481 2095">
     <span class='ocr_line' id='line_1_12' title="bbox 332 1603 1122 1688; baseline 0 -22"><span class='ocrx_word' id='word_1_82' title='bbox 332 1603 397 1666; x_wconf 91' lang='lat' dir='ltr'><strong>Suo</strong></span> <span class='ocrx_word' id='word_1_83' title='bbox 421 1603 559 1688; x_wconf 90' lang='lat' dir='ltr'><strong>quisque</strong></span> <span class='ocrx_word' id='word_1_84' title='bbox 582 1608 727 1686; x_wconf 88' lang='lat' dir='ltr'><strong>tempore</strong></span> <span class='ocrx_word' id='word_1_85' title='bbox 747 1611 842 1665; x_wconf 88' lang='lat' dir='ltr'><strong>usust</strong></span> <span class='ocrx_word' id='word_1_86' title='bbox 863 1604 934 1667; x_wconf 89' lang='lat' dir='ltr'><strong>sine</strong></span> <span class='ocrx_word' id='word_1_87' title='bbox 954 1603 1122 1688; x_wconf 82' lang='lat' dir='ltr'><strong>superbia.</strong></span> 
     </span>
     <span class='ocr_line' id='line_1_13' title="bbox 247 1701 1481 1791; baseline 0.002 -23"><span class='ocrx_word' id='word_1_88' title='bbox 247 1703 377 1769; x_wconf 81' lang='lat' dir='ltr'><strong>uidetur</strong></span> <span class='ocrx_word' id='word_1_89' title='bbox 404 1714 512 1766; x_wconf 84' lang='lat' dir='ltr'><strong>autem</strong></span> <span class='ocrx_word' id='word_1_90' title='bbox 540 1701 646 1764; x_wconf 89' lang='lat' dir='ltr'><strong>leuius</strong></span> <span class='ocrx_word' id='word_1_91' title='bbox 673 1723 708 1764; x_wconf 90' lang='lat' dir='ltr'><strong>se</strong></span> <span class='ocrx_word' id='word_1_92' title='bbox 731 1701 936 1786; x_wconf 83' lang='lat' dir='ltr'><strong>defendisse,</strong></span> <span class='ocrx_word' id='word_1_93' title='bbox 972 1706 1050 1791; x_wconf 89' lang='lat' dir='ltr'><strong>quia</strong></span> <span class='ocrx_word' id='word_1_94' title='bbox 1071 1704 1196 1769; x_wconf 85' lang='lat' dir='ltr'><strong>sciebat</strong></span> <span class='ocrx_word' id='word_1_95' title='bbox 1219 1702 1331 1767; x_wconf 86' lang='lat' dir='ltr'><strong>Laelio</strong></span> <span class='ocrx_word' id='word_1_96' title='bbox 1358 1711 1391 1767; x_wconf 88' lang='lat' dir='ltr'><strong>et</strong></span> <span class='ocrx_word' id='word_1_97' title='bbox 1468 1747 1481 1771; x_wconf 83' lang='lat'><strong>.</strong></span> 
     </span>
     <span class='ocr_line' id='line_1_14' title="bbox 248 1796 1389 1893; baseline -0.003 -24"><span class='ocrx_word' id='word_1_98' title='bbox 248 1804 394 1891; x_wconf 79' lang='lat' dir='ltr'><strong>Scipioni</strong></span> <span class='ocrx_word' id='word_1_99' title='bbox 413 1824 482 1869; x_wconf 88' lang='lat' dir='ltr'><strong>non</strong></span> <span class='ocrx_word' id='word_1_100' title='bbox 493 1805 656 1889; x_wconf 81' lang='lat' dir='ltr'><strong>ingratam</strong></span> <span class='ocrx_word' id='word_1_101' title='bbox 673 1824 745 1866; x_wconf 86' lang='lat' dir='ltr'><strong>esse</strong></span> <span class='ocrx_word' id='word_1_102' title='bbox 761 1796 844 1868; x_wconf 81' lang='lat' dir='ltr'><strong>hano</strong></span> <span class='ocrx_word' id='word_1_103' title='bbox 866 1808 1062 1893; x_wconf 87' lang='lat' dir='ltr'><strong>opinionem.</strong></span> <span class='ocrx_word' id='word_1_104' title='bbox 1095 1827 1178 1891; x_wconf 84' lang='lat' dir='ltr'><strong>quac</strong></span> <span class='ocrx_word' id='word_1_105' title='bbox 1197 1814 1265 1869; x_wconf 83' lang='lat' dir='ltr'><strong>lum</strong></span> <span class='ocrx_word' id='word_1_106' title='bbox 1284 1806 1389 1888; x_wconf 84' lang='lat' dir='ltr'><strong>magis</strong></span> 
     </span>
     <span class='ocr_line' id='line_1_15' title="bbox 248 1893 1397 1993; baseline 0.003 -23"><span class='ocrx_word' id='word_1_107' title='bbox 248 1916 279 1971; x_wconf 83' lang='lat' dir='ltr'><strong>et</strong></span> <span class='ocrx_word' id='word_1_108' title='bbox 301 1927 403 1993; x_wconf 91' lang='lat' dir='ltr'><strong>usque</strong></span> <span class='ocrx_word' id='word_1_109' title='bbox 426 1905 469 1969; x_wconf 90' lang='lat' dir='ltr'><strong>ad</strong></span> <span class='ocrx_word' id='word_1_110' title='bbox 488 1906 671 1993; x_wconf 79' lang='lat' dir='ltr'><strong>posteriora</strong></span> <span class='ocrx_word' id='word_1_111' title='bbox 690 1914 836 1992; x_wconf 87' lang='lat' dir='ltr'><strong>tempora</strong></span> <span class='ocrx_word' id='word_1_112' title='bbox 856 1907 969 1971; x_wconf 85' lang='lat' dir='ltr'><strong>ualuit.</strong></span> <span class='ocrx_word' id='word_1_113' title='bbox 1005 1908 1043 1972; x_wconf 85' lang='grc' dir='ltr'><strong>Ο.</strong></span> <span class='ocrx_word' id='word_1_114' title='bbox 1066 1907 1239 1972; x_wconf 85' lang='lat' dir='ltr'><strong>Memmios</strong></span> <span class='ocrx_word' id='word_1_115' title='bbox 1261 1905 1295 1969; x_wconf 95' lang='lat' dir='ltr'><strong>in</strong></span> <span class='ocrx_word' id='word_1_116' title='bbox 1317 1893 1397 1975; x_wconf 57' lang='lat' dir='ltr'><strong>ora-⁹</strong></span> 
     </span>
     <span class='ocr_line' id='line_1_16' title="bbox 246 1998 1467 2095; baseline -0.005 -21"><span class='ocrx_word' id='word_1_117' title='bbox 246 2010 335 2074; x_wconf 86' lang='lat' dir='ltr'><strong>tione</strong></span> <span class='ocrx_word' id='word_1_118' title='bbox 361 2030 420 2095; x_wconf 91' lang='lat' dir='ltr'><strong>pro</strong></span> <span class='ocrx_word' id='word_1_119' title='bbox 448 2029 484 2071; x_wconf 91' lang='lat' dir='ltr'><strong>se</strong></span> <span class='ocrx_word' id='word_1_120' title='bbox 524 2006 579 2077; x_wconf 72' lang='lat' dir='ltr'><strong>‘R</strong></span> <span class='ocrx_word' id='word_1_121' title='bbox 608 2005 805 2071; x_wconf 84' lang='lat' dir='ltr'><strong>Africanus&#39;</strong></span> <span class='ocrx_word' id='word_1_122' title='bbox 837 2009 944 2094; x_wconf 81' lang='lat' dir='ltr'><strong>inquit</strong></span> <span class='ocrx_word' id='word_1_123' title='bbox 972 2016 1011 2072; x_wconf 75' lang='lat' dir='ltr'><strong>‘a</strong></span> <span class='ocrx_word' id='word_1_124' title='bbox 1034 2009 1188 2074; x_wconf 87' lang='lat' dir='ltr'><strong>Terentio</strong></span> <span class='ocrx_word' id='word_1_125' title='bbox 1217 1998 1424 2094; x_wconf 80' lang='lat' dir='ltr'><strong>personamls</strong></span> <span class='ocrx_word' id='word_1_126' title='bbox 1461 2070 1467 2076; x_wconf 75' lang='grc'><em>,</em></span> 
     </span>
    </p>
   </div>
   <div class='ocr_carea' id='block_1_4' title="bbox 246 2277 1460 2740">
    <p class='ocr_par' dir='ltr' id='par_1_10' title="bbox 246 2277 1460 2713">
     <span class='ocr_line' id='line_1_17' title="bbox 334 2277 1392 2367; baseline -0.009 -18"><span class='ocrx_word' id='word_1_127' title='bbox 334 2288 478 2364; x_wconf 77' lang='lat' dir='ltr'><strong>{profert</strong></span> <span class='ocrx_word' id='word_1_128' title='bbox 492 2285 522 2342; x_wconf 82' lang='grc' dir='ltr'><strong>Ζ.</strong></span> <span class='ocrx_word' id='word_1_129' title='bbox 544 2284 661 2361; x_wconf 83' lang='lat' dir='ltr'><strong>profert</strong></span> <span class='ocrx_word' id='word_1_130' title='bbox 680 2286 731 2342; x_wconf 86' lang='lat' dir='ltr'><strong>FG</strong></span> <span class='ocrx_word' id='word_1_131' title='bbox 750 2277 764 2364; x_wconf 81' lang='grc' dir='ltr'><strong>ΙΙ</strong></span> <span class='ocrx_word' id='word_1_132' title='bbox 786 2284 1068 2348; x_wconf 77' lang='lat' dir='ltr'><strong>sle1i0BCD2.L.</strong></span> <span class='ocrx_word' id='word_1_133' title='bbox 1087 2288 1113 2343; x_wconf 99' lang='lat' dir='ltr'><strong><em>G</em></strong></span> <span class='ocrx_word' id='word_1_134' title='bbox 1133 2280 1147 2367; x_wconf 80' lang='grc' dir='ltr'><strong>ΙΙ</strong></span> <span class='ocrx_word' id='word_1_135' title='bbox 1168 2284 1303 2363; x_wconf 88' lang='lat' dir='ltr'><strong>scipione</strong></span> <span class='ocrx_word' id='word_1_136' title='bbox 1324 2284 1392 2355; x_wconf 78' lang='lat' dir='ltr'><strong>(nisi</strong></span> 
     </span>
     <span class='ocr_line' id='line_1_18' title="bbox 248 2366 1388 2450; baseline -0.005 -20"><span class='ocrx_word' id='word_1_137' title='bbox 248 2375 324 2447; x_wconf 81' lang='lat' dir='ltr'><strong>quod</strong></span> <span class='ocrx_word' id='word_1_138' title='bbox 344 2369 404 2429; x_wconf 87' lang='lat' dir='ltr'><strong>Sci.</strong></span> <span class='ocrx_word' id='word_1_139' title='bbox 424 2370 460 2448; x_wconf 85' lang='lat' dir='ltr'><strong>G)</strong></span> <span class='ocrx_word' id='word_1_140' title='bbox 475 2373 543 2427; x_wconf 79' lang='lat' dir='ltr'><strong>libri</strong></span> <span class='ocrx_word' id='word_1_141' title='bbox 558 2373 662 2426; x_wconf 75' lang='lat' dir='ltr'><strong>ceteri:</strong></span> <span class='ocrx_word' id='word_1_142' title='bbox 679 2366 838 2447; x_wconf 86' lang='lat' dir='ltr'><strong>Scipione,</strong></span> <span class='ocrx_word' id='word_1_143' title='bbox 856 2370 1033 2450; x_wconf 87' lang='lat' dir='ltr'><strong>quibuscum</strong></span> <span class='ocrx_word' id='word_1_144' title='bbox 1051 2370 1241 2431; x_wconf 80' lang='lat' dir='ltr'><strong>familiariter</strong></span> <span class='ocrx_word' id='word_1_145' title='bbox 1257 2369 1335 2427; x_wconf 85' lang='lat' dir='ltr'><strong>uixit</strong></span> <span class='ocrx_word' id='word_1_146' title='bbox 1353 2371 1388 2435; x_wconf 86' lang='grc' dir='ltr'><em>Ε,</em></span> 
     </span>
     <span class='ocr_line' id='line_1_19' title="bbox 255 2452 1389 2537; baseline -0.005 -22"><span class='ocrx_word' id='word_1_147' title='bbox 255 2461 314 2516; x_wconf 82' lang='lat' dir='ltr'><strong>Vrt.</strong></span> <span class='ocrx_word' id='word_1_148' title='bbox 328 2458 398 2527; x_wconf 85' lang='lat' dir='ltr'><strong>(iam</strong></span> <span class='ocrx_word' id='word_1_149' title='bbox 411 2476 437 2513; x_wconf 84' lang='lat' dir='ltr'><strong>a.</strong></span> <span class='ocrx_word' id='word_1_150' title='bbox 453 2456 543 2529; x_wconf 68' lang='lat' dir='ltr'><strong>IAN)</strong></span> <span class='ocrx_word' id='word_1_151' title='bbox 556 2468 608 2525; x_wconf 79' lang='lat' dir='ltr'><strong>ep.</strong></span> <span class='ocrx_word' id='word_1_152' title='bbox 621 2459 667 2523; x_wconf 81' lang='lat'><strong>27,</strong></span> <span class='ocrx_word' id='word_1_153' title='bbox 682 2460 699 2510; x_wconf 83' lang='lat'><strong><em>3</em></strong></span> <span class='ocrx_word' id='word_1_154' title='bbox 713 2452 726 2532; x_wconf 65' lang='lat' dir='ltr'><strong>li</strong></span> <span class='ocrx_word' id='word_1_155' title='bbox 741 2472 870 2537; x_wconf 87' lang='lat' dir='ltr'><strong>eamque</strong></span> <span class='ocrx_word' id='word_1_156' title='bbox 881 2457 1055 2529; x_wconf 76' lang='lat' dir='ltr'><strong>Sclopeoua.</strong></span> <span class='ocrx_word' id='word_1_157' title='bbox 1066 2475 1196 2535; x_wconf 88' lang='lat' dir='ltr'><strong>namque</strong></span> <span class='ocrx_word' id='word_1_158' title='bbox 1204 2458 1238 2514; x_wconf 90' lang='lat' dir='ltr'><strong>A.</strong></span> <span class='ocrx_word' id='word_1_159' title='bbox 1248 2452 1389 2513; x_wconf 88' lang='lat' dir='ltr'><strong>caudam-</strong></span> 
     </span>
     <span class='ocr_line' id='line_1_20' title="bbox 248 2528 1390 2621; baseline -0.004 -23"><span class='ocrx_word' id='word_1_160' title='bbox 248 2562 307 2621; x_wconf 87' lang='lat' dir='ltr'><strong>que</strong></span> <span class='ocrx_word' id='word_1_161' title='bbox 321 2544 355 2599; x_wconf 90' lang='grc' dir='ltr'><em>Ε.</em></span> <span class='ocrx_word' id='word_1_162' title='bbox 376 2538 565 2617; x_wconf 84' lang='lat' dir='ltr'><strong>eundemque</strong></span> <span class='ocrx_word' id='word_1_163' title='bbox 583 2539 614 2595; x_wconf 86' lang='lat' dir='ltr'><strong>G.</strong></span> <span class='ocrx_word' id='word_1_164' title='bbox 632 2536 761 2595; x_wconf 87' lang='lat' dir='ltr'><strong>eandem</strong></span> <span class='ocrx_word' id='word_1_165' title='bbox 776 2544 866 2598; x_wconf 81' lang='lat' dir='ltr'><strong>celari</strong></span> <span class='ocrx_word' id='word_1_166' title='bbox 879 2534 892 2621; x_wconf 78' lang='grc' dir='ltr'>Η</span> <span class='ocrx_word' id='word_1_167' title='bbox 907 2541 1013 2599; x_wconf 85' lang='lat' dir='ltr'><strong>hauxit</strong></span> <span class='ocrx_word' id='word_1_168' title='bbox 1030 2528 1160 2619; x_wconf 68' lang='lat' dir='ltr'><strong>C.,ha&#39;xit</strong></span> <span class='ocrx_word' id='word_1_169' title='bbox 1178 2542 1239 2613; x_wconf 84' lang='lat' dir='ltr'><strong>Bo,</strong></span> <span class='ocrx_word' id='word_1_170' title='bbox 1256 2532 1319 2596; x_wconf 76' lang='lat' dir='ltr'><strong>ixit</strong></span> <span class='ocrx_word' id='word_1_171' title='bbox 1337 2540 1390 2595; x_wconf 83' lang='lat' dir='ltr'><strong>Bb.</strong></span> 
     </span>
     <span class='ocr_line' id='line_1_21' title="bbox 246 2614 1460 2713; baseline -0.004 -29"><span class='ocrx_word' id='word_1_172' title='bbox 246 2625 324 2684; x_wconf 85' lang='lat' dir='ltr'><strong>uixit</strong></span> <span class='ocrx_word' id='word_1_173' title='bbox 339 2626 367 2682; x_wconf 98' lang='grc' dir='ltr'><em>Ε</em></span> <span class='ocrx_word' id='word_1_174' title='bbox 380 2620 395 2705; x_wconf 76' lang='lat' dir='ltr'><strong>ll</strong></span> <span class='ocrx_word' id='word_1_175' title='bbox 409 2642 572 2703; x_wconf 87' lang='lat' dir='ltr'><strong>numquam</strong></span> <span class='ocrx_word' id='word_1_176' title='bbox 593 2625 681 2680; x_wconf 85' lang='lat' dir='ltr'><strong>AEG.</strong></span> <span class='ocrx_word' id='word_1_177' title='bbox 702 2641 865 2703; x_wconf 88' lang='lat' dir='ltr'><strong>numquam</strong></span> <span class='ocrx_word' id='word_1_178' title='bbox 892 2626 971 2709; x_wconf 78' lang='lat' dir='ltr'><strong>enim</strong></span> <span class='ocrx_word' id='word_1_179' title='bbox 993 2629 1083 2683; x_wconf 83' lang='lat' dir='ltr'><strong>ceteri</strong></span> <span class='ocrx_word' id='word_1_180' title='bbox 1102 2621 1115 2706; x_wconf 77' lang='grc' dir='ltr'><strong>ΙΙ</strong></span> <span class='ocrx_word' id='word_1_181' title='bbox 1135 2634 1152 2685; x_wconf 82' lang='lat'>4</span> <span class='ocrx_word' id='word_1_182' title='bbox 1175 2624 1286 2683; x_wconf 82' lang='lat' dir='ltr'><strong>leniter</strong></span> <span class='ocrx_word' id='word_1_183' title='bbox 1307 2625 1363 2713; x_wconf 45' lang='grc' dir='ltr'><em>ΕΖ,</em></span> <span class='ocrx_word' id='word_1_184' title='bbox 1379 2614 1391 2698; x_wconf 69' lang='lat' dir='ltr'><strong>l</strong></span> <span class='ocrx_word' id='word_1_185' title='bbox 1449 2676 1460 2709; x_wconf 93' lang='lat'><strong>·.</strong></span> 
     </span>
    </p>

    <p class='ocr_par' dir='ltr' id='par_1_11' title="bbox 716 2707 737 2740">
     <span class='ocr_line' id='line_1_22' title="bbox 716 2707 737 2740; baseline 0 0"><span class='ocrx_word' id='word_1_186' title='bbox 716 2707 737 2740; x_wconf 88' lang='lat' dir='ltr'><strong>lu</strong></span> 
     </span>
    </p>
   </div>
   <div class='ocr_carea' id='block_1_5' title="bbox 212 2728 1390 2939">
    <p class='ocr_par' dir='ltr' id='par_1_12' title="bbox 212 2728 1390 2947">
     <span class='ocr_line' id='line_1_23' title="bbox 212 2728 1389 2839; baseline -0.012 -10"><span class='ocrx_word' id='word_1_187' title='bbox 212 2825 215 2829; x_wconf 76' lang='grc'>,</span> <span class='ocrx_word' id='word_1_188' title='bbox 246 2780 280 2824; x_wconf 69' lang='lat' dir='ltr'><strong>aa</strong></span> <span class='ocrx_word' id='word_1_189' title='bbox 303 2754 405 2838; x_wconf 89' lang='lat' dir='ltr'><strong>tutari]</strong></span> <span class='ocrx_word' id='word_1_190' title='bbox 432 2758 566 2816; x_wconf 87' lang='lat' dir='ltr'><strong>refutare</strong></span> <span class='ocrx_word' id='word_1_191' title='bbox 593 2732 693 2821; x_wconf 43' lang='lat' dir='ltr'><strong>Aque</strong></span> <span class='ocrx_word' id='word_1_192' title='bbox 707 2757 796 2835; x_wconf 77' lang='lat' dir='ltr'><strong>ditari</strong></span> <span class='ocrx_word' id='word_1_193' title='bbox 811 2763 839 2815; x_wconf 84' lang='lat' dir='ltr'><em>F</em></span> <span class='ocrx_word' id='word_1_194' title='bbox 849 2761 905 2831; x_wconf 79' lang='lat' dir='ltr'><strong>[ll]</strong></span> <span class='ocrx_word' id='word_1_195' title='bbox 926 2753 939 2839; x_wconf 77' lang='grc' dir='ltr'><strong>ΙΙ</strong></span> <span class='ocrx_word' id='word_1_196' title='bbox 963 2770 1070 2834; x_wconf 68' lang='lat' dir='ltr'><strong>conato</strong></span> <span class='ocrx_word' id='word_1_197' title='bbox 1092 2758 1133 2835; x_wconf 77' lang='lat' dir='ltr'><strong>(o.</strong></span> <span class='ocrx_word' id='word_1_198' title='bbox 1157 2775 1179 2816; x_wconf 77' lang='lat' dir='ltr'><strong>e,</strong></span> <span class='ocrx_word' id='word_1_199' title='bbox 1197 2728 1338 2832; x_wconf 70' lang='lat' dir='ltr'><strong>conatus)</strong></span> <span class='ocrx_word' id='word_1_200' title='bbox 1355 2756 1389 2815; x_wconf 75' lang='lat' dir='ltr'><strong>A.</strong></span> 
     </span>
     <span class='ocr_line' id='line_1_24' title="bbox 247 2834 1390 2939; baseline -0.005 -34"><span class='ocrx_word' id='word_1_201' title='bbox 247 2853 373 2905; x_wconf 87' lang='lat' dir='ltr'><strong>conatur</strong></span> <span class='ocrx_word' id='word_1_202' title='bbox 384 2846 474 2901; x_wconf 79' lang='lat' dir='ltr'><strong>ceteri</strong></span> <span class='ocrx_word' id='word_1_203' title='bbox 488 2843 545 2915; x_wconf 84' lang='lat' dir='ltr'><strong>[DJ</strong></span> <span class='ocrx_word' id='word_1_204' title='bbox 566 2836 579 2923; x_wconf 75' lang='lat' dir='ltr'><strong>ll</strong></span> <span class='ocrx_word' id='word_1_205' title='bbox 598 2844 670 2939; x_wconf 69' lang='lat' dir='ltr'><strong>elG</strong></span> <span class='ocrx_word' id='word_1_206' title='bbox 690 2834 707 2923; x_wconf 74' lang='grc' dir='ltr'><strong>Π</strong></span> <span class='ocrx_word' id='word_1_207' title='bbox 725 2841 865 2922; x_wconf 78' lang='lat' dir='ltr'><strong>prologo]</strong></span> <span class='ocrx_word' id='word_1_208' title='bbox 887 2864 911 2902; x_wconf 83' lang='lat' dir='ltr'><strong>u.</strong></span> <span class='ocrx_word' id='word_1_209' title='bbox 936 2851 971 2900; x_wconf 82' lang='lat'><strong>15</strong></span> <span class='ocrx_word' id='word_1_210' title='bbox 991 2838 1003 2924; x_wconf 74' lang='lat' dir='ltr'><strong>ll</strong></span> <span class='ocrx_word' id='word_1_211' title='bbox 1019 2855 1034 2905; x_wconf 84' lang='lat'>5</span> <span class='ocrx_word' id='word_1_212' title='bbox 1052 2843 1124 2921; x_wconf 91' lang='lat' dir='ltr'><strong>quid</strong></span> <span class='ocrx_word' id='word_1_213' title='bbox 1141 2845 1175 2899; x_wconf 90' lang='lat' dir='ltr'><strong>B.</strong></span> <span class='ocrx_word' id='word_1_214' title='bbox 1194 2862 1245 2900; x_wconf 90' lang='lat' dir='ltr'><strong>om.</strong></span> <span class='ocrx_word' id='word_1_215' title='bbox 1262 2845 1289 2899; x_wconf 85' lang='lat' dir='ltr'><strong>ll</strong></span> <span class='ocrx_word' id='word_1_216' title='bbox 1304 2839 1317 2925; x_wconf 79' lang='grc' dir='ltr'><strong>ΙΙ</strong></span> <span class='ocrx_word' id='word_1_217' title='bbox 1331 2842 1390 2920; x_wconf 89' lang='lat' dir='ltr'><strong>ipsi</strong></span> 
     </span>
    </p>
   </div>
   <div class='ocr_carea' id='block_1_6' title="bbox 198 2952 1390 3741">
    <p class='ocr_par' dir='ltr' id='par_1_13' title="bbox 198 2952 1390 3741">
     <span class='ocr_line' id='line_1_25' title="bbox 245 2952 1390 3061; baseline -0.007 -19"><span class='ocrx_word' id='word_1_218' title='bbox 245 2982 374 3042; x_wconf 86' lang='lat' dir='ltr'><strong><em>ABGDG</em></strong></span> <span class='ocrx_word' id='word_1_219' title='bbox 390 2973 403 3061; x_wconf 77' lang='grc' dir='ltr'><strong>ΙΙ</strong></span> <span class='ocrx_word' id='word_1_220' title='bbox 417 2977 562 3036; x_wconf 88' lang='lat' dir='ltr'><strong>maleuoli</strong></span> <span class='ocrx_word' id='word_1_221' title='bbox 580 2981 615 3035; x_wconf 80' lang='lat' dir='ltr'><strong>A.</strong></span> <span class='ocrx_word' id='word_1_222' title='bbox 633 2952 777 3038; x_wconf 69' lang='lat' dir='ltr'><strong>malleuoli</strong></span> <span class='ocrx_word' id='word_1_223' title='bbox 793 2982 825 3037; x_wconf 82' lang='lat' dir='ltr'><strong>F.</strong></span> <span class='ocrx_word' id='word_1_224' title='bbox 841 2978 976 3037; x_wconf 89' lang='lat' dir='ltr'><strong>maliuoli</strong></span> <span class='ocrx_word' id='word_1_225' title='bbox 989 2983 1079 3036; x_wconf 80' lang='lat' dir='ltr'><strong>celeri</strong></span> <span class='ocrx_word' id='word_1_226' title='bbox 1098 2973 1111 3061; x_wconf 76' lang='lat' dir='ltr'><strong>ll</strong></span> <span class='ocrx_word' id='word_1_227' title='bbox 1132 2977 1251 3037; x_wconf 89' lang='lat' dir='ltr'><strong>nobiles</strong></span> <span class='ocrx_word' id='word_1_228' title='bbox 1266 2998 1320 3037; x_wconf 89' lang='lat' dir='ltr'><strong>om.</strong></span> <span class='ocrx_word' id='word_1_229' title='bbox 1340 2980 1367 3034; x_wconf 82' lang='lat' dir='ltr'><em>D</em></span> <span class='ocrx_word' id='word_1_230' title='bbox 1382 2974 1390 3054; x_wconf 77' lang='lat' dir='ltr'><strong>ll</strong></span> 
     </span>
     <span class='ocr_line' id='line_1_26' title="bbox 198 3057 1389 3144; baseline -0.003 -20"><span class='ocrx_word' id='word_1_231' title='bbox 198 3108 201 3115; x_wconf 63' lang='grc'>«</span> <span class='ocrx_word' id='word_1_232' title='bbox 246 3076 263 3130; x_wconf 89' lang='grc'><strong>6</strong></span> <span class='ocrx_word' id='word_1_233' title='bbox 283 3062 389 3142; x_wconf 87' lang='lat' dir='ltr'><strong>Hunc]</strong></span> <span class='ocrx_word' id='word_1_234' title='bbox 413 3065 493 3122; x_wconf 86' lang='lat' dir='ltr'><strong>Eum</strong></span> <span class='ocrx_word' id='word_1_235' title='bbox 513 3062 581 3120; x_wconf 82' lang='lat' dir='ltr'><strong>libri</strong></span> <span class='ocrx_word' id='word_1_236' title='bbox 603 3066 768 3121; x_wconf 76' lang='lat' dir='ltr'><strong>Terentiam</strong></span> <span class='ocrx_word' id='word_1_237' title='bbox 789 3057 802 3144; x_wconf 76' lang='grc' dir='ltr'><strong>ΙΙ</strong></span> <span class='ocrx_word' id='word_1_238' title='bbox 817 3062 940 3121; x_wconf 84' lang='lat' dir='ltr'><strong>assidue</strong></span> <span class='ocrx_word' id='word_1_239' title='bbox 963 3084 1023 3121; x_wconf 88' lang='lat' dir='ltr'><strong>una</strong></span> <span class='ocrx_word' id='word_1_240' title='bbox 1040 3067 1063 3122; x_wconf 91' lang='lat' dir='ltr'><strong><em>G</em></strong></span> <span class='ocrx_word' id='word_1_241' title='bbox 1079 3059 1091 3144; x_wconf 74' lang='lat' dir='ltr'><strong>ll</strong></span> <span class='ocrx_word' id='word_1_242' title='bbox 1107 3072 1122 3125; x_wconf 86' lang='lat'>7</span> <span class='ocrx_word' id='word_1_243' title='bbox 1138 3063 1304 3123; x_wconf 87' lang='lat' dir='ltr'><strong>uehemens</strong></span> <span class='ocrx_word' id='word_1_244' title='bbox 1322 3082 1389 3121; x_wconf 87' lang='lat' dir='ltr'><strong>esse</strong></span> 
     </span>
     <span class='ocr_line' id='line_1_27' title="bbox 246 3142 1389 3229; baseline -0.005 -19"><span class='ocrx_word' id='word_1_245' title='bbox 246 3155 308 3212; x_wconf 87' lang='grc' dir='ltr'><em>ΑΕ.</em></span> <span class='ocrx_word' id='word_1_246' title='bbox 330 3149 527 3208; x_wconf 86' lang='lat' dir='ltr'><strong>uehementer</strong></span> <span class='ocrx_word' id='word_1_247' title='bbox 550 3150 634 3205; x_wconf 72' lang='grc' dir='ltr'><em>ΒΕΖ),</em></span> <span class='ocrx_word' id='word_1_248' title='bbox 661 3148 825 3206; x_wconf 88' lang='lat' dir='ltr'><strong>uehemens</strong></span> <span class='ocrx_word' id='word_1_249' title='bbox 842 3148 894 3205; x_wconf 88' lang='grc' dir='ltr'><em>ΕΖ</em></span> <span class='ocrx_word' id='word_1_250' title='bbox 912 3143 925 3229; x_wconf 77' lang='grc' dir='ltr'><strong>ΙΙ</strong></span> <span class='ocrx_word' id='word_1_251' title='bbox 947 3146 1174 3226; x_wconf 70' lang='grc' dir='ltr'><strong>8Ειιιη]·Εεεθ</strong></span> <span class='ocrx_word' id='word_1_252' title='bbox 1198 3142 1249 3229; x_wconf 75' lang='lat' dir='ltr'><strong>Gll</strong></span> <span class='ocrx_word' id='word_1_253' title='bbox 1266 3148 1389 3206; x_wconf 82' lang='lat' dir='ltr'><strong>duxitG</strong></span> 
     </span>
     <span class='ocr_line' id='line_1_28' title="bbox 245 3226 1389 3315; baseline -0.006 -21"><span class='ocrx_word' id='word_1_254' title='bbox 245 3232 254 3315; x_wconf 75' lang='lat' dir='ltr'><strong>ll</strong></span> <span class='ocrx_word' id='word_1_255' title='bbox 273 3233 433 3294; x_wconf 79' lang='lat' dir='ltr'><strong>maximam</strong></span> <span class='ocrx_word' id='word_1_256' title='bbox 449 3236 517 3291; x_wconf 80' lang='lat' dir='ltr'><strong>libri</strong></span> <span class='ocrx_word' id='word_1_257' title='bbox 534 3226 558 3311; x_wconf 78' lang='lat' dir='ltr'><strong>ll</strong></span> <span class='ocrx_word' id='word_1_258' title='bbox 569 3231 674 3311; x_wconf 84' lang='lat' dir='ltr'><strong>quom]</strong></span> <span class='ocrx_word' id='word_1_259' title='bbox 692 3251 758 3290; x_wconf 90' lang='lat' dir='ltr'><strong>cum</strong></span> <span class='ocrx_word' id='word_1_260' title='bbox 774 3236 838 3290; x_wconf 83' lang='lat' dir='ltr'><strong>Ald.</strong></span> <span class='ocrx_word' id='word_1_261' title='bbox 856 3236 883 3303; x_wconf 85' lang='lat' dir='ltr'><strong>(e</strong></span> <span class='ocrx_word' id='word_1_262' title='bbox 900 3237 1053 3308; x_wconf 61' lang='lat' dir='ltr'><strong>Terentio),</strong></span> <span class='ocrx_word' id='word_1_263' title='bbox 1074 3234 1123 3312; x_wconf 78' lang='lat' dir='ltr'><strong>Qd</strong></span> <span class='ocrx_word' id='word_1_264' title='bbox 1139 3232 1180 3311; x_wconf 76' lang='lat' dir='ltr'><strong>(h.</strong></span> <span class='ocrx_word' id='word_1_265' title='bbox 1202 3251 1226 3291; x_wconf 84' lang='lat' dir='ltr'><strong>e.</strong></span> <span class='ocrx_word' id='word_1_266' title='bbox 1244 3232 1340 3309; x_wconf 78' lang='lat' dir='ltr'><strong>Quid)</strong></span> <span class='ocrx_word' id='word_1_267' title='bbox 1356 3236 1389 3288; x_wconf 82' lang='lat' dir='ltr'><strong>A.</strong></span> 
     </span>
     <span class='ocr_line' id='line_1_29' title="bbox 246 3311 1390 3399; baseline -0.005 -21"><span class='ocrx_word' id='word_1_268' title='bbox 246 3320 297 3399; x_wconf 90' lang='lat' dir='ltr'><strong>qd&#39;</strong></span> <span class='ocrx_word' id='word_1_269' title='bbox 313 3320 348 3377; x_wconf 89' lang='lat' dir='ltr'><strong>D.</strong></span> <span class='ocrx_word' id='word_1_270' title='bbox 366 3338 387 3391; x_wconf 86' lang='lat' dir='ltr'><strong>q</strong></span> <span class='ocrx_word' id='word_1_271' title='bbox 406 3322 441 3377; x_wconf 83' lang='lat' dir='ltr'><strong>F.</strong></span> <span class='ocrx_word' id='word_1_272' title='bbox 458 3316 539 3396; x_wconf 89' lang='lat' dir='ltr'><strong>quod</strong></span> <span class='ocrx_word' id='word_1_273' title='bbox 554 3322 643 3375; x_wconf 81' lang='lat' dir='ltr'><strong>celeri</strong></span> <span class='ocrx_word' id='word_1_274' title='bbox 656 3313 669 3398; x_wconf 86' lang='grc' dir='ltr'><strong>ΙΙ</strong></span> <span class='ocrx_word' id='word_1_275' title='bbox 685 3318 807 3396; x_wconf 84' lang='lat' dir='ltr'><strong>placeat</strong></span> <span class='ocrx_word' id='word_1_276' title='bbox 823 3319 878 3375; x_wconf 89' lang='lat' dir='ltr'><strong>GZ.</strong></span> <span class='ocrx_word' id='word_1_277' title='bbox 896 3318 1019 3396; x_wconf 86' lang='lat' dir='ltr'><strong>placent</strong></span> <span class='ocrx_word' id='word_1_278' title='bbox 1037 3322 1066 3376; x_wconf 91' lang='grc' dir='ltr'><em>Ε</em></span> <span class='ocrx_word' id='word_1_279' title='bbox 1078 3313 1091 3399; x_wconf 77' lang='lat' dir='ltr'><strong>{l</strong></span> <span class='ocrx_word' id='word_1_280' title='bbox 1107 3329 1124 3382; x_wconf 84' lang='lat'><strong>9</strong></span> <span class='ocrx_word' id='word_1_281' title='bbox 1148 3317 1216 3393; x_wconf 72' lang='lat' dir='ltr'><strong>oid</strong></span> <span class='ocrx_word' id='word_1_282' title='bbox 1237 3323 1260 3375; x_wconf 83' lang='lat' dir='ltr'><em>A</em></span> <span class='ocrx_word' id='word_1_283' title='bbox 1275 3311 1288 3398; x_wconf 75' lang='lat' dir='ltr'><strong>ll</strong></span> <span class='ocrx_word' id='word_1_284' title='bbox 1303 3315 1390 3373; x_wconf 90' lang='lat' dir='ltr'><strong>uobis</strong></span> 
     </span>
     <span class='ocr_line' id='line_1_30' title="bbox 246 3340 1389 3484; baseline -0.006 -21"><span class='ocrx_word' id='word_1_285' title='bbox 246 3425 300 3463; x_wconf 85' lang='lat' dir='ltr'><strong>om.</strong></span> <span class='ocrx_word' id='word_1_286' title='bbox 319 3406 448 3461; x_wconf 82' lang='lat' dir='ltr'><strong><em>BCDGZ</em></strong></span> <span class='ocrx_word' id='word_1_287' title='bbox 467 3401 479 3480; x_wconf 78' lang='lat' dir='ltr'><strong>ll</strong></span> <span class='ocrx_word' id='word_1_288' title='bbox 500 3398 675 3461; x_wconf 79' lang='lat' dir='ltr'><strong>inuniuersis</strong></span> <span class='ocrx_word' id='word_1_289' title='bbox 693 3408 755 3461; x_wconf 74' lang='lat' dir='ltr'><strong>aad,</strong></span> <span class='ocrx_word' id='word_1_290' title='bbox 773 3423 809 3459; x_wconf 89' lang='lat' dir='ltr'><strong>m.</strong></span> <span class='ocrx_word' id='word_1_291' title='bbox 827 3404 860 3460; x_wconf 87' lang='lat' dir='ltr'><strong>G.</strong></span> <span class='ocrx_word' id='word_1_292' title='bbox 880 3403 1030 3461; x_wconf 86' lang='lat' dir='ltr'><strong>uniuersis</strong></span> <span class='ocrx_word' id='word_1_293' title='bbox 1051 3340 1165 3484; x_wconf 50' lang='lat' dir='ltr'><strong>eamq</strong></span> <span class='ocrx_word' id='word_1_294' title='bbox 1194 3411 1225 3461; x_wconf 84' lang='lat' dir='ltr'><strong>et</strong></span> <span class='ocrx_word' id='word_1_295' title='bbox 1238 3421 1292 3460; x_wconf 86' lang='lat' dir='ltr'><strong>om.</strong></span> <span class='ocrx_word' id='word_1_296' title='bbox 1312 3401 1389 3458; x_wconf 74' lang='grc' dir='ltr'><em>ΒΕΖ)</em></span> 
     </span>
     <span class='ocr_line' id='line_1_31' title="bbox 246 3482 1388 3572; baseline -0.005 -25"><span class='ocrx_word' id='word_1_297' title='bbox 246 3482 394 3572; x_wconf 63' lang='lat' dir='ltr'><strong>lplaccat</strong></span> <span class='ocrx_word' id='word_1_298' title='bbox 412 3491 439 3545; x_wconf 82' lang='lat' dir='ltr'><strong>ll</strong></span> <span class='ocrx_word' id='word_1_299' title='bbox 454 3483 467 3569; x_wconf 80' lang='grc' dir='ltr'><strong>ΙΙ</strong></span> <span class='ocrx_word' id='word_1_300' title='bbox 485 3497 518 3549; x_wconf 84' lang='grc'><strong>10</strong></span> <span class='ocrx_word' id='word_1_301' title='bbox 536 3506 660 3565; x_wconf 87' lang='lat' dir='ltr'><strong>operam</strong></span> <span class='ocrx_word' id='word_1_302' title='bbox 683 3482 735 3568; x_wconf 76' lang='lat' dir='ltr'><strong>Gll</strong></span> <span class='ocrx_word' id='word_1_303' title='bbox 750 3486 817 3545; x_wconf 86' lang='lat' dir='ltr'><strong>ocio</strong></span> <span class='ocrx_word' id='word_1_304' title='bbox 840 3488 871 3545; x_wconf 90' lang='lat' dir='ltr'><strong>in</strong></span> <span class='ocrx_word' id='word_1_305' title='bbox 895 3489 1024 3564; x_wconf 84' lang='lat' dir='ltr'><strong>negocio</strong></span> <span class='ocrx_word' id='word_1_306' title='bbox 1048 3490 1153 3546; x_wconf 82' lang='lat' dir='ltr'><strong><em>GDEF</em></strong></span> <span class='ocrx_word' id='word_1_307' title='bbox 1180 3482 1184 3568; x_wconf 90' lang='grc' dir='ltr'>Ι</span> <span class='ocrx_word' id='word_1_308' title='bbox 1209 3498 1237 3548; x_wconf 87' lang='lat' dir='ltr'><strong>ll</strong></span> <span class='ocrx_word' id='word_1_309' title='bbox 1261 3505 1315 3544; x_wconf 90' lang='lat' dir='ltr'><strong>suo</strong></span> <span class='ocrx_word' id='word_1_310' title='bbox 1334 3504 1388 3542; x_wconf 73' lang='lat' dir='ltr'><strong>ooo.</strong></span> 
     </span>
     <span class='ocr_line' id='line_1_32' title="bbox 247 3566 1388 3663; baseline -0.004 -30"><span class='ocrx_word' id='word_1_311' title='bbox 247 3580 271 3633; x_wconf 90' lang='lat' dir='ltr'><strong><em>G</em></strong></span> <span class='ocrx_word' id='word_1_312' title='bbox 287 3570 300 3655; x_wconf 74' lang='lat' dir='ltr'><strong>ll</strong></span> <span class='ocrx_word' id='word_1_313' title='bbox 314 3592 452 3654; x_wconf 89' lang='lat' dir='ltr'><strong>quasque</strong></span> <span class='ocrx_word' id='word_1_314' title='bbox 468 3576 491 3629; x_wconf 94' lang='lat' dir='ltr'><em>A</em></span> <span class='ocrx_word' id='word_1_315' title='bbox 507 3566 521 3653; x_wconf 77' lang='lat' dir='ltr'><strong>{l</strong></span> <span class='ocrx_word' id='word_1_316' title='bbox 534 3580 671 3649; x_wconf 90' lang='lat' dir='ltr'><strong>tempore</strong></span> <span class='ocrx_word' id='word_1_317' title='bbox 691 3591 768 3663; x_wconf 53' lang='lat' dir='ltr'><strong>usus·</strong></span> <span class='ocrx_word' id='word_1_318' title='bbox 780 3583 827 3630; x_wconf 90' lang='lat' dir='ltr'><strong>est</strong></span> <span class='ocrx_word' id='word_1_319' title='bbox 842 3573 869 3643; x_wconf 84' lang='lat' dir='ltr'><strong>(e</strong></span> <span class='ocrx_word' id='word_1_320' title='bbox 885 3575 1026 3645; x_wconf 78' lang='lat' dir='ltr'><strong>Terentio)</strong></span> <span class='ocrx_word' id='word_1_321' title='bbox 1045 3575 1125 3632; x_wconf 85' lang='lat' dir='ltr'><em>CEZ.</em></span> <span class='ocrx_word' id='word_1_322' title='bbox 1148 3590 1220 3630; x_wconf 88' lang='lat' dir='ltr'><strong>usus</strong></span> <span class='ocrx_word' id='word_1_323' title='bbox 1245 3579 1291 3629; x_wconf 86' lang='lat' dir='ltr'><strong>est</strong></span> <span class='ocrx_word' id='word_1_324' title='bbox 1313 3577 1388 3647; x_wconf 64' lang='lat' dir='ltr'><strong>lem-</strong></span> 
     </span>
     <span class='ocr_line' id='line_1_33' title="bbox 245 3651 1388 3741; baseline -0.003 -25"><span class='ocrx_word' id='word_1_325' title='bbox 245 3679 319 3741; x_wconf 74' lang='lat' dir='ltr'><strong>poro</strong></span> <span class='ocrx_word' id='word_1_326' title='bbox 338 3663 371 3716; x_wconf 88' lang='lat' dir='ltr'><strong>F.</strong></span> <span class='ocrx_word' id='word_1_327' title='bbox 385 3674 457 3719; x_wconf 77' lang='lat' dir='ltr'><strong>usus</strong></span> <span class='ocrx_word' id='word_1_328' title='bbox 472 3666 521 3716; x_wconf 88' lang='lat' dir='ltr'><strong>cst</strong></span> <span class='ocrx_word' id='word_1_329' title='bbox 536 3660 625 3717; x_wconf 66' lang='lat' dir='ltr'><strong>celera</strong></span> <span class='ocrx_word' id='word_1_330' title='bbox 637 3651 652 3737; x_wconf 78' lang='grc' dir='ltr'><strong>ΙΙ</strong></span> <span class='ocrx_word' id='word_1_331' title='bbox 670 3666 701 3718; x_wconf 77' lang='lat'><strong>12</strong></span> <span class='ocrx_word' id='word_1_332' title='bbox 716 3666 817 3716; x_wconf 90' lang='lat' dir='ltr'><strong>autem</strong></span> <span class='ocrx_word' id='word_1_333' title='bbox 837 3657 935 3716; x_wconf 89' lang='lat' dir='ltr'><strong>leuius</strong></span> <span class='ocrx_word' id='word_1_334' title='bbox 958 3677 992 3716; x_wconf 88' lang='lat' dir='ltr'><strong>sc</strong></span> <span class='ocrx_word' id='word_1_335' title='bbox 1011 3659 1193 3715; x_wconf 74' lang='lat' dir='ltr'><strong>Rilschcliua</strong></span> <span class='ocrx_word' id='word_1_336' title='bbox 1209 3664 1310 3713; x_wconf 89' lang='lat' dir='ltr'><strong>autem</strong></span> <span class='ocrx_word' id='word_1_337' title='bbox 1325 3655 1388 3713; x_wconf 89' lang='lat' dir='ltr'><strong>lae·</strong></span> 
     </span>
    </p>
   </div>
   <div class='ocr_carea' id='block_1_7' title="bbox 245 3747 1482 4518">
    <p class='ocr_par' dir='ltr' id='par_1_14' title="bbox 245 3747 1482 4518">
     <span class='ocr_line' id='line_1_34' title="bbox 246 3747 1388 3834; baseline -0.008 -13"><span class='ocrx_word' id='word_1_338' title='bbox 246 3747 304 3821; x_wconf 88' lang='lat' dir='ltr'><strong>lius</strong></span> <span class='ocrx_word' id='word_1_339' title='bbox 324 3770 425 3819; x_wconf 88' lang='lat' dir='ltr'><strong>autem</strong></span> <span class='ocrx_word' id='word_1_340' title='bbox 445 3763 479 3818; x_wconf 88' lang='lat' dir='ltr'><strong>A.</strong></span> <span class='ocrx_word' id='word_1_341' title='bbox 497 3768 597 3817; x_wconf 85' lang='lat' dir='ltr'><strong>autem</strong></span> <span class='ocrx_word' id='word_1_342' title='bbox 620 3778 654 3816; x_wconf 89' lang='lat' dir='ltr'><strong>se</strong></span> <span class='ocrx_word' id='word_1_343' title='bbox 669 3757 767 3817; x_wconf 86' lang='lat' dir='ltr'><strong>leuius</strong></span> <span class='ocrx_word' id='word_1_344' title='bbox 787 3761 837 3817; x_wconf 85' lang='lat' dir='ltr'><strong>BG</strong></span> <span class='ocrx_word' id='word_1_345' title='bbox 848 3768 889 3827; x_wconf 76' lang='lat' dir='ltr'><strong>el,</strong></span> <span class='ocrx_word' id='word_1_346' title='bbox 906 3763 962 3816; x_wconf 80' lang='lat' dir='ltr'><strong>nisi</strong></span> <span class='ocrx_word' id='word_1_347' title='bbox 975 3763 1052 3833; x_wconf 81' lang='lat' dir='ltr'><strong>quod</strong></span> <span class='ocrx_word' id='word_1_348' title='bbox 1071 3778 1108 3816; x_wconf 88' lang='lat' dir='ltr'><strong>eu</strong></span> <span class='ocrx_word' id='word_1_349' title='bbox 1128 3762 1158 3816; x_wconf 82' lang='lat' dir='ltr'><strong>ia</strong></span> <span class='ocrx_word' id='word_1_350' title='bbox 1174 3774 1246 3826; x_wconf 77' lang='lat' dir='ltr'><strong>roa,</strong></span> <span class='ocrx_word' id='word_1_351' title='bbox 1268 3759 1306 3829; x_wconf 87' lang='lat' dir='ltr'><strong>F,</strong></span> <span class='ocrx_word' id='word_1_352' title='bbox 1323 3761 1388 3834; x_wconf 65' lang='lat' dir='ltr'><strong>ilem</strong></span> 
     </span>
     <span class='ocr_line' id='line_1_35' title="bbox 245 3835 1388 3922; baseline -0.005 -17"><span class='ocrx_word' id='word_1_353' title='bbox 245 3852 306 3905; x_wconf 78' lang='lat' dir='ltr'><strong>Alo.</strong></span> <span class='ocrx_word' id='word_1_354' title='bbox 324 3856 424 3904; x_wconf 68' lang='lat' dir='ltr'><strong>alitem</strong></span> <span class='ocrx_word' id='word_1_355' title='bbox 439 3863 473 3902; x_wconf 89' lang='lat' dir='ltr'><strong>se</strong></span> <span class='ocrx_word' id='word_1_356' title='bbox 489 3844 587 3903; x_wconf 87' lang='lat' dir='ltr'><strong>lenius</strong></span> <span class='ocrx_word' id='word_1_357' title='bbox 603 3845 633 3902; x_wconf 89' lang='lat' dir='ltr'><strong>Z.</strong></span> <span class='ocrx_word' id='word_1_358' title='bbox 651 3851 752 3902; x_wconf 84' lang='lat' dir='ltr'><strong>autem</strong></span> <span class='ocrx_word' id='word_1_359' title='bbox 767 3844 865 3902; x_wconf 88' lang='lat' dir='ltr'><strong>lenius</strong></span> <span class='ocrx_word' id='word_1_360' title='bbox 880 3847 915 3901; x_wconf 85' lang='lat' dir='ltr'><strong>E.</strong></span> <span class='ocrx_word' id='word_1_361' title='bbox 933 3854 1036 3901; x_wconf 85' lang='lat' dir='ltr'><strong>autem</strong></span> <span class='ocrx_word' id='word_1_362' title='bbox 1048 3842 1145 3901; x_wconf 88' lang='lat' dir='ltr'><strong>leuius</strong></span> <span class='ocrx_word' id='word_1_363' title='bbox 1158 3843 1237 3915; x_wconf 81' lang='lat' dir='ltr'><strong>GlD]</strong></span> <span class='ocrx_word' id='word_1_364' title='bbox 1251 3835 1266 3922; x_wconf 76' lang='lat' dir='ltr'><strong>ll</strong></span> <span class='ocrx_word' id='word_1_365' title='bbox 1280 3840 1388 3900; x_wconf 87' lang='lat' dir='ltr'><strong>Laelio</strong></span> 
     </span>
     <span class='ocr_line' id='line_1_36' title="bbox 247 3924 1390 4009; baseline -0.007 -18"><span class='ocrx_word' id='word_1_366' title='bbox 247 3941 278 3991; x_wconf 86' lang='lat' dir='ltr'><strong>et</strong></span> <span class='ocrx_word' id='word_1_367' title='bbox 299 3930 434 4009; x_wconf 85' lang='lat' dir='ltr'><strong>Scipioni</strong></span> <span class='ocrx_word' id='word_1_368' title='bbox 454 3932 495 3999; x_wconf 86' lang='lat' dir='ltr'><strong>E,</strong></span> <span class='ocrx_word' id='word_1_369' title='bbox 522 3924 581 3985; x_wconf 78' lang='lat' dir='ltr'><strong>Vct.</strong></span> <span class='ocrx_word' id='word_1_370' title='bbox 602 3947 640 3986; x_wconf 82' lang='lat' dir='ltr'><strong>er</strong></span> <span class='ocrx_word' id='word_1_371' title='bbox 661 3928 752 3987; x_wconf 88' lang='lat' dir='ltr'><strong>laelio</strong></span> <span class='ocrx_word' id='word_1_372' title='bbox 773 3948 812 3987; x_wconf 82' lang='lat' dir='ltr'><strong>ex</strong></span> <span class='ocrx_word' id='word_1_373' title='bbox 834 3929 977 4006; x_wconf 90' lang='lat' dir='ltr'><strong>scipionis</strong></span> <span class='ocrx_word' id='word_1_374' title='bbox 996 3931 1028 3984; x_wconf 87' lang='lat' dir='ltr'><strong>A.</strong></span> <span class='ocrx_word' id='word_1_375' title='bbox 1051 3935 1084 3983; x_wconf 84' lang='lat' dir='ltr'><strong>ut</strong></span> <span class='ocrx_word' id='word_1_376' title='bbox 1106 3926 1169 3985; x_wconf 89' lang='lat' dir='ltr'><strong>lelii</strong></span> <span class='ocrx_word' id='word_1_377' title='bbox 1194 3935 1225 3985; x_wconf 87' lang='lat' dir='ltr'><strong>et</strong></span> <span class='ocrx_word' id='word_1_378' title='bbox 1245 3925 1390 4004; x_wconf 85' lang='lat' dir='ltr'><strong>scipionis</strong></span> 
     </span>
     <span class='ocr_line' id='line_1_37' title="bbox 246 4010 1390 4091; baseline -0.009 -14"><span class='ocrx_word' id='word_1_379' title='bbox 246 4020 305 4077; x_wconf 85' lang='lat' dir='ltr'><strong>BC.</strong></span> <span class='ocrx_word' id='word_1_380' title='bbox 327 4025 357 4073; x_wconf 84' lang='lat' dir='ltr'><strong>et</strong></span> <span class='ocrx_word' id='word_1_381' title='bbox 376 4013 440 4073; x_wconf 93' lang='lat' dir='ltr'><strong>lelii</strong></span> <span class='ocrx_word' id='word_1_382' title='bbox 462 4032 500 4071; x_wconf 88' lang='lat' dir='ltr'><strong>ex</strong></span> <span class='ocrx_word' id='word_1_383' title='bbox 526 4013 671 4091; x_wconf 87' lang='lat' dir='ltr'><strong>scipionis</strong></span> <span class='ocrx_word' id='word_1_384' title='bbox 695 4015 731 4070; x_wconf 83' lang='lat' dir='ltr'><strong>D.</strong></span> <span class='ocrx_word' id='word_1_385' title='bbox 754 4022 785 4071; x_wconf 86' lang='lat' dir='ltr'><strong>et</strong></span> <span class='ocrx_word' id='word_1_386' title='bbox 805 4012 889 4071; x_wconf 87' lang='lat' dir='ltr'><strong>laelii</strong></span> <span class='ocrx_word' id='word_1_387' title='bbox 908 4019 939 4069; x_wconf 89' lang='lat' dir='ltr'><strong>et</strong></span> <span class='ocrx_word' id='word_1_388' title='bbox 960 4012 1103 4089; x_wconf 88' lang='lat' dir='ltr'><strong>scipionis</strong></span> <span class='ocrx_word' id='word_1_389' title='bbox 1124 4014 1159 4070; x_wconf 82' lang='lat' dir='ltr'><strong>F.</strong></span> <span class='ocrx_word' id='word_1_390' title='bbox 1181 4030 1237 4089; x_wconf 86' lang='lat' dir='ltr'><strong>per</strong></span> <span class='ocrx_word' id='word_1_391' title='bbox 1258 4010 1338 4068; x_wconf 88' lang='lat' dir='ltr'><strong>Lolii</strong></span> <span class='ocrx_word' id='word_1_392' title='bbox 1359 4020 1390 4068; x_wconf 88' lang='lat' dir='ltr'><strong>et</strong></span> 
     </span>
     <span class='ocr_line' id='line_1_38' title="bbox 246 4093 1389 4181; baseline -0.009 -20"><span class='ocrx_word' id='word_1_393' title='bbox 246 4100 389 4181; x_wconf 89' lang='lat' dir='ltr'><strong>scipionis</strong></span> <span class='ocrx_word' id='word_1_394' title='bbox 412 4102 445 4158; x_wconf 90' lang='lat' dir='ltr'><strong>G.</strong></span> <span class='ocrx_word' id='word_1_395' title='bbox 467 4106 498 4156; x_wconf 89' lang='lat' dir='ltr'><strong>et</strong></span> <span class='ocrx_word' id='word_1_396' title='bbox 520 4098 680 4161; x_wconf 83' lang='lat' dir='ltr'><strong>Leliorum</strong></span> <span class='ocrx_word' id='word_1_397' title='bbox 694 4098 829 4175; x_wconf 89' lang='lat' dir='ltr'><strong>Scipioni</strong></span> <span class='ocrx_word' id='word_1_398' title='bbox 851 4100 883 4154; x_wconf 89' lang='lat' dir='ltr'><strong>Z.</strong></span> <span class='ocrx_word' id='word_1_399' title='bbox 901 4105 931 4155; x_wconf 86' lang='lat' dir='ltr'><strong>et</strong></span> <span class='ocrx_word' id='word_1_400' title='bbox 952 4096 1059 4154; x_wconf 87' lang='lat' dir='ltr'><strong>Laelio</strong></span> <span class='ocrx_word' id='word_1_401' title='bbox 1081 4104 1113 4154; x_wconf 86' lang='lat' dir='ltr'><strong>et</strong></span> <span class='ocrx_word' id='word_1_402' title='bbox 1134 4093 1270 4174; x_wconf 84' lang='lat' dir='ltr'><strong>Scipioni</strong></span> <span class='ocrx_word' id='word_1_403' title='bbox 1285 4096 1389 4153; x_wconf 75' lang='lat' dir='ltr'><strong>Fleck-</strong></span> 
     </span>
     <span class='ocr_line' id='line_1_39' title="bbox 245 4173 1392 4266; baseline -0.009 -20"><span class='ocrx_word' id='word_1_404' title='bbox 245 4192 359 4246; x_wconf 80' lang='lat' dir='ltr'><strong>eisenur</strong></span> <span class='ocrx_word' id='word_1_405' title='bbox 373 4179 386 4266; x_wconf 79' lang='lat' dir='ltr'><strong>ll</strong></span> <span class='ocrx_word' id='word_1_406' title='bbox 405 4194 435 4246; x_wconf 86' lang='grc'><strong>13</strong></span> <span class='ocrx_word' id='word_1_407' title='bbox 449 4183 610 4261; x_wconf 83' lang='lat' dir='ltr'><strong>ingratiam</strong></span> <span class='ocrx_word' id='word_1_408' title='bbox 625 4184 653 4240; x_wconf 91' lang='lat' dir='ltr'><em>B</em></span> <span class='ocrx_word' id='word_1_409' title='bbox 667 4176 681 4263; x_wconf 74' lang='lat' dir='ltr'><strong>ll</strong></span> <span class='ocrx_word' id='word_1_410' title='bbox 696 4201 755 4261; x_wconf 87' lang='lat' dir='ltr'><strong>que</strong></span> <span class='ocrx_word' id='word_1_411' title='bbox 770 4185 802 4244; x_wconf 89' lang='lat' dir='ltr'><strong>Z.</strong></span> <span class='ocrx_word' id='word_1_412' title='bbox 818 4182 870 4261; x_wconf 86' lang='lat' dir='ltr'><strong>qni</strong></span> <span class='ocrx_word' id='word_1_413' title='bbox 885 4183 908 4239; x_wconf 87' lang='lat' dir='ltr'><strong><em>G</em></strong></span> <span class='ocrx_word' id='word_1_414' title='bbox 923 4173 936 4261; x_wconf 77' lang='lat' dir='ltr'><strong>ll</strong></span> <span class='ocrx_word' id='word_1_415' title='bbox 951 4189 1014 4238; x_wconf 88' lang='lat' dir='ltr'><strong>tum</strong></span> <span class='ocrx_word' id='word_1_416' title='bbox 1029 4183 1220 4238; x_wconf 74' lang='lat' dir='ltr'><strong>Bitoclrelius:</strong></span> <span class='ocrx_word' id='word_1_417' title='bbox 1237 4184 1314 4254; x_wconf 82' lang='lat' dir='ltr'><strong>qaod</strong></span> <span class='ocrx_word' id='word_1_418' title='bbox 1324 4187 1392 4252; x_wconf 76' lang='lat' dir='ltr'><strong>posi</strong></span> 
     </span>
     <span class='ocr_line' id='line_1_40' title="bbox 245 4259 1470 4347; baseline -0.008 -17"><span class='ocrx_word' id='word_1_419' title='bbox 245 4280 392 4345; x_wconf 78' lang='lat' dir='ltr'><strong>repertum</strong></span> <span class='ocrx_word' id='word_1_420' title='bbox 404 4280 446 4327; x_wconf 78' lang='lat' dir='ltr'><strong>est</strong></span> <span class='ocrx_word' id='word_1_421' title='bbox 459 4273 489 4327; x_wconf 83' lang='lat' dir='ltr'><strong>in</strong></span> <span class='ocrx_word' id='word_1_422' title='bbox 505 4271 537 4327; x_wconf 75' lang='lat' dir='ltr'><strong>G,</strong></span> <span class='ocrx_word' id='word_1_423' title='bbox 553 4277 655 4327; x_wconf 87' lang='lat' dir='ltr'><strong>tamon</strong></span> <span class='ocrx_word' id='word_1_424' title='bbox 670 4271 761 4325; x_wconf 77' lang='lat' dir='ltr'><strong>celeri</strong></span> <span class='ocrx_word' id='word_1_425' title='bbox 779 4268 791 4344; x_wconf 64' lang='lat' dir='ltr'><strong>ll</strong></span> <span class='ocrx_word' id='word_1_426' title='bbox 815 4276 847 4328; x_wconf 83' lang='lat'><strong>14</strong></span> <span class='ocrx_word' id='word_1_427' title='bbox 861 4266 1018 4343; x_wconf 83' lang='lat' dir='ltr'><strong>superiora</strong></span> <span class='ocrx_word' id='word_1_428' title='bbox 1034 4268 1056 4323; x_wconf 83' lang='lat' dir='ltr'><strong><em>G</em></strong></span> <span class='ocrx_word' id='word_1_429' title='bbox 1073 4259 1087 4347; x_wconf 80' lang='grc' dir='ltr'><strong>ΙΙ</strong></span> <span class='ocrx_word' id='word_1_430' title='bbox 1109 4266 1144 4326; x_wconf 80' lang='grc' dir='ltr'><strong>Ο.</strong></span> <span class='ocrx_word' id='word_1_431' title='bbox 1162 4266 1321 4325; x_wconf 85' lang='lat' dir='ltr'><strong>Memmius</strong></span> <span class='ocrx_word' id='word_1_432' title='bbox 1338 4267 1389 4321; x_wconf 84' lang='grc' dir='ltr'><em>Εἱ-</em></span> <span class='ocrx_word' id='word_1_433' title='bbox 1463 4286 1470 4297; x_wconf 93' lang='grc'><strong><em>·</em></strong></span> 
     </span>
     <span class='ocr_line' id='line_1_41' title="bbox 245 4350 1388 4428; baseline -0.007 -14"><span class='ocrx_word' id='word_1_434' title='bbox 245 4360 368 4414; x_wconf 67' lang='lat' dir='ltr'><strong>lentitius</strong></span> <span class='ocrx_word' id='word_1_435' title='bbox 386 4358 500 4428; x_wconf 77' lang='lat' dir='ltr'><strong>Prolep.</strong></span> <span class='ocrx_word' id='word_1_436' title='bbox 523 4357 552 4410; x_wconf 82' lang='lat' dir='ltr'><strong>io</strong></span> <span class='ocrx_word' id='word_1_437' title='bbox 576 4356 632 4410; x_wconf 82' lang='lat' dir='ltr'><strong>Cic.</strong></span> <span class='ocrx_word' id='word_1_438' title='bbox 655 4355 740 4409; x_wconf 80' lang='lat' dir='ltr'><strong>Brut.</strong></span> <span class='ocrx_word' id='word_1_439' title='bbox 759 4372 790 4425; x_wconf 82' lang='lat' dir='ltr'><strong>p.</strong></span> <span class='ocrx_word' id='word_1_440' title='bbox 812 4360 866 4404; x_wconf 75' lang='lat' dir='ltr'><strong>m</strong></span> <span class='ocrx_word' id='word_1_441' title='bbox 883 4354 927 4409; x_wconf 85' lang='lat' dir='ltr'><strong>cd.</strong></span> <span class='ocrx_word' id='word_1_442' title='bbox 948 4369 996 4423; x_wconf 82' lang='lat' dir='ltr'><strong>pr.</strong></span> <span class='ocrx_word' id='word_1_443' title='bbox 1022 4350 1055 4409; x_wconf 81' lang='lat'><strong>0.</strong></span> <span class='ocrx_word' id='word_1_444' title='bbox 1071 4351 1198 4409; x_wconf 88' lang='lat' dir='ltr'><strong>memius</strong></span> <span class='ocrx_word' id='word_1_445' title='bbox 1218 4355 1253 4407; x_wconf 90' lang='lat' dir='ltr'><strong>A.</strong></span> <span class='ocrx_word' id='word_1_446' title='bbox 1272 4350 1312 4425; x_wconf 75' lang='lat' dir='ltr'><strong>Q.</strong></span> <span class='ocrx_word' id='word_1_447' title='bbox 1327 4368 1388 4407; x_wconf 89' lang='lat' dir='ltr'><strong>me·</strong></span> 
     </span>
     <span class='ocr_line' id='line_1_42' title="bbox 246 4428 1482 4518; baseline -0.008 -18"><span class='ocrx_word' id='word_1_448' title='bbox 246 4443 322 4500; x_wconf 89' lang='lat' dir='ltr'><strong>mius</strong></span> <span class='ocrx_word' id='word_1_449' title='bbox 344 4443 404 4499; x_wconf 81' lang='lat' dir='ltr'><strong>BG.</strong></span> <span class='ocrx_word' id='word_1_450' title='bbox 428 4439 466 4518; x_wconf 79' lang='lat' dir='ltr'>Q</span> <span class='ocrx_word' id='word_1_451' title='bbox 490 4438 647 4496; x_wconf 89' lang='lat' dir='ltr'><strong>memmius</strong></span> <span class='ocrx_word' id='word_1_452' title='bbox 669 4439 781 4495; x_wconf 74' lang='grc' dir='ltr'><em>ΕΕΕΖ.</em></span> <span class='ocrx_word' id='word_1_453' title='bbox 805 4436 844 4514; x_wconf 79' lang='lat' dir='ltr'><strong>Q.</strong></span> <span class='ocrx_word' id='word_1_454' title='bbox 861 4437 913 4495; x_wconf 85' lang='lat' dir='ltr'><strong>Mc</strong></span> <span class='ocrx_word' id='word_1_455' title='bbox 933 4437 961 4492; x_wconf 79' lang='grc' dir='ltr'><strong>Ι)</strong></span> <span class='ocrx_word' id='word_1_456' title='bbox 980 4429 995 4516; x_wconf 73' lang='grc' dir='ltr'>Η</span> <span class='ocrx_word' id='word_1_457' title='bbox 1018 4446 1049 4498; x_wconf 81' lang='lat'><strong>15</strong></span> <span class='ocrx_word' id='word_1_458' title='bbox 1065 4454 1099 4495; x_wconf 87' lang='lat' dir='ltr'><strong>se</strong></span> <span class='ocrx_word' id='word_1_459' title='bbox 1114 4441 1148 4495; x_wconf 83' lang='lat' dir='ltr'><strong>A.</strong></span> <span class='ocrx_word' id='word_1_460' title='bbox 1172 4455 1206 4495; x_wconf 87' lang='lat' dir='ltr'><strong>se</strong></span> <span class='ocrx_word' id='word_1_461' title='bbox 1221 4435 1265 4494; x_wconf 84' lang='lat' dir='ltr'><strong>ait</strong></span> <span class='ocrx_word' id='word_1_462' title='bbox 1278 4428 1390 4511; x_wconf 76' lang='lat' dir='ltr'><strong>ceteril</strong></span> <span class='ocrx_word' id='word_1_463' title='bbox 1473 4496 1482 4507; x_wconf 57' lang='grc'><strong>,</strong></span> 
     </span>
    </p>
   </div>
   <div class='ocr_carea' id='block_1_8' title="bbox 0 0 1598 4996">
    <p class='ocr_par' dir='ltr' id='par_1_15' title="bbox 0 0 1598 4996">
     <span class='ocr_line' id='line_1_43' title="bbox 0 0 1598 4996; baseline 0 0"><span class='ocrx_word' id='word_1_464' title='bbox 0 0 1598 4996; x_wconf 95' lang='lat' dir='ltr'><strong> </strong></span> 
     </span>
    </p>
   </div>
  </div>
 </body>
</html>
