3220 5022
239 392 299 455 332
519 404 713 446 rurnnonvu
737 404 902 446 uranonvu
925 404 1100 453 usurarias

245 593 339 684 Περὶ
360 594 436 662 ruiv-
450 582 546 684 nupsi
561 581 745 681 Ῥωμαίοις
763 591 928 681 θεωριῶν
950 592 1009 660 καὶ
1032 583 1180 681 ἀγώνων
1201 596 1322 682 βιβλία
1343 584 1376 681 β’

118 746 238 819 184**
311 755 657 820 ‘Commemorabimus
676 770 842 818 catarrum
861 754 1061 840 singulorum
1083 755 1383 842 (spectaculorum),

239 858 357 945 quibus
380 855 599 922 incunabilis
628 855 813 920 insaecula
839 854 1057 939 adoleuerint',
1086 857 1204 921 exindo
1232 870 1381 919 Tlrvuos
1429 902 1435 909 .

240 957 460 1046 quorundam,
482 958 602 1043 quibus
618 956 805 1022 nominibus
828 966 1071 1041 nuncupentur,
1096 958 1215 1021 exinde
1231 974 1382 1019 arcann-

239 1075 331 1141 TVS,
349 1059 466 1145 quibus
489 1057 778 1144 superstitionibus
800 1059 1018 1139 instruantur,
1042 1068 1109 1122 lum
1131 1074 1220 1121 Loca
1227 1106 1236 1139 ,
1263 1058 1382 1144 quibus

237 1160 445 1247 praesidibus
459 1160 617 1241 dicentur,
627 1168 694 1222 tum
710 1150 831 1240 aarum
843 1160 962 1246 quibus
974 1160 1162 1223 auctoribus
1175 1160 1403 1246 sleputentur.⁵

17 1370 24 1389 ·
116 1342 238 1414 185**
324 1346 436 1432 Lydos
468 1368 511 1410 ex
542 1345 627 1409 Asia
658 1355 851 1409 transuersas
884 1346 918 1408 in
943 1344 1078 1409 Etruria
1111 1345 1299 1410 consedisse
1326 1344 1381 1409 Ti·

238 1469 349 1511 maeus
378 1446 480 1510 refert
507 1446 590 1509 duce
618 1445 789 1533 Tyrrheno
819 1447 875 1532 qui
903 1447 998 1510 fratri
1025 1467 1084 1510 suo
1120 1456 1263 1511 cesserat
1290 1446 1382 1530 regni

328 1598 412 1654 184³*
429 1599 618 1651 Tertullianus
637 1602 669 1651 de
689 1600 857 1666 spectaculis
875 1602 899 1651 4.
918 1601 1015 1653 -.13:
1040 1599 1123 1651 ‘satis
1142 1600 1238 1667 opinor
1256 1600 1381 1666 impleui-

240 1686 299 1720 mus
318 1673 453 1730 ordinem,
473 1675 538 1733 quot
556 1674 584 1718 at
602 1670 700 1733 quibus
719 1670 805 1718 modis
824 1669 984 1733 spectacula
1003 1669 1180 1729 idololatrian
1199 1670 1381 1732 committant,

160 1772 163 1787 .
240 1740 274 1789 de
294 1738 445 1803 originibus
463 1736 497 1786 de
516 1737 604 1787 titulis
622 1738 656 1785 do
676 1737 856 1802 apparatibus
875 1737 909 1786 dc
932 1736 1000 1787 locis
1018 1738 1052 1786 de
1072 1735 1216 1787 artificiis)
1252 1736 1285 1786 3:
1310 1738 1381 1786 ‘nou

238 1807 294 1856 ibis
316 1807 345 1855 iu
368 1807 482 1865 circum,
507 1820 561 1854 non
583 1807 612 1853 in
631 1805 781 1865 theatrum,
802 1820 933 1870 agonem,
953 1821 1048 1854 munus
1067 1821 1120 1853 nou
1139 1802 1299 1870 spectabis.’
1334 1803 1380 1852 20:

242 1874 379 1939 ‘numquid
399 1888 463 1937 ergo
482 1877 511 1920 et
529 1878 608 1922 entra
626 1872 728 1921 limites
747 1872 815 1921 circi
834 1872 919 1921 furori
938 1872 1078 1922 studemus
1103 1878 1130 1921 et
1158 1880 1236 1922 extra
1255 1872 1381 1921 cardines

239 1941 341 1991 theatri
366 1939 555 2005 impudicitiae
579 1941 745 1990 intendimus
769 1946 797 1989 ct
821 1939 987 1990 insolentiae
1007 1947 1086 1990 extra
1104 1940 1222 1990 stadium
1248 1945 1276 1988 et
1294 1941 1381 1989 immi·

239 2009 407 2060 sericordiae
433 2014 510 2056 extra
534 2008 781 2073 amphitheatrum,
810 2008 881 2072 quod
905 2008 972 2057 deus
996 2008 1080 2057 etiam
1104 2014 1181 2057 erma
1204 2023 1329 2057 cameras
1354 2011 1382 2057 st

240 2078 342 2143 gradus
361 2081 389 2127 et
408 2076 516 2141 apulias
535 2075 629 2125 oculos
647 2074 751 2125 habet!
787 2074 834 2124 29:
855 2076 898 2124 ‘in
915 2075 958 2124 his
976 2076 1027 2125 tibi
1047 2077 1187 2125 circenses
1199 2075 1277 2125 ludos
1296 2076 1380 2125 inter-

240 2150 358 2211 pretare,
379 2158 474 2193 cursus
487 2143 594 2192 saeculi
606 2145 728 2206 intuere,
748 2142 1024 2208 temporalabentia,
1043 2144 1136 2208 spatia
1155 2143 1307 2202 dinumera,
1326 2160 1381 2192 me-

197 2237 198 2240 *
239 2218 284 2262 tas
310 2211 554 2262 cousummationis
578 2217 710 2276 expecta,
735 2213 886 2261 societates
910 2209 1092 2260 ecclesiarum
1110 2211 1244 2270 defende,
1272 2211 1307 2259 ad
1326 2212 1380 2275 sig-

239 2296 302 2330 num
321 2280 366 2329 dei
384 2279 535 2337 suscitare,
561 2279 595 2328 ud
618 2280 713 2328 tubam
738 2279 832 2342 angeli
857 2280 978 2343 erigere,
1003 2279 1037 2327 ad
1055 2279 1182 2341 martyrii
1199 2279 1305 2343 palmas
1324 2274 1386 2343 glo?

239 2350 321 2398 riare.
358 2349 382 2396 si
400 2348 530 2396 scenicae
549 2346 691 2396 doctrinae
710 2345 866 2409 delectant,
886 2347 956 2396 satis
974 2347 1054 2395 nobis
1066 2346 1222 2396 litterarum
1241 2350 1292 2409 cst,
1311 2346 1380 2395 satis

239 2431 366 2465 uersuum
385 2420 441 2474 cst,
461 2414 531 2463 satis
549 2416 763 2477 sententiarum,
783 2415 852 2463 satis
871 2415 955 2463 etiarn
974 2414 1160 2475 canticorum,
1185 2415 1255 2463 satis
1273 2429 1381 2476 uocum,

238 2500 291 2534 nec
311 2482 422 2532 fabulae
442 2481 491 2531 sed
510 2484 645 2531 ueritates
663 2498 716 2531 nec
735 2481 864 2547 strophae
883 2482 932 2531 sed
949 2482 1156 2546 simplicitates.
1192 2482 1234 2531 uis
1253 2482 1381 2546 etpugil·

238 2552 312 2601 latus
331 2554 359 2599 et
376 2550 515 2599 luctatus?
537 2556 651 2615 praesto
668 2555 732 2599 sunt
750 2565 805 2599 non
823 2565 910 2614 parua
938 2554 965 2597 et
984 2549 1078 2598 multa.
1120 2548 1214 2614 aspice
1238 2549 1381 2614 impudici·

238 2620 305 2669 tiam
326 2633 342 2666 a
361 2617 502 2675 castitate,
521 2616 665 2682 perfidiam
684 2634 795 2667 caesam
815 2634 831 2667 a
846 2616 907 2677 lide,
927 2617 1073 2667 saeuitiam
1087 2633 1103 2665 a
1116 2617 1304 2667 misericordia
1317 2632 1381 2667 con·

237 2692 342 2748 tusam,
366 2684 551 2750 petulantiam
574 2701 591 2734 a
616 2684 748 2734 modestia
770 2685 975 2746 obumbratam,
1000 2690 1028 2734 et
1051 2683 1123 2733 tales
1148 2689 1211 2733 siant
1234 2685 1306 2750 apud
1330 2701 1381 2734 nos

240 2769 352 2818 agones,
372 2753 399 2800 in
418 2752 516 2815 quibus
534 2752 587 2817 ipsi
607 2768 776 2802 coronamur.
813 2753 855 2801 uis
869 2759 961 2802 autem
981 2758 1009 2801 et
1027 2752 1171 2816 sanguinis
1190 2750 1313 2817 aliquid?
1332 2753 1380 2801 ha·

238 2821 288 2870 bes
308 2817 429 2869 christi)
465 2819 511 2868 21:
536 2820 591 2869 ‘sie
615 2836 681 2885 ergo
700 2821 806 2881 errenit,
835 2826 864 2869 ut
888 2821 934 2884 qui
956 2821 985 2868 in
1009 2820 1119 2884 publico
1142 2821 1188 2869 uix
1212 2821 1381 2871 necessitate

237 2890 350 2937 uesicae
371 2887 492 2935 tunicam
509 2887 593 2950 leuet,
612 2889 678 2937 item
695 2888 725 2937 in
744 2889 818 2937 circo
838 2888 920 2938 aliter
937 2903 991 2936 non
1010 2893 1101 2948 exuat,
1120 2887 1174 2937 uisi
1193 2891 1277 2937 toturn
1296 2888 1380 2953 pudo·

238 2972 295 3005 rora
313 2957 341 3004 in
361 2954 462 3002 faciem
480 2956 599 3005 omnium
617 2956 744 3018 intentet,
763 2961 793 3004 ut
811 2961 839 3005 ct
858 2956 902 3021 qui
921 2955 996 3004 liliao
1014 2956 1131 3020 uirginis
1150 2956 1185 3005 ab
1198 2957 1270 3004 omui
1283 2972 1381 3021 spurco

237 3024 323 3073 uerbo
343 3036 423 3071 aures
442 3027 549 3084 tuetur,
574 3024 633 3089 ipse
654 3040 718 3077 earn
743 3025 772 3072 in
795 3023 931 3072 theatrum
957 3023 991 3072 ad
1009 3022 1072 3072 illas
1090 3038 1174 3072 uoces
1192 3023 1380 3088 gesticulatio-

237 3106 341 3155 nesque
365 3089 496 3139 deducat:
526 3096 553 3140 et
576 3091 621 3156 qui
645 3090 672 3140 in
697 3091 797 3157 plateis
820 3091 898 3140 litem
915 3105 998 3140 mauu
1017 3097 1146 3155 agentem
1165 3098 1212 3140 aut
1231 3093 1382 3155 compescit

239 3164 287 3209 aut
305 3158 472 3219 detestatur,
497 3158 569 3208 idem
586 3160 614 3208 in
634 3160 722 3209 stadio
741 3159 914 3223 grauioribus
932 3158 1031 3223 pugnis
1050 3158 1216 3224 suffragium
1240 3159 1326 3209 ferat:
1353 3166 1382 3209 ct

239 3227 286 3291 qui
310 3226 344 3275 ad
368 3225 489 3275 cadauer
511 3227 627 3276 hominis
645 3227 779 3277 communi
801 3227 864 3292 lege
883 3226 1006 3276 defuncti
1025 3226 1167 3287 exhorret,
1187 3227 1258 3276 idern
1276 3228 1305 3275 in
1324 3242 1379 3275 am-

237 3294 396 3359 phitheatro
418 3293 517 3343 derosa
542 3301 570 3344 et
592 3296 729 3361 dissipata
752 3301 780 3344 et
802 3295 830 3343 in
854 3309 902 3343 suo
926 3296 1060 3358 sanguine
1084 3294 1242 3358 squalentia
1264 3310 1381 3358 corpora

237 3360 448 3427 patientissimis
475 3361 562 3411 oculis
590 3364 708 3428 desuper
731 3363 885 3423 incumbat,
914 3362 995 3411 immo
1023 3362 1068 3426 qui
1091 3368 1203 3426 propter
1224 3363 1379 3411 homicidae

238 3446 356 3495 poenam
379 3429 548 3493 probandam
567 3431 602 3479 ad
620 3430 807 3496 spectaculum
826 3430 937 3492 ueniat,
956 3430 1028 3479 idem
1047 3429 1228 3493 gladiatorem
1248 3430 1379 3479 adhomi-

239 3497 338 3546 cidlum
351 3496 470 3560 flagellis
487 3503 515 3546 et
533 3499 617 3560 uirgis
637 3498 785 3564 compellat
802 3498 926 3559 inuitum,
946 3502 973 3546 et
992 3498 1036 3561 qui
1055 3497 1197 3563 insigniori
1217 3496 1314 3562 cuique
1332 3497 1380 3547 ho·

238 3564 356 3614 micidac
383 3563 491 3614 leonem
515 3567 618 3631 poscit,
642 3566 714 3615 idem
738 3565 886 3631 gladiatori
910 3566 997 3614 atroci
1019 3570 1098 3630 petat
1120 3566 1214 3614 rudem
1234 3570 1261 3613 et
1279 3564 1379 3630 pileum

237 3632 388 3697 praemium
409 3633 547 3695 conferat,
571 3633 737 3682 illumuero
761 3634 917 3682 confectum
942 3633 1024 3682 etiam
1043 3634 1098 3682 oris
1120 3633 1283 3698 spectaculo
1302 3648 1379 3697 repe·

238 3706 288 3760 tat,
307 3698 438 3748 libentius
457 3716 659 3765 recognoscens
677 3701 710 3749 (lc
729 3701 852 3764 proximo
870 3716 949 3765 quem
967 3700 1055 3750 uoluit
1072 3700 1198 3750 occidere
1217 3700 1250 3749 de
1273 3700 1379 3763 longin-

239 3783 300 3831 quo,
319 3772 397 3816 tanto
416 3768 508 3818 durior
526 3770 548 3817 si
567 3785 621 3817 non
638 3765 745 3817 uoluit.'
766 3794 793 3803 -
833 3769 953 3818 Isidorus
976 3770 1063 3833 origg'.
1083 3769 1176 3817 XVIII
1189 3766 1236 3829 ltl,
1260 3766 1287 3817 3:
1308 3768 1377 3816 ‘Lu-

238 3836 288 3885 dus
307 3839 399 3884 autem
418 3838 561 3900 gymnicus
580 3841 623 3886 est
642 3841 689 3885 aut
707 3837 839 3887 circensis
858 3840 905 3886 aut
923 3836 1103 3899 gladiatorius
1122 3841 1170 3885 aut
1187 3834 1332 3885 scenicus.’
1423 3860 1427 3867 ·

326 3899 412 3955 185⁴*
430 3904 617 3953 Tertullianus
635 3905 668 3953 de
687 3904 855 3969 spectaculis
873 3904 902 3954 5:
928 3902 980 3952 ‘De
1005 3903 1156 3969 originibus
1175 3902 1282 3967 quidem
1294 3908 1378 3952 utse-

237 3972 400 4021 arctioribus
420 3976 448 4021 et
465 3973 567 4036 ignotis
585 3988 671 4037 penes
688 3971 780 4038 plures
798 3979 951 4022 nostrorum
970 3972 1052 4021 altius
1070 3987 1123 4021 uec
1136 3970 1245 4020 aliunde
1264 3971 1378 4021 inuesti-

238 4038 356 4103 gandum
375 4040 435 4099 fuit,
456 4055 536 4102 quam
555 4039 588 4090 de
607 4040 794 4089 instrumentis
813 4038 990 4089 ethnicalium
1009 4038 1171 4089 litterarum.
1200 4044 1297 4089 extant
1314 4054 1378 4088 arre-

237 4112 312 4154 tores
331 4107 416 4165 mnlti‚
437 4108 482 4169 qui
501 4108 654 4171 superista
672 4123 701 4156 ro
720 4109 931 4157 commentarios
950 4107 1102 4157 ediderunt.
1141 4107 1176 4157 ab
1194 4107 1237 4155 his
1254 4107 1378 4157 ludorum

321 4251 414 4303 itum
427 4261 480 4300 om.
498 4245 522 4298 Α
538 4244 658 4312 (=cod.
676 4261 737 4318 rep.
759 4251 835 4303 1622
846 4262 870 4302 s.
894 4246 999 4312 VIIII,
1018 4248 1067 4301 Aa
1082 4248 1238 4303 secundum
1255 4247 1378 4315 Baluzii,

236 4330 282 4385 Aa
301 4330 457 4385 secundum
479 4324 672 4386 Hildebrairdi
684 4332 884 4404 conlationem)
901 4323 915 4410 {l
930 4338 946 4391 6
963 4327 1051 4388 ludos
1071 4333 1093 4386 Α
1110 4324 1154 4413 {lt
1176 4336 1301 4407 tyrreno
1321 4332 1344 4385 A
1363 4322 1376 4411 Η

236 4429 290 4470 suo
311 4408 460 4490 cesserat]
480 4428 532 4469 *rt
546 4416 718 4471 cesseratA
