3200 4992
607 422 649 465 DE
672 422 758 463 VIRIS
783 422 996 464 INLVS'I'RIBVS

699 692 847 752 XXXIII
869 713 896 751 a.

752 824 835 882 vira

562 943 598 989 M.
633 942 817 989 annam
850 940 1041 988 aveant·

461 1043 508 1085 DE
528 1042 791 1085 COMMENTARIO
814 1043 951 1108 mem
968 1042 1138 1084 SI'BLATA

312 1148 357 1212 M.
380 1150 537 1212 Annaeus
565 1145 720 1209 Lucanus
743 1155 867 1233 patrem
891 1144 1006 1209 habuit
1027 1146 1072 1210 M.
1102 1145 1274 1207 Annaeum
1302 1144 1369 1207 Me-
1456 1180 1460 1189 ·

227 1252 291 1316 lam
312 1273 355 1314 ex
374 1249 544 1336 prouincia
564 1247 699 1310 Baetica
727 1247 908 1333 Hispaniae
936 1247 1101 1311 interioris
1126 1246 1370 1347 Cordubenspm

228 1354 369 1440 equitem
399 1350 596 1429 Romanum,
623 1348 792 1412 Inlustrem
822 1351 906 1413 inter
925 1370 1017 1426 suos,
1045 1357 1157 1411 nolum
1186 1346 1308 1411 Romae
1339 1357 1372 1409 et

227 1462 360 1540 propter
382 1452 539 1515 Senecam
563 1449 713 1541 fratrem,
737 1449 860 1513 clarum
880 1456 938 1536 per
960 1472 1071 1514 ornnes
1092 1450 1231 1513 uirtutes
1253 1448 1369 1529 uirum,

228 1566 260 1618 et
279 1565 412 1641 propter
441 1552 583 1616 studium
605 1552 694 1614 uitae
719 1551 907 1636 quietioris,
936 1551 1022 1638 quod
1052 1573 1191 1638 sequens
1218 1551 1323 1635 magis
1351 1570 1392 1613 as

226 1656 323 1721 turba
350 1652 523 1719 recedebat
549 1646 655 1716 minus
679 1650 812 1716 latebat.
861 1661 996 1716 matrem
1025 1653 1138 1717 habuit
1168 1661 1200 1715 et
1225 1652 1370 1735 regionis

228 1756 374 1821 eiusdem
395 1765 427 1818 et
447 1755 539 1819 urbis
560 1752 702 1841 Aciliam
732 1756 863 1818 nomine
885 1752 986 1843 Audi}
1002 1752 1135 1844 Qdfll
1157 1753 1277 1832 liliam,
1300 1748 1370 1815 o'ra·
1414 1799 1457 1812 „-

227 1858 307 1922 toris
330 1878 448 1943 operae
470 1854 556 1940 apud
579 1854 789 1940 proconsules
812 1855 993 1941 frequentis
1016 1864 1048 1919 et
1063 1855 1150 1941 apud
1172 1855 1370 1918 clarissimos

227 1959 317 2022 uiros
345 1979 411 2021 non
434 1955 554 2018 nullius
577 1956 718 2039 ingeniit
762 1956 844 2019 adeo
868 1978 931 2020 non
955 1955 1177 2041 inprobandas
1201 1956 1310 2041 (fuit),
1334 1964 1371 2018 ut

228 2061 262 2123 in
286 2060 416 2145 scriptis
441 2055 606 2142 aliquibus
629 2056 790 2143 hodieque
813 2058 967 2142 perduret
989 2058 1059 2121 eius
1083 2057 1254 2140 memoria,
1277 2057 1405 2121 cuiusro

228 2182 409 2245 cognomen
431 2158 507 2222 huic
531 2160 675 2243 [poetae]
696 2158 835 2222 inditum
858 2168 1004 2244 apparet.
1042 2167 1207 2223 natusest
1232 2156 1285 2221 ΙΙΙ
1307 2156 1371 2220 No·

228 2284 287 2325 nas
316 2259 514 2326 Nouembris
542 2260 580 2322 Ο.
611 2260 752 2323 Caesare
781 2260 977 2324 Germanico
1006 2258 1041 2323 ΙΙ
1061 2259 1099 2325 L.
1123 2261 1268 2346 Apronio
1291 2259 1370 2322 an-

229 2365 320 2427 siano
343 2384 427 2426 coss.
473 2360 532 2424 sed
553 2364 587 2427 in
608 2363 715 2447 patria
743 2384 802 2429 sua
829 2384 894 2425 non
923 2361 1027 2425 ualuit
1055 2361 1202 2443 educari,
1229 2361 1370 2426 satorum

228 2463 326 2528 credo
348 2464 504 2545 decretis,
526 2472 563 2525 ut
584 2462 617 2526 id
640 2465 824 2547 ingenium,
848 2461 935 2549 quod
955 2462 1065 2527 orbem
1086 2462 1173 2526 fama
1194 2463 1245 2526 sui
1259 2460 1370 2549 imple·

178 2580 184 2617 2
229 2575 336 2628 turum
359 2573 535 2645 cresceret,
559 2565 641 2627 etin
662 2562 793 2627 domina
809 2564 923 2629 mundi
938 2563 1079 2631 aleretur
1095 2566 1184 2629 urbe.
1214 2572 1370 2629 octauum
1382 2589 1405 2628 n

228 2668 314 2730 enim
342 2687 488 2729 mensem
515 2686 616 2749 agens
646 2664 782 2728 Romam
813 2666 992 2730 translatus
1021 2676 1080 2731 est.
1125 2687 1163 2731 ac
1192 2688 1233 2729 ne
1261 2665 1372 2752 dispar

229 2777 364 2831 euentus
386 2767 421 2830 in
443 2788 481 2830 co
504 2775 690 2830 narraretur
712 2768 783 2830 eius
807 2766 917 2853 quiin
948 2767 1094 2832 Hesiodo
1114 2768 1270 2850 refertur,
1297 2790 1370 2830 cum

228 2869 338 2954 opinio
366 2867 543 2932 hunc-non
572 2866 742 2931 dissimilis
772 2880 934 2951 maneret,
963 2891 1064 2933 cunas
1086 2870 1222 2933 infantis
1251 2867 1369 2954 quibus

297 3073 373 3138 llsq.
388 3073 542 3123 chronicon
555 3072 649 3139 pasch.
663 3091 689 3138 p.
703 3073 761 3137 350,
774 3073 791 3123 8
803 3092 857 3139 sq:
871 3068 952 3125 Karai
965 3075 1066 3127 τοῦτον
1078 3069 1127 3126 τὸν
1140 3066 1244 3141 χρόνον
1255 3073 1291 3137 (n.
1307 3077 1371 3138 820)

228 3134 375 3199 Λουκανὸς
398 3134 475 3204 παρὰ
490 3133 637 3207 Ῥωμαίοις
654 3136 742 3207 μέγας
764 3129 802 3209 ἦν
824 3138 872 3193 καὶ
892 3135 1107 3209 ἐπαινούμενος.
1137 3150 1247 3208 praeter
1270 3144 1370 3194 falsam
1478 3205 1481 3210 ⁴

229 3212 359 3275 teurporls
377 3209 610 3273 significationem
629 3211 678 3271 (ef.
696 3226 759 3275 pag.
779 3209 825 3272 78,
844 3211 870 3275 7)
890 3228 923 3260 ex
941 3212 1102 3275 I'hlegonte.

313 3400 375 3454 XX
374 3400 458 3455 XIII
472 3418 498 3454 α.
531 3398 565 3454 Μ
573 3421 615 3448 =
629 3399 811 3456 Monacensis
826 3400 853 3455 Ι)
869 3406 888 3456 4
906 3403 926 3455 d
944 3403 1002 3457 sine
1025 3406 1104 3458 4610
1123 3404 1186 3458 olim
1207 3403 1370 3459 Berrcdicto-

162 3506 165 3511 ’
228 3486 366 3540 toranus.
393 3486 498 3540 dicitur
513 3500 574 3540 ease
589 3501 611 3540 s.
631 3485 681 3540 XI
698 3487 741 3540 vel
754 3482 821 3540 XII
858 3486 941 3539 W:
955 3488 1214 3542 Wallersteincnsr's
1232 3490 1260 3542 in
1277 3489 1371 3542 biblio-

227 3570 310 3624 !lrrrn
328 3572 470 3640 principis
495 3571 668 3643 Ottr'nqensr's
686 3586 779 3640 prope
796 3571 980 3642 Nordlr‘ngom
998 3588 1020 3625 s.
1045 3572 1111 3627 XM
1123 3574 1167 3627 ael
1187 3572 1270 3627 XIII
1297 3572 1373 3635 B:

229 3655 387 3710 Beroenaia
403 3659 460 3709 370
474 3671 497 3710 s.
517 3656 549 3710 X
564 3657 642 3710 initio
661 3656 783 3709 mutilus.
814 3656 843 3709 in
859 3670 940 3709 asma
964 3656 1076 3711 ll'ebcrr'
1093 3657 1206 3712 conlati,

312 3739 349 3794 In
372 3741 502 3795 lemmate
524 3738 604 3796 Vita·
623 3737 726 3795 Manci
747 3737 847 3794 lucani
868 3739 901 3793 M
920 3732 932 3817 ll
957 3737 993 3795 ‹le
1009 3737 1182 3797 -sublata
1206 3742 1304 3795 addidi
1322 3736 1336 3817 Ι]
1360 3751 1367 3799 Ι

228 3839 268 3896 Μ.
292 3838 419 3895 Anneus
446 3842 482 3896 W
499 3838 648 3896 Manneus
670 3839 704 3894 M
724 3838 761 3907 (et
781 3841 823 3895 sic
835 3846 949 3912 postea)
966 3834 979 3917 ll
996 3839 1145 3898 menclanr
1162 3841 1195 3895 M
1209 3836 1252 3916 1ξῖ
1270 3838 1372 3896 betica

229 3923 261 3979 M
268 3926 305 3979 W
316 3916 329 4001 ΙΙ
343 3921 483 3999 hispanie
506 3926 543 3981 W
555 3917 568 4002 ΙΙ
584 3914 601 3985 3
619 3923 786 4001 Romanpm
803 3942 855 3979 orn.
870 3924 902 3979 Μ
917 3945 939 3980 r.
965 3926 1002 3978 W
1014 3918 1027 4005 Η
1042 3923 1189 3983 illustrem
1206 3923 1301 3981 uirunr
1317 3925 1349 3978 M
1367 3918 1370 3997 1

228 4017 243 4065 6
257 4007 388 4082 regionis
404 4012 488 4067 ecditio
507 4014 582 4065 1477
590 4033 598 4063 :
614 4006 769 4082 religionis
787 4008 822 4063 M
828 4010 865 4063 W
877 4003 889 4083 ll
904 4008 988 4069 9frrit
1005 4011 1103 4066 addidi
1115 4002 1128 4087 ll
1148 4019 1179 4068 10
1195 4006 1281 4064 duret
1306 4009 1343 4061 W
1367 4006 1369 4083 !

232 4102 259 4153 ll
278 4098 386 4168 poetae
399 4096 455 4149 inm
467 4098 530 4151 edd.
546 4100 609 4150 acti.
623 4095 793 4163 omiserant,
809 4095 914 4149 aeclrcsr'
926 4087 939 4171 ll
959 4100 989 4151 ll
1001 4091 1150 4149 Nouemb.
1174 4094 1212 4147 W
1222 4086 1235 4171 ΙΙ
1251 4110 1280 4166 g.
1293 4090 1370 4148 Cae·

229 4195 297 4234 sare
320 4178 358 4233 W
378 4169 562 4255 lgcnnanio.
589 4198 618 4236 n.
642 4178 675 4233 M
692 4170 705 4256 ΙΙ
729 4176 864 4254 Apronio
893 4179 1044 4234 Webcrus:
1061 4176 1156 4254 primo
1182 4177 1248 4233 lieri
1266 4169 1279 4254 ll
1302 4194 1370 4231 con·

229 4254 368 4342 suleMl
398 4271 430 4323 13
445 4261 500 4327 sed
516 4272 546 4321 et
569 4264 600 4320 in
625 4265 663 4319 W
679 4258 691 4340 f,
717 4271 746 4322 15
769 4269 799 4319 et
814 4282 867 4319 om.
883 4263 916 4317 M
935 4253 948 4340 ΙΙ
972 4256 1148 4337 lficnim]¹n³
1172 4258 1202 4337 (i.
1226 4276 1249 4317 c.
1270 4269 1371 4317 autem
1468 4298 1472 4307 -

235 4348 354 4403 Webera
370 4344 501 4423 anctore)
522 4348 555 4404 M
568 4342 580 4426 ll
600 4355 628 4409 17
644 4347 675 4403 in
694 4367 730 4405 eo
749 4366 802 4403 om.
822 4347 856 4401 M
866 4340 879 4427 ll
897 4343 1000 4402 esiodo
1023 4345 1056 4400 M
1069 4339 1082 4424 ΙΙ
1100 4354 1131 4407 18
1152 4342 1233 4402 hunc
1250 4347 1371 4417 scripsi:

228 4440 301 4490 tunc
317 4432 386 4487 libri
400 4449 466 4488 eum
482 4432 621 4489 Bartlzius
