3218 5000
615 415 657 456 oa
679 413 819 455 narrare
841 414 949 456 annun
1287 397 1346 460 201

212 562 305 647 bilis,
332 580 446 627 asana
475 583 588 627 crassa
613 562 753 628 obtunsa
776 560 950 626 inmobilis.
996 582 1078 647 quae
1099 560 1196 624 etiam
1220 560 1283 624 sibi
1305 562 1351 624 ita

214 666 480 731 commiscentur:
525 673 614 729 terra
643 664 775 751 quidem
804 684 915 729 crassa
942 664 1004 752 (et)
1032 662 1171 728 obtunsa
1201 660 1350 749 [inmobi-

213 769 266 850 lis]
288 790 362 832 eum
377 789 480 857 aquae
496 765 714 830 crassitudine
737 776 768 832 et
787 765 985 831 obtunsitate
1009 763 1208 850 conligatur,
1233 763 1351 829 deinde

213 891 299 957 aqua
320 868 388 934 aori
409 868 625 934 crassitudine
652 878 685 932 et
704 868 884 933 mobilitate
910 867 1133 953 coniungitur,
1159 888 1272 931 rursus
1296 888 1353 931 aer

192 974 284 1059 ⁵igni
303 972 528 1037 communione
549 973 638 1035 acuti
652 979 684 1034 et
704 969 832 1036 mobilis
859 970 1057 1055 conligatur,
1079 978 1166 1033 terra
1189 977 1298 1033 autem
1320 978 1353 1032 et

213 1075 302 1161 ignis
330 1095 351 1137 a
375 1096 410 1139 se
438 1081 644 1162 separantur,
668 1071 734 1159 ,sed
763 1094 783 1137 a
809 1071 935 1137 duobus
963 1066 1080 1137 mediis
1108 1092 1194 1161 aqua
1221 1078 1254 1136 et
1278 1093 1352 1137 aere

215 1177 402 1261 iunguntur.

217 1368 318 1418 cietate
336 1368 505 1417 conuenitur.
534 1366 605 1416 unde
623 1371 651 1416 et
668 1366 775 1418 Graece
793 1367 918 1432 στοιχεῖα
935 1367 1073 1429 dicuntur,
1096 1381 1166 1432 qnae
1183 1365 1285 1417 Latine
1304 1366 1352 1416 eli·

216 1440 309 1485 menta
320 1441 469 1498 uocantur,
488 1450 520 1484 eo
539 1434 609 1500 quod
626 1435 678 1484 sibi
697 1436 862 1485 conueniant
880 1440 907 1484 et
925 1435 1080 1485 concinant.
1111 1451 1221 1500 quorum
1241 1435 1353 1486 distinc-

216 1512 273 1554 tam
291 1503 506 1554 communionem
523 1503 641 1552 subiecti
659 1503 754 1553 circuli
772 1504 860 1569 ligura
877 1502 1003 1553 declarat
1026 1502 1079 1566 (fig.
1104 1502 1172 1565 2*).’
1197 1503 1354 1553 Ambrosius

216 1573 341 1622 hexaem.
360 1572 446 1633 1114,
471 1570 515 1620 18:
540 1571 643 1621 ‘Habet
660 1587 726 1637 ergo
746 1576 820 1621 terra
836 1573 974 1637 propriam
992 1571 1154 1636 qualitatem
1170 1587 1261 1634 saram,
1283 1572 1354 1621 sicut

217 1646 245 1690 et
257 1639 366 1705 singula
379 1640 516 1689 elementa
528 1639 645 1699 habent,
663 1656 727 1690 nam
745 1645 773 1689 et
791 1656 838 1688 aar
855 1640 992 1689 humidam
1009 1639 1169 1703 qualitatem
1183 1644 1211 1688 et
1223 1656 1294 1704 aqna
1306 1640 1353 1688 fri·

124 1720 128 1731 ·
217 1708 309 1773 gidam
322 1712 350 1757 et
361 1707 434 1773 ignis
448 1707 576 1757 calidam.
602 1712 629 1757 et
640 1708 692 1758 hec
707 1713 748 1757 est
760 1707 913 1774 principale
926 1707 1061 1773 proprium
1074 1708 1217 1757 clementis
1231 1707 1354 1772 singulis,

217 1776 287 1842 quod
300 1777 407 1826 ratione
421 1774 584 1840 colligimus.
609 1776 839 1842 comprehendere
853 1782 944 1826 autem
957 1776 1123 1826 sensibiliter
1136 1783 1163 1826 ct
1175 1793 1207 1825 co
1242 1776 1356 1826 oraliter

217 1845 241 1894 si
252 1844 380 1905 uelimus,
398 1843 475 1892 uelut
493 1859 597 1892 conexa
610 1848 639 1893 et
651 1844 802 1909 composita
814 1844 977 1910 reporimus;
995 1848 1025 1893 ut
1042 1844 1078 1892 sit
1089 1852 1163 1894 terra
1177 1844 1217 1893 ari
1238 1860 1255 1893 a
1268 1851 1295 1893 et
1308 1846 1353 1893 lri·

217 1912 290 1978 gida,
304 1927 377 1976 aqna
389 1911 489 1976 frigida
502 1916 530 1959 et
542 1911 660 1973 humida,
674 1928 723 1962 aer
735 1911 840 1961 calidus
854 1916 881 1961 et
893 1912 1030 1973 humidus,
1049 1913 1119 1975 ignis
1133 1911 1238 1962 calidus
1255 1916 1283 1961 ct
1301 1913 1354 1961 sic·

217 1996 278 2040 cus;
304 1985 331 2029 et
349 1980 389 2029 sic
407 1977 459 2028 sibi
477 1994 527 2044 per
544 1979 595 2028 has
611 1979 719 2044 iugales
743 1979 890 2044 qualitates
913 1979 1021 2044 singula
1044 1981 1192 2029 miscentur
1209 1980 1354 2030 elementa.

217 2064 281 2099 nam
293 2052 367 2097 terra
380 2062 441 2096 cum
453 2047 489 2096 sit
502 2045 596 2096 aridae
607 2051 634 2096 et
644 2047 761 2113 frigidae
771 2048 912 2113 quailtatis
931 2048 1084 2097 conectitur
1099 2064 1185 2112 aquae
1196 2064 1244 2112 per
1254 2063 1355 2113 cogna-

217 2116 319 2165 tionem
332 2115 474 2179 qualitatis
487 2114 620 2179 irigidae:
635 2121 663 2163 et
675 2132 724 2180 per
736 2131 836 2179 aquam
849 2118 915 2175 aeri,
930 2116 993 2179 quia
1005 2116 1129 2165 humidus
1148 2121 1190 2164 est
1207 2132 1262 2164 aer.
1289 2132 1356 2181 erga

218 2200 290 2249 aqua
308 2188 447 2247 tamquam
465 2182 586 2232 brachiis
603 2183 763 2247 quibusdam
779 2184 884 2233 duobus
897 2183 1006 2249 frigoris
1020 2190 1047 2232 et
1059 2184 1179 2233 humoris
1197 2183 1284 2233 altero
1301 2188 1354 2232 ter-

217 2268 275 2302 ram
293 2251 382 2302 altero
401 2266 493 2301 aerem
515 2251 622 2300 uidetur
640 2251 783 2316 amplecti,
807 2252 908 2316 frigido
931 2257 1032 2301 terram
1052 2267 1144 2301 serem
1162 2250 1278 2301 humido.
1308 2267 1357 2301 aer

218 2336 322 2385 quoqne
334 2318 439 2369 medius
452 2318 587 2368 interduo
601 2319 814 2385 compugnantia
826 2336 875 2384 per
885 2324 1025 2380 naturam,
1047 2318 1099 2368 hoc
1117 2324 1160 2367 eet
1171 2319 1243 2368 inter
1256 2335 1354 2383 aquarn
1415 2318 1420 2324 ’

219 2394 246 2438 et
258 2390 349 2454 ignem
360 2392 503 2451 utrumque
514 2386 583 2435 illud
597 2387 760 2437 elementum
774 2387 904 2437 conciliat
916 2387 982 2446 sibi;
995 2387 1059 2451 quia
1072 2391 1100 2436 et
1113 2387 1190 2451 aquis
1203 2388 1313 2437 humore
1327 2391 1355 2436 et

217 2457 275 2521 igni
288 2456 381 2505 calore
394 2454 574 2520 coniungitur.
600 2455 672 2520 ignis
685 2471 790 2519 quoque
803 2470 865 2504 cunr
877 2455 912 2505 sit
924 2455 1029 2505 calidus
1042 2460 1070 2503 et
1082 2456 1172 2505 siccus
1189 2460 1290 2505 natura
1308 2472 1353 2504 ca·

219 2524 276 2573 lore
290 2524 348 2574 aeri
362 2521 529 2583 annectitur,
548 2522 677 2573 siccitate
696 2528 786 2573 autem
803 2523 831 2571 in
849 2523 1064 2573 communionem
1081 2529 1173 2572 terrae
1192 2539 1225 2573 ac
1238 2524 1353 2573 societa-

218 2597 272 2642 tem
286 2591 451 2651 reiunditur,
466 2594 547 2654 atque
560 2590 612 2639 sibi
626 2608 674 2656 per
686 2591 757 2641 hunc
771 2591 912 2640 circuitum
926 2595 953 2639 et
966 2591 1075 2641 chorum
1088 2590 1229 2656 quemdam
1243 2606 1354 2641 concor·

219 2660 281 2710 diae
298 2659 493 2723 societatisque
511 2659 683 2709 conueniunt.
708 2659 780 2708 unde
799 2665 827 2708 et
844 2659 950 2708 Graece
972 2661 1098 2723 στοιχεῖα
1121 2659 1260 2721 dicuntur,
1285 2675 1355 2724 quas

219 2729 318 2777 Latine
332 2727 470 2777 elementa
487 2726 615 2788 dicimus,
634 2727 704 2791 quod
720 2727 774 2776 sibi
793 2727 959 2777 conueniant
977 2732 1005 2776 et
1022 2724 1190 2777 concinant)
1220 2743 1253 2776 ex
1269 2727 1356 2777 Basili

219 2795 279 2844 hex.
318 2794 439 2859 agith.
459 2808 482 2843 c.
511 2810 575 2859 pag.
593 2793 670 2844 261),
695 2811 759 2861 pag.
772 2794 804 2845 37
819 2812 842 2845 e.
867 2794 1017 2860 pugillis.
1029 2796 1055 2843 b.
1085 2796 1242 2845 Macrobius
1260 2811 1354 2845 comm.

220 2864 232 2911 1
246 2862 270 2923 a,
283 2812 317 2913 ‘td
329 2878 399 2927 sqq:
420 2863 627 2923 ‘Quaternarius
639 2879 705 2913 uero
718 2862 857 2926 (armena)
870 2864 938 2913 diras
950 2863 1113 2913 medietates
1125 2864 1226 2928 primus
1239 2864 1356 2913 omnium

220 2936 318 2980 nactus
331 2936 380 2980 est.
405 2945 472 2995 quas
485 2930 520 2979 ab
533 2930 585 2980 hoc
599 2946 708 2981 numero
721 2932 788 2981 dous
801 2932 953 2981 mundanae
966 2930 1043 2981 molis
1062 2932 1161 2982 artifex
1179 2932 1356 2996 conditorque

220 3003 356 3048 mutuatus
373 2996 513 3048 insolubili
529 2999 601 3048 inter
618 3015 648 3049 se
666 2999 777 3049 uinculo
795 2999 933 3049 elementa
950 2999 1085 3048 deiunxit:
1110 2999 1180 3049 sicut
1197 3000 1224 3048 in
1243 2999 1357 3049 Timaeo

219 3066 343 3117 Platonis
356 3064 393 3131 (p.
407 3068 442 3116 31
460 3067 530 3131 sqq.)
551 3066 689 3117 adsertam
703 3071 757 3129 est,
775 3083 828 3117 non
842 3066 923 3117 aliter
936 3072 991 3118 tam
1005 3074 1181 3117 controuersa
1198 3067 1251 3117 sibi
1269 3083 1302 3116 ac
1316 3084 1355 3117 re-

220 3135 372 3201 pugnantia
390 3140 417 3184 st
434 3138 550 3184 naturae
564 3136 780 3186 communionem
793 3135 943 3186 abnuentia
954 3135 1127 3200 permisceri,
1141 3143 1242 3185 terram
1254 3136 1316 3185 dico
1330 3140 1358 3185 et

220 3203 319 3269 ignem,
333 3196 453 3268 potirisse
466 3206 494 3250 et
505 3218 555 3267 per
567 3209 623 3254 tam
634 3204 783 3270 iugabilem
797 3204 1000 3269 conpetentiam
1014 3203 1165 3265 foederari,
1184 3204 1236 3252 nisi
1254 3203 1357 3252 duobm

219 3271 316 3320 mediis
329 3271 402 3320 aeris
414 3275 442 3320 et
455 3285 542 3334 aquae
556 3272 670 3321 nexibus
681 3272 858 3322 uincirentur.
882 3272 923 3321 ita
941 3272 1013 3321 enim
1027 3271 1163 3321 elementa
1181 3273 1252 3321 inter
1269 3287 1299 3319 se
1318 3271 1356 3320 di-

220 3338 377 3388 uersissima
389 3338 481 3402 opifex
494 3343 588 3388 tamen
602 3340 668 3389 deus
677 3340 779 3389 ordinis
789 3341 993 3404 opportunitate
1005 3340 1146 3399 conexuit,
1164 3343 1193 3388 ut
1203 3338 1288 3388 facile
1298 3339 1356 3387 iun-

220 3412 362 3471 gerentur:
381 3422 444 3456 nam
457 3421 517 3454 cum
529 3405 612 3456 binae
626 3412 718 3457 essent
730 3408 759 3456 in
770 3407 886 3471 singulis
900 3407 1056 3471 qualitates,
1070 3406 1153 3458 talem
1165 3407 1310 3470 unicuique
1323 3407 1357 3455 do

208 3476 326 3526 ,duabus
339 3475 454 3524 alteram
467 3473 554 3534 dedit,
573 3480 603 3523 nt
620 3475 648 3523 in
667 3492 698 3524 eo
721 3476 764 3524 cui
777 3475 905 3525 haereret
917 3481 1064 3540 cognatam
1077 3475 1128 3524 sibi
1147 3479 1174 3523 ct
1186 3473 1301 3525 similem
1316 3490 1357 3523 re-

221 3543 331 3608 periret.
356 3548 430 3592 terra
443 3546 486 3591 est
498 3540 574 3591 sicca
588 3547 616 3591 et
628 3543 737 3607 frigida,
752 3559 824 3607 aqua
835 3558 901 3593 uero
915 3544 1016 3607 frigida
1029 3548 1056 3593 et
1068 3543 1196 3592 humecta
1209 3546 1264 3591 est:
1286 3542 1357 3591 haec

221 3611 273 3661 duo
286 3611 430 3671 elementa,
444 3609 512 3659 licet
524 3610 577 3659 sibi
590 3626 638 3675 per
650 3610 752 3660 siccum
764 3611 971 3675 lmmeetumque
985 3611 1124 3669 contraris
1137 3611 1205 3667 sint,
1219 3626 1268 3674 per
1280 3610 1356 3675 frigi-

221 3679 283 3729 dum
296 3685 388 3728 tamen
396 3692 537 3727 commune
548 3678 594 3726 iun
615 3684 703 3728 untur.
722 3695 770 3728 aer
782 3680 922 3729 humectus
937 3684 964 3728 et
976 3678 1082 3729 calidus
1092 3684 1146 3727 est:
1162 3682 1258 3727 etcum
1269 3694 1357 3742 aquae

221 3747 340 3812 frigidae
353 3745 505 3796 contrarius
518 3746 555 3795 sit
567 3694 668 3807 calore,
682 3746 874 3797 conciliatione
887 3752 979 3797 tamen
992 3746 1061 3817 socii
1073 3745 1217 3811 copulatur
1229 3745 1356 3795 humoris.

221 3815 384 3880 superhunc
402 3814 547 3879 igniacum
565 3814 601 3863 sit
618 3813 722 3863 calidus
737 3818 765 3862 et
776 3814 865 3864 siccus
883 3816 1021 3867 humorem
1039 3815 1147 3880 quidem
1165 3814 1237 3863 acris
1255 3814 1359 3880 respuit

221 3883 357 3943 siccitate,
370 3882 419 3932 sed
432 3883 588 3932 conectitur
599 3898 649 3947 per
661 3881 821 3932 societatem
835 3883 943 3943 caloris,
958 3887 985 3931 ct
997 3883 1037 3932 ita
1049 3882 1092 3943 fit,
1113 3886 1143 3929 nt
1155 3881 1263 3947 singula
1276 3898 1358 3947 quae-

222 3965 273 4014 que
286 3949 483 3999 elementorum
495 3950 548 4001 dno
561 3950 613 4000 sibi
625 3950 689 3999 hinc
702 3949 765 3998 inde
779 3950 871 3999 uicina
882 3950 997 4016 singulis
1011 3950 1190 4015 qualitatibus
1208 3950 1283 3999 uelut
1301 3951 1357 4015 qui-

221 4018 335 4075 busdam
353 4017 556 4082 amplectantur
571 4018 657 4069 ulnis:
682 4032 753 4083 aqua
772 4022 873 4068 terram
891 4018 1007 4084 frigore,
1027 4034 1118 4069 aerem
1136 4018 1187 4068 sibi
1206 4019 1293 4069 nectit
1310 4019 1357 4068 hu·
1437 4024 1439 4029 '

309 4201 318 4250 1
331 4187 604 4249 terra—inmobilis
617 4211 669 4249 om.
679 4195 707 4249 B
722 4185 735 4271 ll
750 4199 765 4250 ’2
779 4188 1012 4247 commiscentur
1024 4190 1077 4245 ΑΒ
1090 4184 1104 4266 Π
1121 4208 1284 4246 erassaom.
1293 4184 1332 4246 Β1
1343 4184 1356 4267 ll

221 4284 252 4333 et
259 4279 358 4334 addidi
369 4271 383 4355 ll
399 4273 850 4335 obtunsainmobilisrlobtunsa
864 4271 1051 4333 etinmobilis
1064 4272 1361 4332 Binmobilisseclasi

221 4354 235 4439 ll
244 4358 504 4422 terassitudins'B
517 4354 531 4440 ΙΙ
546 4361 767 4437 conligunturA
782 4355 796 4441 ΙΙ
810 4357 1046 4418 crassitudineB
1060 4354 1073 4441 ΙΙ
1089 4351 1356 4434 tconligaaturB]l

221 4453 238 4506 6
255 4443 294 4503 ad
309 4449 334 4503 A
352 4465 405 4503 om.
422 4447 450 4502 B
464 4438 478 4525 ΙΙ
493 4443 607 4504 dnobus
622 4443 658 4503 B¹
675 4442 689 4529 ΙΙ
703 4465 802 4526 aquae
818 4441 858 4503 B²
873 4438 887 4528 ss
901 4444 965 4504 aeri
980 4439 1022 4502 3²
1036 4439 1080 4526 117
1097 4444 1262 4521 iungantur
1280 4439 1318 4500 B¹
