3194 5004
243 366 304 431 520
660 385 691 424 ru
706 382 803 425 virsa
818 382 966 423 ruasurrr

327 539 403 616 Peg.
419 537 476 609 32,
494 536 530 597 15
551 542 580 595 ia
595 537 732 594 archadia
748 536 899 610 stymphali
913 539 971 593 sirie
985 537 1110 592 leucadia
1123 554 1201 593 unus
1217 544 1306 593 vetus
1321 534 1381 593 Pa·

243 642 353 702 risinus
375 639 526 699 servarit:
554 637 605 697 ubi
629 637 712 719 quod
732 636 824 696 libros
845 636 980 696 novicios
1001 640 1212 714 occupatorias
1235 657 1288 715 pro
1311 643 1381 709 siae,

245 743 322 802 nulli
336 744 405 801 usui
423 751 479 802 est.
505 741 647 799 Prorsus
672 749 702 798 et
723 738 875 800 soloecam
893 739 1059 798 orationem
1080 748 1111 799 et
1133 739 1296 800 absurdam
1311 760 1379 799 sen-

243 846 368 905 tentiam
390 846 535 903 Erasmus
557 841 739 901 invehebat:
762 846 789 898 ia
812 843 951 899 Arcadiae
971 843 1131 917 Stymphale
1153 847 1213 902 aiae
1234 845 1384 912 Laecahim-

244 947 299 1007 scd
310 945 390 1004 idem
402 944 546 1005 tamenin
558 944 712 1003 tralaticia
723 945 873 1023 scriptura
881 962 942 1002 nan
952 963 1043 1022 posse
1056 946 1210 1026 acquiesci
1221 956 1303 1005 recte
1315 966 1382 1006 sen-

244 1051 293 1109 sit.
333 1049 403 1107 Non
427 1047 567 1128 equidem
588 1045 707 1123 negabo
732 1051 759 1103 ia
781 1049 904 1104 Arcadia
921 1047 1075 1120 Stymphali
1092 1047 1153 1106 dici
1174 1048 1327 1126 potuisse,
1348 1055 1384 1107 ut

242 1150 486 1230 reapse‘Plinius
505 1149 581 1208 dixit
595 1149 634 1210 N.
652 1150 692 1208 H.
708 1160 743 1221 11,
755 1156 806 1210 227
823 1149 863 1207 ‘iu
879 1167 915 1207 ee
931 1147 1053 1226 (fluvio)
1069 1158 1102 1209 ut
1113 1155 1143 1208 ia
1157 1154 1278 1209 Areias
1292 1153 1382 1226 Stym-

241 1257 323 1330 phali
336 1263 520 1311 enascuntur
534 1251 685 1332 aquatiles
707 1250 865 1323 musculi‘‚
888 1249 939 1307 vel
957 1263 1076 1328 xxxll,
1096 1257 1127 1313 17
1147 1258 1176 1310 ia
1191 1255 1277 1328 Lycia
1292 1254 1383 1327 Myris

247 1354 316 1435 (ubi
343 1354 477 1433 disparia
505 1353 625 1412 miscuit
651 1349 824 1430 Silligiusl:
860 1370 1042 1434 quamquam
1068 1356 1209 1414 usitatius
1237 1374 1305 1413 esse
1330 1362 1383 1413 sut

246 1460 401 1533 Stymphali
419 1462 447 1515 ia
467 1459 591 1514 Arcadia
614 1456 710 1514 sentio
738 1453 1004 1535 (quemadmodum
1029 1457 1095 1515 vita
1115 1456 1318 1516 Ambrosiana
1338 1456 1381 1514 lo-

245 1561 348 1641 quitur
370 1560 409 1618 ab
430 1559 469 1617 A.
490 1559 573 1617 Maio
597 1557 680 1616 edita
703 1558 859 1633 Stymphali
874 1561 989 1615 decessit
1009 1561 1037 1616 ia
1056 1558 1192 1636 Arcadia)
1218 1567 1272 1618 aut
1292 1561 1383 1635 Stym-

243 1664 323 1737 phali
337 1664 477 1719 moadiae
491 1663 590 1734 oppida
606 1668 659 1717 aut
678 1659 788 1718 saltem
803 1664 832 1717 ia
848 1662 988 1719 Arcadiae
1006 1664 1106 1735 oppido
1120 1663 1290 1737 Stymphaia.
1320 1660 1381 1720 Ve-

246 1783 311 1821 rum
332 1768 361 1820 ia
382 1765 505 1821 Arcadia
528 1763 684 1837 Stymphali
701 1766 759 1820 siae
774 1764 931 1820 Leucadiae
954 1782 1054 1820 nonne
1075 1783 1198 1842 prorsus
1222 1752 1267 1823 ita¹
1283 1763 1384 1843 posita

246 1873 317 1923 suut
331 1872 364 1923 ut
378 1862 567 1923 Leucadiam
589 1884 710 1944 quoque
731 1863 837 1923 urbem
858 1864 919 1923 dici
934 1862 1087 1924 Arcadiae
1107 1864 1238 1925 credas?
1273 1868 1383 1944 Apage

246 1966 338 2045 igitur
367 1967 526 2025 molestum
549 1969 706 2042 Stymphali
730 1986 855 2040 nemen,
879 1965 960 2047 quod
985 1985 1046 2024 nou
1075 1976 1123 2026 est
1145 1966 1268 2026 aliunde
1290 1970 1383 2027 nisio

248 2071 387 2128 carminis
405 2061 548 2127 Porciani
565 2090 595 2148 p.
611 2078 646 2131 28
664 2088 755 2127 versu
770 2079 788 2131 3
805 2068 864 2127 huc
880 2068 917 2127 ab
936 2069 1103 2153 interprete
1121 2069 1257 2144 inlatum,
1276 2067 1383 2129 Sueto·

247 2173 389 2251 uiamque
414 2171 601 2230 confidenter
625 2169 716 2230 crede
736 2170 784 2229 sic
808 2171 984 2249 scripsisse:
1016 2176 1102 2228 ceteri
1120 2181 1256 2231 mortuam
1274 2190 1334 2231 aare
1356 2176 1385 2230 ia

246 2277 368 2331 Arcadia
383 2278 443 2331 siae
458 2275 613 2331 Leucadiae
630 2276 751 2332 tradam.
788 2271 848 2332 Vbi
862 2273 990 2346 insulae,
1011 2273 1060 2332 vel
1076 2275 1241 2355 antiquitus
1259 2262 1383 2356 paenin-

247 2375 334 2433 sulae
349 2395 458 2434 nomen
478 2378 634 2452 Leucadiae
654 2374 877 2434 notissimorum
896 2394 1030 2435 normam
1055 2375 1261 2454 exemplorum
1282 2378 1382 2457 sequi·

247 2486 296 2537 tur
314 2471 393 2557 quae
412 2485 481 2535 sunt
503 2480 589 2553 Cypri
610 2479 751 2552 Corcyrae
767 2478 938 2535 Chersonesi.
976 2477 1043 2536 Nec
1063 2483 1121 2536 siae
1140 2479 1305 2558 particula,
1329 2499 1384 2558 pro

247 2600 308 2660 qua
324 2578 415 2637 facile
431 2579 582 2658 quispiam
604 2583 649 2636 aei
661 2588 820 2657 exspectet
843 2577 894 2637 vel
909 2586 973 2652 aral,
988 2580 1106 2639 ratione
1122 2601 1177 2640 sua
1193 2589 1292 2656 caret3
1315 2601 1384 2640 nam

248 2703 315 2741 cum
336 2682 412 2741 hacc
434 2681 676 2758 praecedant'Q.
695 2683 840 2745 Cascamm
857 2657 1022 2764 ¹redeuntem
1045 2700 1059 2741 e
1081 2685 1198 2741 Graecia
1222 2687 1332 2758 perisse
1356 2689 1385 2741 ia

248 2788 322 2842 inari
341 2787 421 2857 elicii,
444 2784 500 2860 ipsi
518 2784 591 2842 mari
616 2784 675 2845 iam
690 2783 802 2862 opponi
817 2790 928 2842 terram
944 2793 1087 2863 apparet,
1111 2785 1176 2844 eive
1196 2804 1234 2844 ea
1248 2783 1386 2845 Arcadia

247 2886 306 2944 fuit
320 2886 385 2944 sive
401 2866 568 2944 Leucadia.
607 2884 696 2944 Neve
716 2887 783 2965 quis
805 2889 834 2943 ia
848 2888 972 2945 maadiri
986 2885 1081 2945 verba
1096 2906 1150 2965 pro
1170 2887 1311 2946 insiticiis
1331 2886 1384 2945 ha-

248 2988 319 3046 beat
335 2987 542 3068 Suetonioquc
560 2987 639 3046 haec
653 2987 753 3066 potius
770 2986 883 3046 tribuat
902 2993 987 3047 celeri
1003 2997 1141 3047 marleiam
1156 3006 1216 3046 esse
1233 2990 1389 3064 Stymphali

247 3095 306 3148 siaa
321 3092 478 3147 Leucadiae
497 3094 624 3147 tradant:
647 3108 685 3149 ne
706 3089 779 3170 quid
793 3087 839 3149 'de
854 3110 960 3170 parum
983 3092 1131 3149 concinna
1153 3090 1235 3150 urbis
1252 3111 1318 3149 cum
1341 3092 1385 3149 iu-

249 3191 317 3250 sula
347 3190 572 3261 consociatione
600 3189 714 3266 dicam,
748 3201 872 3272 praesta
901 3202 963 3265 est,
993 3194 1078 3252 cuius
1104 3193 1276 3253 testimonio
1307 3192 1386 3252 haec

248 3293 387 3375 quaestio
407 3295 502 3352 omnis
523 3293 705 3368 absolvitur,
722 3294 944 3374 Hieronymus,
970 3296 1023 3377 qui
1045 3276 1112 3374 ipsa
1128 3293 1266 3353 Suetonii
1291 3293 1387 3355 verba
1457 3360 1462 3369 ,

249 3395 423 3475 exprimens
442 3398 587 3454 Terentiae
608 3397 706 3476 iuquit
726 3402 754 3454 ia
770 3400 892 3455 Arcarha
907 3403 1038 3469 meritur,
1060 3417 1121 3457 nou
1143 3396 1219 3455 dixit
1233 3399 1389 3472 Stymphali

248 3502 372 3556 marilar.
410 3498 489 3557 Nam
515 3518 554 3558 ex
570 3498 697 3557 Ausonii
721 3483 796 3559 sane
818 3498 920 3559 verbis
937 3500 1037 3580 Epist.
1061 3510 1166 3574 xvffl,
1192 3508 1224 3562 lii
1248 3501 1387 3558 Arcadiae

248 3605 335 3659 madio
349 3606 398 3677 qui
410 3605 480 3659 iacet
493 3606 520 3659 ia
532 3606 636 3677 premio
651 3601 727 3660 nihil
745 3602 976 3661 consectarium.

331 3703 408 3781 Peg.
425 3702 514 3775 33,1
535 3707 700 3778 implicalam
723 3703 855 3777 formae,
878 3724 968 3786 quarn
986 3712 1115 3765 testatur
1128 3702 1260 3763 Parisiui
1279 3706 1307 3760 A
1324 3723 1385 3762 me·

248 3806 359 3878 moria,
387 3826 448 3864 uon
469 3814 534 3865 erat
556 3825 609 3864 cur
623 3809 782 3881 implicimm
801 3809 971 3886 praeferret
986 3806 1126 3865 Rothius.
1165 3806 1263 3864 Reate
1285 3814 1387 3865 aut-em

248 3906 338 3966 idem·
347 3925 384 3964 aa
398 3911 491 3967 elolore
506 3926 541 3966 ac
556 3912 658 3967 laedio:
681 3907 836 3990 inquibus
853 3906 1076 3988 perscribendis
1093 3927 1160 3967 cum
1174 3906 1317 3966 librarius
1333 3908 1386 3966 im-

248 4007 413 4087 prudenter
432 4011 628 4089 anticipatam
647 4029 682 4069 aa
696 4010 876 4090 particulam
891 4009 938 4069 bis
955 4011 1106 4090 posuisset
1127 4028 1161 4067 ac
1184 4028 1221 4069 ea
1238 4012 1331 4069 (lehre
1351 3990 1387 4068 ac

249 4114 352 4183 laedio,
375 4112 445 4170 hinc
468 4111 622 4192 proiectus
642 4121 809 4186 corrector,
837 4132 854 4171 e
877 4113 960 4173 cuius
980 4113 1160 4173 recensione
1182 4110 1252 4171 libri
1274 4110 1386 4171 novicii

249 4363 326 4398 meam
343 4352 433 4399 uictam
449 4351 495 4400 eit:
518 4349 585 4398 item
603 4349 698 4415 paullo
717 4356 779 4415 post
796 4364 822 4399 v.
835 4348 870 4399 20
885 4364 1024 4414 poenamrm
1036 4354 1089 4400 eiua
1097 4364 1165 4414 pars
1181 4355 1241 4407 est,
1261 4364 1320 4399 aaa
1338 4353 1387 4398 eri

250 4435 376 4499 sequulae
394 4450 465 4499 apua.
501 4433 556 4485 Sed
574 4434 643 4485 talia
660 4436 843 4502 corrigentem
862 4435 921 4485 dics
939 4434 1059 4485 deficiat.
