3202 4998
223 377 284 441 378
556 399 778 449 orassrronus
797 400 1023 442 sveronrauan

224 558 266 610 est
277 554 398 609 iambica
410 559 440 608 ut
451 560 493 609 cst
505 553 677 609 Archilochi.
698 553 782 611 cuius
795 550 1016 611 emendationis
1028 572 1089 611 uon
1101 551 1202 611 levem
1214 546 1366 613 commen·

226 651 355 711 dationis
377 654 505 729 gratiam
528 661 666 731 paratam
690 654 778 713 vides
802 674 821 713 a
842 653 1091 713 homoeotelentis
1108 673 1186 732 quae.
1208 662 1365 714 vocantur.

224 754 280 814 sed
301 774 360 832 qno
387 756 501 815 factum
524 754 564 812 sit
584 762 617 812 ut
644 755 711 833 ipsa
732 754 896 835 disputatio
918 755 956 814 de
979 755 1078 836 lyrica
1097 757 1184 834 poesi
1203 756 1365 819 intercide-

224 855 279 926 rit,
306 876 367 914 non
389 857 496 936 liquet.
541 876 611 915 nam
635 857 783 916 incertum
811 866 858 917 est
880 857 1046 918 Diomedes
1075 877 1142 916 eam
1166 857 1300 915 omiserit
1327 878 1366 916 an

221 956 338 1016 librarii
354 968 496 1037 corrupta
506 978 652 1035 generum
665 961 890 1019 enumeratione
905 980 958 1019 suo
973 961 1039 1018 iure
1053 958 1110 1017 sibi
1125 960 1184 1017 visi
1197 958 1256 1017 sint
1271 959 1364 1017 etiam

223 1057 426 1137 hanclyricae
436 1060 537 1137 poesis
548 1061 732 1119 mentionem
746 1061 920 1120 eDiomedo
932 1062 1050 1121 tollere.
1069 1081 1126 1120 nec
1138 1061 1203 1119 fere
1212 1080 1366 1121 vereorne

223 1158 282 1217 hac
297 1159 496 1236 ambiguitate
507 1159 673 1239 quidquam
690 1161 727 1220 de
743 1160 956 1240 probabilitate
970 1162 1363 1222 coniecturae.detrabatur.

224 1262 336 1319 etenim
350 1261 409 1319 hoc
422 1262 487 1340 ipso
501 1262 567 1320 loco
582 1264 740 1324 Diomedis
751 1264 822 1323 libri
835 1264 1061 1342 perturbatione
1073 1263 1212 1325 laborant
1227 1284 1288 1342 qua
1303 1282 1366 1320 non

223 1362 315 1421 facile
327 1364 422 1442 possit
434 1365 529 1423 maior
540 1365 679 1424 inveniri.
696 1386 745 1424 res
759 1373 860 1423 autem
868 1366 978 1426 iterum
989 1367 1032 1425 ita
1044 1374 1211 1444 conparata
1223 1375 1270 1423 est
1280 1366 1365 1423 utin·

224 1473 339 1523 certum
358 1466 398 1524 sit
412 1466 470 1524 ratri
482 1466 626 1525 Diomedi
639 1487 677 1524 an
693 1465 817 1526 librario
837 1469 1011 1546 corruptela
1024 1468 1180 1527 debeatur.
1204 1467 1365 1524 interiecta

224 1567 361 1624 animast
374 1568 453 1625 inter
465 1576 658 1627 enumeratas
669 1566 834 1627 communis
847 1572 995 1647 poematis
1008 1571 1127 1649 species
1142 1578 1173 1628 et
1186 1568 1362 1646 descriptio·

222 1688 292 1728 nem
305 1671 410 1746 epicae
422 1671 524 1747 poesis
535 1679 737 1729 commentum
750 1670 788 1729 de
799 1674 949 1747 poematis
962 1670 1195 1731 characteribus.
1217 1691 1307 1751 quem
1319 1670 1362 1728 lo·

223 1790 291 1829 cum
309 1771 429 1829 Keilius
448 1772 476 1829 ei
498 1771 619 1844 tribuit,
647 1792 715 1830 cum
737 1773 769 1829 in
784 1772 870 1831 libris
890 1780 1031 1853 quattuor
1047 1782 1165 1833 tantum
1182 1774 1280 1851 prima
1298 1773 1364 1831 eius

223 1870 318 1930 verba
336 1871 384 1929 hic
402 1872 560 1949 legantur,
580 1894 659 1953 quae
680 1857 872 1953 excipiuntur
895 1876 974 1955 epici
991 1876 1131 1935 carminis
1147 1874 1321 1933 definitione
1334 1881 1364 1932 et

222 1973 362 2047 historia;
384 1973 461 2033 haec
475 1975 573 2035 subito
589 1975 776 2054 abrumpitur
788 1998 818 2055 p.
830 1986 891 2050 484,
907 1977 967 2041 9in
977 1975 1079 2035 verbis
1094 1981 1262 2035 tantaleam
1280 1986 1312 2035 at
1322 1981 1364 2035 sic

221 2081 361 2145 diuerim,
377 2079 514 2155 sequitur
527 2087 728 2137 commentum
741 2078 779 2137 de
791 2081 940 2157 poematis
956 2078 1199 2151 characteribus,
1220 2099 1279 2158 quo
1296 2098 1362 2158 per·

206 2160 334 2257 ‘scripto
347 2198 426 2257 quae
441 2180 622 2259 interposita
633 2188 704 2265 aunt
720 2179 757 2238 de
774 2182 862 2259 epico
879 2182 1011 2239 carmine
1024 2201 1079 2239 sno
1095 2180 1162 2238 loco
1174 2188 1361 2259 repetuntur,

222 2283 325 2339 utiam
336 2301 415 2339 nunc
433 2281 575 2340 adfinem
589 2280 805 2360 perducantur.
826 2302 917 2362 quam
932 2282 1140 2341 confasionem
1157 2283 1270 2361 optime
1286 2282 1361 2341 Kei-

222 2381 279 2440 lius
291 2382 387 2460 praef.
399 2403 429 2460 p.
442 2383 638 2443 XXXVIIII
652 2404 696 2462 sq.
709 2385 755 2443 sic
769 2385 900 2463 explicat
915 2394 947 2442 ut
955 2383 1096 2443 librarius
1109 2383 1236 2463 primum
1245 2383 1362 2442 omissis

223 2484 267 2541 eis
289 2503 369 2563 quae
391 2482 428 2541 de
451 2488 599 2563 poematia
612 2485 839 2544 characteribus
854 2486 1017 2545 scribenda
1031 2485 1154 2544 fueruat
1165 2482 1204 2543 ad
1215 2485 1362 2562 proxima,

222 2605 301 2664 quae
318 2593 388 2643 sunt
400 2583 438 2643 de
453 2588 540 2664 epico
553 2589 695 2660 carmine,
708 2587 906 2657 aberraverit,
921 2586 1031 2677 deinde
1044 2608 1111 2645 cum
1126 2606 1190 2645 rem
1203 2585 1361 2646 intellexe-

221 2691 261 2747 rit
276 2709 337 2747 non
354 2687 464 2747 deletis
482 2689 542 2747 illis
564 2709 643 2769 quae
662 2690 887 2769 interposuerat
905 2689 943 2748 ad
957 2691 1069 2748 iustum
1080 2688 1218 2749 ordinem
1230 2707 1263 2745 sa
1274 2707 1362 2745 revo-

223 2790 308 2847 carit.
332 2797 423 2869 atque
440 2791 471 2847 in
489 2792 622 2868 repetita
642 2794 792 2871 scriptura
808 2795 869 2852 iam
891 2792 1036 2851 attentior
1051 2788 1204 2847 cara'eias
1219 2796 1362 2847 accurate

223 2888 415 2949 describendi
443 2890 534 2949 facile
565 2894 756 2972 perspicitur.
807 2894 898 2953 aliam
931 2888 1115 2967 emendandi
1142 2890 1224 2948 viam
1252 2891 1362 2948 inierat

221 2991 394 3061 Putschius,
407 2991 458 3070 qui
474 3012 535 3050 non
556 2993 695 3052 codicum
710 2996 841 3075 vestigia
852 2995 964 3077 pressit
981 2992 1036 3052 sed
1051 3012 1151 3050 rerum
1166 2992 1301 3051 ordinem
1314 3012 1361 3051 se·

222 3103 311 3152 cutus
321 3092 529 3154 characterum
541 3097 742 3156 differentiam
754 3097 952 3176 disputationi
966 3097 1004 3156 de
1017 3096 1104 3174 epico
1118 3094 1251 3153 carmine
1262 3092 1361 3153 subie-

222 3197 272 3256 cit.
300 3216 389 3275 qaem
402 3194 537 3255 ordinem
549 3218 727 3276 perversum
743 3219 811 3259 esse
827 3200 959 3279 iniquius
973 3198 1094 3257 Keilius
1112 3194 1276 3271 iudicavit;
1295 3215 1363 3255 cum

223 3319 301 3381 quae
319 3298 357 3358 de
374 3298 601 3385 characteribus
614 3310 807 3380 exponuntur
820 3302 859 3360 ad
877 3301 973 3360 solum
986 3301 1105 3379 epicum
1117 3316 1240 3356 carmen
1252 3304 1361 3355 artem-

222 3421 280 3480 que
295 3399 438 3459 narrandi
458 3400 621 3459 referenda
642 3404 715 3462 sint:
738 3403 768 3462 id
784 3402 867 3484 quod
888 3403 920 3461 in
942 3421 1035 3462 causa
1056 3407 1103 3459 ast
1121 3407 1154 3457 ut
1168 3398 1307 3476 exempla
1322 3417 1361 3457 ex

220 3502 339 3579 Vergili
355 3502 495 3562 Aeneide
507 3512 693 3581 repetantur.
717 3505 826 3585 quodsi
839 3506 977 3564 codicum
988 3503 1120 3580 vestigia
1131 3521 1186 3559 nos
1196 3499 1360 3572 adducunt,

220 3594 435 3668 utKeilianam
453 3604 613 3664 verborum
631 3607 886 3668 conlocandorum
900 3607 1049 3667 rationem
1071 3602 1249 3683 probemus,
1281 3623 1360 3661 com-

221 3718 353 3770 mentum
365 3709 403 3768 de
415 3717 558 3787 quattuor
570 3708 814 3782 characteribus,
827 3708 910 3789 quod
922 3728 940 3767 a
953 3706 1079 3767 Suetoni
1089 3704 1217 3764 consilio
1228 3704 1359 3763 alienum

221 3821 276 3884 eat,
289 3814 393 3890 inepto
407 3812 497 3869 etiam
506 3809 574 3868 loco
591 3812 623 3869 in
634 3809 793 3869 Diomedis
803 3811 888 3870 libris
905 3810 976 3868 olim
989 3810 1103 3868 lectum
1117 3807 1211 3866 luisse
1222 3806 1360 3885 adparet.

221 3936 282 3995 qua
296 3934 329 3972 re
345 3914 404 3972 hoc
420 3911 569 3972 emblema
587 3932 656 3971 esse
675 3921 790 3970 certum
804 3912 853 3972 fit:
869 3915 1018 3972 incertum
1032 3919 1079 3970 est
1093 3909 1152 3967 utri
1168 3909 1360 3987 interpolatio

221 4014 371 4074 debeatur
386 4014 528 4074 Diomedi
548 4035 586 4074 an
611 4014 751 4073 librariis.
784 4034 910 4093 quorum
932 4021 1060 4092 uterque
1078 4017 1199 4090 poterat
1216 4009 1360 4068 facillime

219 4117 295 4178 talia
314 4136 331 4175 e
347 4117 472 4175 scholiis
490 4116 607 4192 Vergili
624 4124 776 4194 repetere.
796 4116 834 4176 cf.
850 4118 959 4175 Donat.
975 4114 1073 4193 praef.
1090 4131 1196 4170 comm.
1216 4108 1317 4169 bucol.

307 4218 420 4278 Similis
448 4236 506 4275 aec
532 4218 629 4276 minus
650 4218 814 4276 manifesta
836 4215 1045 4295 interpolatio,
1073 4232 1257 4292 quamquam
1277 4221 1359 4270 certo

220 4320 273 4379 illo
285 4320 398 4379 indicio
408 4319 496 4378 huius
509 4317 907 4396 corruptelaedestituimur,
922 4324 1069 4395 conparet
1079 4314 1111 4372 iu
1121 4313 1215 4372 iambi
1224 4312 1359 4390 descrip-

220 4423 319 4493 tione,
342 4422 390 4480 cui
411 4419 554 4480 adiuncta
567 4422 607 4479 ait
621 4421 747 4480 metrica
771 4418 809 4478 de
830 4418 927 4496 epodo
942 4417 1082 4497 quaestio
1095 4416 1207 4475 hausta
1227 4414 1281 4473 illa
1293 4413 1358 4494 qui·
