<?xml version="1.0" encoding="UTF-8"?>
<!DOCTYPE html PUBLIC "-//W3C//DTD XHTML 1.0 Transitional//EN"
    "http://www.w3.org/TR/xhtml1/DTD/xhtml1-transitional.dtd">
<html xmlns="http://www.w3.org/1999/xhtml" xml:lang="en" lang="en">
 <head>
  <title>
</title>
<meta http-equiv="Content-Type" content="text/html;charset=utf-8" />
  <meta name='ocr-system' content='tesseract 3.04.00' />
  <meta name='ocr-capabilities' content='ocr_page ocr_carea ocr_par ocr_line ocrx_word'/>
</head>
<body>
  <div class='ocr_page' id='page_1' title='image "./csuetonitranqui01ritsgoog_0066.png"; bbox 0 0 3186 4996; ppageno 0'>
   <div class='ocr_carea' id='block_1_1' title="bbox 723 447 969 492">
    <p class='ocr_par' dir='ltr' id='par_1_1' title="bbox 723 447 969 492">
     <span class='ocr_line' id='line_1_1' title="bbox 723 447 969 492; baseline 0.02 -5"><span class='ocrx_word' id='word_1_1' title='bbox 723 448 765 488; x_wconf 80' lang='lat' dir='ltr'>DE</span> <span class='ocrx_word' id='word_1_2' title='bbox 776 447 902 489; x_wconf 74' lang='lat' dir='ltr'>,Penus</span> <span class='ocrx_word' id='word_1_3' title='bbox 965 486 969 492; x_wconf 93' lang='lat'>.</span> 
     </span>
    </p>
   </div>
   <div class='ocr_carea' id='block_1_2' title="bbox 188 599 1476 986">
    <p class='ocr_par' dir='ltr' id='par_1_2' title="bbox 188 599 1476 986">
     <span class='ocr_line' id='line_1_2' title="bbox 777 599 863 659; baseline 0.023 -2"><span class='ocrx_word' id='word_1_4' title='bbox 777 599 863 659; x_wconf 70' lang='lat' dir='ltr'>XX,</span> 
     </span>
     <span class='ocr_line' id='line_1_3' title="bbox 326 695 1476 782; baseline 0.004 -26"><span class='ocrx_word' id='word_1_5' title='bbox 326 709 546 758; x_wconf 79' lang='lat' dir='ltr'>couutstcrvs</span> <span class='ocrx_word' id='word_1_6' title='bbox 570 704 667 782; x_wconf 82' lang='lat' dir='ltr'>poeta</span> <span class='ocrx_word' id='word_1_7' title='bbox 688 717 709 758; x_wconf 92' lang='lat' dir='ltr'>a</span> <span class='ocrx_word' id='word_1_8' title='bbox 733 695 890 760; x_wconf 82' lang='lat' dir='ltr'>militibus</span> <span class='ocrx_word' id='word_1_9' title='bbox 919 695 1068 760; x_wconf 89' lang='lat' dir='ltr'>desertus</span> <span class='ocrx_word' id='word_1_10' title='bbox 1091 697 1214 762; x_wconf 90' lang='lat' dir='ltr'>interiit</span> <span class='ocrx_word' id='word_1_11' title='bbox 1240 703 1278 773; x_wconf 83' lang='lat' dir='ltr'>(a.</span> <span class='ocrx_word' id='word_1_12' title='bbox 1304 707 1381 778; x_wconf 84' lang='lat'>713),</span> <span class='ocrx_word' id='word_1_13' title='bbox 1397 706 1476 780; x_wconf 82' lang='lat'>27*</span> 
     </span>
     <span class='ocr_line' id='line_1_4' title="bbox 188 796 1383 884; baseline 0.006 -27"><span class='ocrx_word' id='word_1_14' title='bbox 188 854 200 870; x_wconf 82' lang='grc'><strong>,</strong></span> <span class='ocrx_word' id='word_1_15' title='bbox 239 816 322 880; x_wconf 90' lang='lat' dir='ltr'>quos</span> <span class='ocrx_word' id='word_1_16' title='bbox 351 817 449 883; x_wconf 87' lang='lat' dir='ltr'>saepe</span> <span class='ocrx_word' id='word_1_17' title='bbox 477 797 641 879; x_wconf 84' lang='lat' dir='ltr'>fugientes</span> <span class='ocrx_word' id='word_1_18' title='bbox 664 796 812 882; x_wconf 80' lang='lat' dir='ltr'><strong>galeatos</strong></span> <span class='ocrx_word' id='word_1_19' title='bbox 833 796 960 884; x_wconf 90' lang='lat' dir='ltr'>lepores</span> <span class='ocrx_word' id='word_1_20' title='bbox 986 796 1174 884; x_wconf 90' lang='lat' dir='ltr'>appellarat.</span> <span class='ocrx_word' id='word_1_21' title='bbox 1217 797 1313 862; x_wconf 91' lang='lat' dir='ltr'>huius</span> <span class='ocrx_word' id='word_1_22' title='bbox 1333 821 1383 864; x_wconf 90' lang='lat' dir='ltr'>se-</span> 
     </span>
     <span class='ocr_line' id='line_1_5' title="bbox 240 894 1199 986; baseline 0.005 -27"><span class='ocrx_word' id='word_1_23' title='bbox 240 919 295 961; x_wconf 89' lang='lat' dir='ltr'>ror</span> <span class='ocrx_word' id='word_1_24' title='bbox 315 894 509 979; x_wconf 77' lang='lat' dir='ltr'>Cornificia,</span> <span class='ocrx_word' id='word_1_25' title='bbox 533 899 625 962; x_wconf 88' lang='lat' dir='ltr'>euius</span> <span class='ocrx_word' id='word_1_26' title='bbox 648 899 792 985; x_wconf 81' lang='lat' dir='ltr'>insignia</span> <span class='ocrx_word' id='word_1_27' title='bbox 814 907 928 963; x_wconf 80' lang='lat' dir='ltr'>extant</span> <span class='ocrx_word' id='word_1_28' title='bbox 952 899 1199 986; x_wconf 85' lang='lat' dir='ltr'>epigrammata.</span> 
     </span>
    </p>
   </div>
   <div class='ocr_carea' id='block_1_3' title="bbox 218 1021 1479 2015">
    <p class='ocr_par' dir='ltr' id='par_1_3' title="bbox 218 1021 1479 2015">
     <span class='ocr_line' id='line_1_6' title="bbox 772 1021 854 1082; baseline -0.024 0"><span class='ocrx_word' id='word_1_29' title='bbox 772 1021 854 1082; x_wconf 88' lang='lat' dir='ltr'>XXI</span> 
     </span>
     <span class='ocr_line' id='line_1_7' title="bbox 327 1116 1476 1209; baseline 0.004 -31"><span class='ocrx_word' id='word_1_30' title='bbox 327 1133 364 1180; x_wconf 79' lang='lat' dir='ltr'>u.</span> <span class='ocrx_word' id='word_1_31' title='bbox 393 1133 520 1183; x_wconf 83' lang='lat' dir='ltr'>ssvrvs</span> <span class='ocrx_word' id='word_1_32' title='bbox 547 1126 645 1205; x_wconf 90' lang='lat' dir='ltr'>poeta</span> <span class='ocrx_word' id='word_1_33' title='bbox 672 1140 769 1205; x_wconf 89' lang='lat' dir='ltr'>quem</span> <span class='ocrx_word' id='word_1_34' title='bbox 791 1116 957 1209; x_wconf 82' lang='lat' dir='ltr'>Vergilius</span> <span class='ocrx_word' id='word_1_35' title='bbox 979 1120 1013 1184; x_wconf 91' lang='lat' dir='ltr'>in</span> <span class='ocrx_word' id='word_1_36' title='bbox 1040 1118 1205 1184; x_wconf 88' lang='lat' dir='ltr'>Bucolicis</span> <span class='ocrx_word' id='word_1_37' title='bbox 1232 1128 1324 1184; x_wconf 89' lang='lat' dir='ltr'>notat</span> <span class='ocrx_word' id='word_1_38' title='bbox 1350 1119 1385 1183; x_wconf 90' lang='lat' dir='ltr'>in</span> <span class='ocrx_word' id='word_1_39' title='bbox 1398 1117 1476 1191; x_wconf 76' lang='lat'>28*</span> 
     </span>
     <span class='ocr_line' id='line_1_8' title="bbox 218 1212 945 1302; baseline 0.006 -22"><span class='ocrx_word' id='word_1_40' title='bbox 218 1214 453 1302; x_wconf 70' lang='lat' dir='ltr'>scappadocia</span> <span class='ocrx_word' id='word_1_41' title='bbox 473 1220 609 1284; x_wconf 81' lang='lat' dir='ltr'>moritur</span> <span class='ocrx_word' id='word_1_42' title='bbox 633 1227 671 1297; x_wconf 88' lang='lat' dir='ltr'>(a.</span> <span class='ocrx_word' id='word_1_43' title='bbox 696 1227 773 1299; x_wconf 81' lang='lat'><em>719).</em></span> <span class='ocrx_word' id='word_1_44' title='bbox 940 1212 945 1235; x_wconf 81' lang='lat'><strong><em>‘</em></strong></span> 
     </span>
     <span class='ocr_line' id='line_1_9' title="bbox 328 1318 1479 1409; baseline 0.003 -28"><span class='ocrx_word' id='word_1_45' title='bbox 328 1318 451 1383; x_wconf 89' lang='lat' dir='ltr'>Bauius</span> <span class='ocrx_word' id='word_1_46' title='bbox 473 1331 603 1385; x_wconf 88' lang='lat' dir='ltr'>curator</span> <span class='ocrx_word' id='word_1_47' title='bbox 625 1321 702 1399; x_wconf 87' lang='lat' dir='ltr'>fuit,</span> <span class='ocrx_word' id='word_1_48' title='bbox 734 1320 775 1385; x_wconf 92' lang='lat' dir='ltr'>de</span> <span class='ocrx_word' id='word_1_49' title='bbox 797 1343 861 1409; x_wconf 92' lang='lat' dir='ltr'>que</span> <span class='ocrx_word' id='word_1_50' title='bbox 883 1320 1048 1386; x_wconf 78' lang='lat' dir='ltr'>Domitius</span> <span class='ocrx_word' id='word_1_51' title='bbox 1069 1324 1103 1386; x_wconf 90' lang='lat' dir='ltr'>in</span> <span class='ocrx_word' id='word_1_52' title='bbox 1127 1322 1244 1387; x_wconf 78' lang='lat' dir='ltr'>Cicuta</span> <span class='ocrx_word' id='word_1_53' title='bbox 1265 1321 1383 1387; x_wconf 81' lang='lat' dir='ltr'>refert:</span> <span class='ocrx_word' id='word_1_54' title='bbox 1401 1323 1479 1397; x_wconf 83' lang='lat'>29*</span> 
     </span>
     <span class='ocr_line' id='line_1_10' title="bbox 371 1416 1219 1506; baseline 0.005 -23"><span class='ocrx_word' id='word_1_55' title='bbox 371 1420 489 1485; x_wconf 85' lang='lat' dir='ltr'>Omnia</span> <span class='ocrx_word' id='word_1_56' title='bbox 510 1443 583 1485; x_wconf 90' lang='lat' dir='ltr'>cum</span> <span class='ocrx_word' id='word_1_57' title='bbox 605 1422 709 1487; x_wconf 81' lang='lat' dir='ltr'>Bauio</span> <span class='ocrx_word' id='word_1_58' title='bbox 732 1416 916 1486; x_wconf 87' lang='lat' dir='ltr'>communia</span> <span class='ocrx_word' id='word_1_59' title='bbox 937 1423 1038 1487; x_wconf 83' lang='lat' dir='ltr'>frater</span> <span class='ocrx_word' id='word_1_60' title='bbox 1059 1422 1219 1506; x_wconf 88' lang='lat' dir='ltr'>habebat,</span> 
     </span>
     <span class='ocr_line' id='line_1_11' title="bbox 445 1523 1116 1590; baseline 0.003 -4"><span class='ocrx_word' id='word_1_61' title='bbox 445 1525 592 1587; x_wconf 90' lang='lat' dir='ltr'>unanimi</span> <span class='ocrx_word' id='word_1_62' title='bbox 614 1523 733 1588; x_wconf 88' lang='lat' dir='ltr'>fratres</span> <span class='ocrx_word' id='word_1_63' title='bbox 753 1524 839 1587; x_wconf 91' lang='lat' dir='ltr'>sieut</span> <span class='ocrx_word' id='word_1_64' title='bbox 857 1523 979 1588; x_wconf 83' lang='lat' dir='ltr'>habero</span> <span class='ocrx_word' id='word_1_65' title='bbox 1001 1525 1116 1590; x_wconf 90' lang='lat' dir='ltr'>solent.</span> 
     </span>
     <span class='ocr_line' id='line_1_12' title="bbox 371 1625 1365 1712; baseline 0.004 -26"><span class='ocrx_word' id='word_1_66' title='bbox 371 1645 447 1686; x_wconf 89' lang='lat' dir='ltr'>rura</span> <span class='ocrx_word' id='word_1_67' title='bbox 468 1625 598 1688; x_wconf 88' lang='lat' dir='ltr'>domum</span> <span class='ocrx_word' id='word_1_68' title='bbox 619 1646 768 1690; x_wconf 90' lang='lat' dir='ltr'>nummos</span> <span class='ocrx_word' id='word_1_69' title='bbox 790 1634 887 1711; x_wconf 88' lang='lat' dir='ltr'>atque</span> <span class='ocrx_word' id='word_1_70' title='bbox 908 1626 1017 1689; x_wconf 90' lang='lat' dir='ltr'>omnia</span> <span class='ocrx_word' id='word_1_71' title='bbox 1036 1626 1191 1712; x_wconf 89' lang='lat' dir='ltr'>denique:</span> <span class='ocrx_word' id='word_1_72' title='bbox 1215 1637 1250 1690; x_wconf 92' lang='lat' dir='ltr'>ut</span> <span class='ocrx_word' id='word_1_73' title='bbox 1271 1627 1365 1690; x_wconf 92' lang='lat' dir='ltr'>aiunt</span> 
     </span>
     <span class='ocr_line' id='line_1_13' title="bbox 447 1726 1161 1813; baseline 0.003 -25"><span class='ocrx_word' id='word_1_74' title='bbox 447 1726 637 1811; x_wconf 74' lang='lat' dir='ltr'>corporibus</span> <span class='ocrx_word' id='word_1_75' title='bbox 659 1726 800 1810; x_wconf 89' lang='lat' dir='ltr'>geminis</span> <span class='ocrx_word' id='word_1_76' title='bbox 821 1728 954 1813; x_wconf 88' lang='lat' dir='ltr'>spiritus</span> <span class='ocrx_word' id='word_1_77' title='bbox 976 1747 1061 1790; x_wconf 89' lang='lat' dir='ltr'>unus</span> <span class='ocrx_word' id='word_1_78' title='bbox 1081 1737 1161 1790; x_wconf 87' lang='lat' dir='ltr'>erat.</span> 
     </span>
     <span class='ocr_line' id='line_1_14' title="bbox 372 1822 1235 1913; baseline 0.003 -24"><span class='ocrx_word' id='word_1_79' title='bbox 372 1825 430 1889; x_wconf 89' lang='lat' dir='ltr'>sed</span> <span class='ocrx_word' id='word_1_80' title='bbox 452 1836 624 1913; x_wconf 84' lang='lat' dir='ltr'>postquam</span> <span class='ocrx_word' id='word_1_81' title='bbox 646 1826 783 1892; x_wconf 89' lang='lat' dir='ltr'>alterius</span> <span class='ocrx_word' id='word_1_82' title='bbox 802 1822 919 1892; x_wconf 82' lang='lat' dir='ltr'>mulier</span> <span class='ocrx_word' id='word_1_83' title='bbox 941 1826 1235 1908; x_wconf 66' lang='lat' dir='ltr'>&#39;seoneubitumlv</span> 
     </span>
     <span class='ocr_line' id='line_1_15' title="bbox 446 1927 1041 2015; baseline 0.003 -24"><span class='ocrx_word' id='word_1_84' title='bbox 446 1929 554 2010; x_wconf 89' lang='lat' dir='ltr'>nouit,</span> <span class='ocrx_word' id='word_1_85' title='bbox 578 1928 728 2015; x_wconf 83' lang='lat' dir='ltr'>deposuit</span> <span class='ocrx_word' id='word_1_86' title='bbox 749 1927 833 1994; x_wconf 88' lang='lat' dir='ltr'>alter</span> <span class='ocrx_word' id='word_1_87' title='bbox 853 1929 1041 1993; x_wconf 85' lang='lat' dir='ltr'>amicitiam.</span> 
     </span>
    </p>
   </div>
   <div class='ocr_carea' id='block_1_4' title="bbox 86 2167 1469 3992">
    <p class='ocr_par' dir='ltr' id='par_1_4' title="bbox 242 2167 1385 2302">
     <span class='ocr_line' id='line_1_16' title="bbox 242 2167 1385 2235; baseline 0.005 -21"><span class='ocrx_word' id='word_1_88' title='bbox 242 2180 312 2229; x_wconf 90' lang='lat' dir='ltr'>porc</span> <span class='ocrx_word' id='word_1_89' title='bbox 331 2168 538 2219; x_wconf 86' lang='lat' dir='ltr'>contenderent.</span> <span class='ocrx_word' id='word_1_90' title='bbox 570 2184 621 2219; x_wconf 90' lang='lat' dir='ltr'>nee</span> <span class='ocrx_word' id='word_1_91' title='bbox 640 2167 698 2218; x_wconf 90' lang='lat' dir='ltr'>ullo</span> <span class='ocrx_word' id='word_1_92' title='bbox 720 2175 868 2220; x_wconf 85' lang='lat' dir='ltr'>recusante</span> <span class='ocrx_word' id='word_1_93' title='bbox 887 2170 1030 2235; x_wconf 88' lang='lat' dir='ltr'>superauit</span> <span class='ocrx_word' id='word_1_94' title='bbox 1042 2184 1149 2233; x_wconf 89' lang='lat' dir='ltr'>omnes,</span> <span class='ocrx_word' id='word_1_95' title='bbox 1169 2170 1198 2219; x_wconf 91' lang='lat' dir='ltr'>in</span> <span class='ocrx_word' id='word_1_96' title='bbox 1218 2171 1278 2235; x_wconf 88' lang='lat' dir='ltr'>quis</span> <span class='ocrx_word' id='word_1_97' title='bbox 1292 2172 1319 2220; x_wconf 90' lang='lat' dir='ltr'>et</span> <span class='ocrx_word' id='word_1_98' title='bbox 1331 2171 1385 2220; x_wconf 84' lang='lat' dir='ltr'>La·</span> 
     </span>
     <span class='ocr_line' id='line_1_17' title="bbox 243 2232 1127 2302; baseline 0.007 -22"><span class='ocrx_word' id='word_1_99' title='bbox 243 2232 360 2282; x_wconf 73' lang='lat' dir='ltr'>berlum,</span> <span class='ocrx_word' id='word_1_100' title='bbox 396 2235 467 2285; x_wconf 89' lang='lat' dir='ltr'>unde</span> <span class='ocrx_word' id='word_1_101' title='bbox 487 2236 592 2287; x_wconf 84' lang='lat' dir='ltr'>Caesar</span> <span class='ocrx_word' id='word_1_102' title='bbox 609 2236 738 2286; x_wconf 82' lang='lat' dir='ltr'>adridens</span> <span class='ocrx_word' id='word_1_103' title='bbox 754 2237 807 2287; x_wconf 89' lang='lat' dir='ltr'>hoe</span> <span class='ocrx_word' id='word_1_104' title='bbox 825 2237 905 2288; x_wconf 91' lang='lat' dir='ltr'>modo</span> <span class='ocrx_word' id='word_1_105' title='bbox 922 2237 1127 2302; x_wconf 81' lang='lat' dir='ltr'>pronuntiauit:</span> 
     </span>
    </p>

    <p class='ocr_par' dir='ltr' id='par_1_5' title="bbox 244 2302 1461 2490">
     <span class='ocr_line' id='line_1_18' title="bbox 392 2302 1089 2368; baseline 0.004 -17"><span class='ocrx_word' id='word_1_106' title='bbox 392 2302 519 2353; x_wconf 87' lang='lat' dir='ltr'>Pauente</span> <span class='ocrx_word' id='word_1_107' title='bbox 539 2304 591 2354; x_wconf 90' lang='lat' dir='ltr'>tibi</span> <span class='ocrx_word' id='word_1_108' title='bbox 609 2320 651 2354; x_wconf 87' lang='lat' dir='ltr'>me</span> <span class='ocrx_word' id='word_1_109' title='bbox 670 2306 762 2354; x_wconf 88' lang='lat' dir='ltr'>uictus</span> <span class='ocrx_word' id='word_1_110' title='bbox 781 2319 826 2366; x_wconf 89' lang='lat' dir='ltr'>es,</span> <span class='ocrx_word' id='word_1_111' title='bbox 847 2305 965 2365; x_wconf 85' lang='lat' dir='ltr'>Laberi,</span> <span class='ocrx_word' id='word_1_112' title='bbox 986 2321 1002 2353; x_wconf 87' lang='lat' dir='ltr'>a</span> <span class='ocrx_word' id='word_1_113' title='bbox 1021 2305 1089 2368; x_wconf 86' lang='lat' dir='ltr'>Syro</span> 
     </span>
     <span class='ocr_line' id='line_1_19' title="bbox 244 2366 1461 2438; baseline 0.006 -23"><span class='ocrx_word' id='word_1_114' title='bbox 244 2366 393 2433; x_wconf 86' lang='lat' dir='ltr'>statimque</span> <span class='ocrx_word' id='word_1_115' title='bbox 412 2369 533 2421; x_wconf 91' lang='lat' dir='ltr'>Publilio</span> <span class='ocrx_word' id='word_1_116' title='bbox 551 2372 671 2436; x_wconf 87' lang='lat' dir='ltr'>palmam</span> <span class='ocrx_word' id='word_1_117' title='bbox 690 2376 718 2422; x_wconf 88' lang='lat' dir='ltr'>et</span> <span class='ocrx_word' id='word_1_118' title='bbox 736 2372 856 2421; x_wconf 85' lang='lat' dir='ltr'>Laberio</span> <span class='ocrx_word' id='word_1_119' title='bbox 876 2372 985 2421; x_wconf 90' lang='lat' dir='ltr'>anulum</span> <span class='ocrx_word' id='word_1_120' title='bbox 1005 2387 1117 2421; x_wconf 89' lang='lat' dir='ltr'>aureum</span> <span class='ocrx_word' id='word_1_121' title='bbox 1143 2387 1204 2421; x_wconf 87' lang='lat' dir='ltr'>cum</span> <span class='ocrx_word' id='word_1_122' title='bbox 1229 2373 1387 2438; x_wconf 82' lang='lat' dir='ltr'>quingentis</span> <span class='ocrx_word' id='word_1_123' title='bbox 1458 2394 1461 2401; x_wconf 57' lang='lat'><strong><em>¹</em></strong></span> 
     </span>
     <span class='ocr_line' id='line_1_20' title="bbox 244 2430 1233 2490; baseline 0.006 -7"><span class='ocrx_word' id='word_1_124' title='bbox 244 2438 383 2486; x_wconf 83' lang='lat' dir='ltr'>sestertiis</span> <span class='ocrx_word' id='word_1_125' title='bbox 402 2438 486 2489; x_wconf 88' lang='lat' dir='ltr'>dedit.</span> <span class='ocrx_word' id='word_1_126' title='bbox 523 2444 590 2489; x_wconf 89' lang='lat' dir='ltr'>tune</span> <span class='ocrx_word' id='word_1_127' title='bbox 608 2438 743 2488; x_wconf 83' lang='lat' dir='ltr'>Publilius</span> <span class='ocrx_word' id='word_1_128' title='bbox 762 2439 797 2489; x_wconf 89' lang='lat' dir='ltr'>ad</span> <span class='ocrx_word' id='word_1_129' title='bbox 815 2441 964 2489; x_wconf 86' lang='lat' dir='ltr'>Laberium</span> <span class='ocrx_word' id='word_1_130' title='bbox 984 2440 1159 2490; x_wconf 77' lang='lat' dir='ltr'>recedentem</span> <span class='ocrx_word' id='word_1_131' title='bbox 1179 2430 1233 2489; x_wconf 80' lang='lat' dir='ltr'>iit:</span> 
     </span>
    </p>

    <p class='ocr_par' dir='ltr' id='par_1_6' title="bbox 390 2505 1239 2572">
     <span class='ocr_line' id='line_1_21' title="bbox 390 2505 1239 2572; baseline 0.002 -17"><span class='ocrx_word' id='word_1_132' title='bbox 390 2505 508 2566; x_wconf 75' lang='lat' dir='ltr'>Quicum</span> <span class='ocrx_word' id='word_1_133' title='bbox 527 2508 694 2557; x_wconf 81' lang='lat' dir='ltr'>contendisti</span> <span class='ocrx_word' id='word_1_134' title='bbox 712 2508 845 2572; x_wconf 81' lang='lat' dir='ltr'>scriptor,</span> <span class='ocrx_word' id='word_1_135' title='bbox 865 2507 936 2556; x_wconf 88' lang='lat' dir='ltr'>hune</span> <span class='ocrx_word' id='word_1_136' title='bbox 955 2512 1097 2572; x_wconf 88' lang='lat' dir='ltr'>spectator</span> <span class='ocrx_word' id='word_1_137' title='bbox 1114 2507 1239 2558; x_wconf 89' lang='lat' dir='ltr'>subleua.</span> 
     </span>
    </p>

    <p class='ocr_par' dir='ltr' id='par_1_7' title="bbox 86 2569 1388 2639">
     <span class='ocr_line' id='line_1_22' title="bbox 86 2569 1388 2639; baseline 0.006 -21"><span class='ocrx_word' id='word_1_138' title='bbox 86 2580 96 2590; x_wconf 75' lang='lat'><em>‘</em></span> <span class='ocrx_word' id='word_1_139' title='bbox 195 2625 199 2633; x_wconf 27' lang='lat'>⁸</span> <span class='ocrx_word' id='word_1_140' title='bbox 244 2569 295 2619; x_wconf 86' lang='lat' dir='ltr'>sed</span> <span class='ocrx_word' id='word_1_141' title='bbox 314 2572 496 2623; x_wconf 70' lang='lat' dir='ltr'>sat-Laberius</span> <span class='ocrx_word' id='word_1_142' title='bbox 519 2589 585 2639; x_wconf 74' lang='lat' dir='ltr'>sequ</span> <span class='ocrx_word' id='word_1_143' title='bbox 606 2575 647 2623; x_wconf 87' lang='lat' dir='ltr'>nti</span> <span class='ocrx_word' id='word_1_144' title='bbox 665 2576 760 2623; x_wconf 87' lang='lat' dir='ltr'>statim</span> <span class='ocrx_word' id='word_1_145' title='bbox 779 2575 971 2626; x_wconf 84' lang='lat' dir='ltr'>commissione</span> <span class='ocrx_word' id='word_1_146' title='bbox 990 2574 1071 2624; x_wconf 89' lang='lat' dir='ltr'>mimo</span> <span class='ocrx_word' id='word_1_147' title='bbox 1089 2591 1161 2625; x_wconf 89' lang='lat' dir='ltr'>nouo</span> <span class='ocrx_word' id='word_1_148' title='bbox 1181 2576 1323 2625; x_wconf 86' lang='lat' dir='ltr'>interiecit</span> <span class='ocrx_word' id='word_1_149' title='bbox 1336 2575 1388 2626; x_wconf 92' lang='lat' dir='ltr'>hos</span> 
     </span>
    </p>

    <p class='ocr_par' dir='ltr' id='par_1_8' title="bbox 244 2652 355 2688">
     <span class='ocr_line' id='line_1_23' title="bbox 244 2652 355 2688; baseline 0.009 -2"><span class='ocrx_word' id='word_1_150' title='bbox 244 2652 355 2688; x_wconf 84' lang='lat' dir='ltr'>uersus:</span> 
     </span>
    </p>

    <p class='ocr_par' dir='ltr' id='par_1_9' title="bbox 397 2708 1171 2775">
     <span class='ocr_line' id='line_1_24' title="bbox 397 2708 1171 2775; baseline 0.004 -17"><span class='ocrx_word' id='word_1_151' title='bbox 397 2708 458 2759; x_wconf 87' lang='lat' dir='ltr'>Non</span> <span class='ocrx_word' id='word_1_152' title='bbox 476 2714 591 2774; x_wconf 91' lang='lat' dir='ltr'>possunt</span> <span class='ocrx_word' id='word_1_153' title='bbox 608 2710 689 2775; x_wconf 90' lang='lat' dir='ltr'>primi</span> <span class='ocrx_word' id='word_1_154' title='bbox 708 2725 769 2761; x_wconf 88' lang='lat' dir='ltr'>csse</span> <span class='ocrx_word' id='word_1_155' title='bbox 787 2726 881 2760; x_wconf 89' lang='lat' dir='ltr'>omnes</span> <span class='ocrx_word' id='word_1_156' title='bbox 899 2710 973 2769; x_wconf 86' lang='lat' dir='ltr'>omni</span> <span class='ocrx_word' id='word_1_157' title='bbox 991 2710 1020 2759; x_wconf 90' lang='lat' dir='ltr'>in</span> <span class='ocrx_word' id='word_1_158' title='bbox 1039 2715 1171 2775; x_wconf 89' lang='lat' dir='ltr'>tempere.</span> 
     </span>
    </p>

    <p class='ocr_par' dir='ltr' id='par_1_10' title="bbox 397 2777 1098 2843">
     <span class='ocr_line' id='line_1_25' title="bbox 397 2777 1098 2843; baseline 0.003 -17"><span class='ocrx_word' id='word_1_159' title='bbox 397 2792 529 2827; x_wconf 89' lang='lat' dir='ltr'>summum</span> <span class='ocrx_word' id='word_1_160' title='bbox 548 2778 582 2827; x_wconf 91' lang='lat' dir='ltr'>ad</span> <span class='ocrx_word' id='word_1_161' title='bbox 601 2778 715 2843; x_wconf 87' lang='lat' dir='ltr'>gradum</span> <span class='ocrx_word' id='word_1_162' title='bbox 735 2792 796 2828; x_wconf 89' lang='lat' dir='ltr'>cum</span> <span class='ocrx_word' id='word_1_163' title='bbox 815 2777 953 2828; x_wconf 82' lang='lat' dir='ltr'>claritatis</span> <span class='ocrx_word' id='word_1_164' title='bbox 971 2780 1098 2842; x_wconf 86' lang='lat' dir='ltr'>ueneris,</span> 
     </span>
    </p>

    <p class='ocr_par' dir='ltr' id='par_1_11' title="bbox 398 2846 1010 2909">
     <span class='ocr_line' id='line_1_26' title="bbox 398 2846 1010 2909; baseline 0.003 -16"><span class='ocrx_word' id='word_1_165' title='bbox 398 2846 534 2895; x_wconf 85' lang='lat' dir='ltr'>consistes</span> <span class='ocrx_word' id='word_1_166' title='bbox 553 2861 651 2909; x_wconf 83' lang='lat' dir='ltr'>aegre,</span> <span class='ocrx_word' id='word_1_167' title='bbox 672 2861 706 2894; x_wconf 92' lang='lat' dir='ltr'>ne</span> <span class='ocrx_word' id='word_1_168' title='bbox 725 2861 767 2895; x_wconf 89' lang='lat' dir='ltr'>me</span> <span class='ocrx_word' id='word_1_169' title='bbox 786 2847 869 2896; x_wconf 88' lang='lat' dir='ltr'>eitius</span> <span class='ocrx_word' id='word_1_170' title='bbox 887 2846 1010 2895; x_wconf 87' lang='lat' dir='ltr'>decidas.</span> 
     </span>
    </p>

    <p class='ocr_par' dir='ltr' id='par_1_12' title="bbox 399 2913 1212 2979">
     <span class='ocr_line' id='line_1_27' title="bbox 399 2913 1212 2979; baseline 0.005 -19"><span class='ocrx_word' id='word_1_171' title='bbox 399 2913 491 2961; x_wconf 88' lang='lat' dir='ltr'>cecidi</span> <span class='ocrx_word' id='word_1_172' title='bbox 509 2929 575 2979; x_wconf 87' lang='lat' dir='ltr'>ego,</span> <span class='ocrx_word' id='word_1_173' title='bbox 595 2913 679 2962; x_wconf 88' lang='lat' dir='ltr'>cadet</span> <span class='ocrx_word' id='word_1_174' title='bbox 697 2914 743 2977; x_wconf 90' lang='lat' dir='ltr'>qui</span> <span class='ocrx_word' id='word_1_175' title='bbox 761 2914 897 2976; x_wconf 89' lang='lat' dir='ltr'>sequitur:</span> <span class='ocrx_word' id='word_1_176' title='bbox 934 2914 996 2963; x_wconf 89' lang='lat' dir='ltr'>laus</span> <span class='ocrx_word' id='word_1_177' title='bbox 1014 2918 1056 2963; x_wconf 91' lang='lat' dir='ltr'>est</span> <span class='ocrx_word' id='word_1_178' title='bbox 1073 2913 1212 2979; x_wconf 90' lang='lat' dir='ltr'>publica.&#39;</span> 
     </span>
    </p>

    <p class='ocr_par' dir='ltr' id='par_1_13' title="bbox 245 2973 1387 3101">
     <span class='ocr_line' id='line_1_28' title="bbox 330 2973 1387 3047; baseline 0.003 -19"><span class='ocrx_word' id='word_1_179' title='bbox 330 2973 385 3028; x_wconf 60' lang='lat' dir='ltr'>dl*</span> <span class='ocrx_word' id='word_1_180' title='bbox 401 2980 586 3044; x_wconf 82' lang='lat' dir='ltr'>Hieronymus</span> <span class='ocrx_word' id='word_1_181' title='bbox 609 2979 653 3029; x_wconf 84' lang='lat'>01.</span> <span class='ocrx_word' id='word_1_182' title='bbox 679 2980 743 3040; x_wconf 74' lang='lat'>184,</span> <span class='ocrx_word' id='word_1_183' title='bbox 766 2981 790 3030; x_wconf 82' lang='lat'>4.</span> <span class='ocrx_word' id='word_1_184' title='bbox 817 2980 933 3031; x_wconf 85' lang='lat' dir='ltr'>Merkel.</span> <span class='ocrx_word' id='word_1_185' title='bbox 952 2981 988 3031; x_wconf 90' lang='lat' dir='ltr'>ad</span> <span class='ocrx_word' id='word_1_186' title='bbox 1006 2981 1099 3032; x_wconf 83' lang='lat' dir='ltr'>Ovidii</span> <span class='ocrx_word' id='word_1_187' title='bbox 1117 2983 1180 3031; x_wconf 88' lang='lat' dir='ltr'>Ibin</span> <span class='ocrx_word' id='word_1_188' title='bbox 1203 2999 1228 3047; x_wconf 87' lang='lat' dir='ltr'>p.</span> <span class='ocrx_word' id='word_1_189' title='bbox 1253 2979 1303 3032; x_wconf 80' lang='grc'>365</span> <span class='ocrx_word' id='word_1_190' title='bbox 1323 2981 1387 3032; x_wconf 82' lang='lat' dir='ltr'>Cor·</span> 
     </span>
     <span class='ocr_line' id='line_1_29' title="bbox 245 3044 951 3101; baseline 0.006 -9"><span class='ocrx_word' id='word_1_191' title='bbox 245 3044 324 3094; x_wconf 85' lang='lat' dir='ltr'>uilici</span> <span class='ocrx_word' id='word_1_192' title='bbox 340 3063 437 3097; x_wconf 90' lang='lat' dir='ltr'>necem</span> <span class='ocrx_word' id='word_1_193' title='bbox 457 3047 492 3097; x_wconf 87' lang='lat' dir='ltr'>ad</span> <span class='ocrx_word' id='word_1_194' title='bbox 510 3048 612 3098; x_wconf 88' lang='lat' dir='ltr'>bellum</span> <span class='ocrx_word' id='word_1_195' title='bbox 629 3049 794 3099; x_wconf 83' lang='lat' dir='ltr'>Perusinum</span> <span class='ocrx_word' id='word_1_196' title='bbox 811 3048 927 3101; x_wconf 66' lang='lat' dir='ltr'>retulit..</span> <span class='ocrx_word' id='word_1_197' title='bbox 946 3044 951 3054; x_wconf 88' lang='lat'>&#39;</span> 
     </span>
    </p>

    <p class='ocr_par' dir='ltr' id='par_1_14' title="bbox 329 3111 774 3181">
     <span class='ocr_line' id='line_1_30' title="bbox 329 3111 774 3181; baseline -0.002 -16"><span class='ocrx_word' id='word_1_198' title='bbox 329 3111 385 3167; x_wconf 76' lang='lat'>⁴28*</span> <span class='ocrx_word' id='word_1_199' title='bbox 403 3115 587 3181; x_wconf 87' lang='lat' dir='ltr'>Hieronymus</span> <span class='ocrx_word' id='word_1_200' title='bbox 605 3115 648 3164; x_wconf 92' lang='lat' dir='ltr'>Ol.</span> <span class='ocrx_word' id='word_1_201' title='bbox 671 3114 731 3178; x_wconf 77' lang='lat'>186,</span> <span class='ocrx_word' id='word_1_202' title='bbox 750 3116 774 3164; x_wconf 83' lang='lat'>2.</span> 
     </span>
    </p>

    <p class='ocr_par' dir='ltr' id='par_1_15' title="bbox 245 3180 1469 3992">
     <span class='ocr_line' id='line_1_31' title="bbox 329 3180 1389 3249; baseline 0.003 -18"><span class='ocrx_word' id='word_1_203' title='bbox 329 3180 386 3237; x_wconf 81' lang='grc'>29*</span> <span class='ocrx_word' id='word_1_204' title='bbox 403 3182 584 3249; x_wconf 81' lang='lat' dir='ltr'>Philargyrus</span> <span class='ocrx_word' id='word_1_205' title='bbox 601 3183 631 3233; x_wconf 89' lang='lat' dir='ltr'>in</span> <span class='ocrx_word' id='word_1_206' title='bbox 653 3183 734 3247; x_wconf 87' lang='lat' dir='ltr'>Verg.</span> <span class='ocrx_word' id='word_1_207' title='bbox 755 3183 806 3234; x_wconf 86' lang='lat' dir='ltr'>ecl.</span> <span class='ocrx_word' id='word_1_208' title='bbox 824 3182 931 3233; x_wconf 82' lang='lat'>11190:</span> <span class='ocrx_word' id='word_1_209' title='bbox 956 3184 1010 3245; x_wconf 85' lang='lat' dir='ltr'>Qui</span> <span class='ocrx_word' id='word_1_210' title='bbox 1028 3184 1145 3233; x_wconf 88' lang='lat' dir='ltr'>Bauium</span> <span class='ocrx_word' id='word_1_211' title='bbox 1165 3182 1228 3249; x_wconf 80' lang='lat' dir='ltr'>ete]</span> <span class='ocrx_word' id='word_1_212' title='bbox 1250 3184 1327 3235; x_wconf 78' lang='lat' dir='ltr'>‘duos</span> <span class='ocrx_word' id='word_1_213' title='bbox 1345 3187 1389 3234; x_wconf 88' lang='lat' dir='ltr'>sni</span> 
     </span>
     <span class='ocr_line' id='line_1_32' title="bbox 246 3250 1389 3317; baseline 0.003 -21"><span class='ocrx_word' id='word_1_214' title='bbox 246 3254 377 3314; x_wconf 88' lang='lat' dir='ltr'>temporis</span> <span class='ocrx_word' id='word_1_215' title='bbox 415 3256 494 3300; x_wconf 89' lang='lat' dir='ltr'>octus</span> <span class='ocrx_word' id='word_1_216' title='bbox 512 3250 581 3301; x_wconf 88' lang='lat' dir='ltr'>dicit</span> <span class='ocrx_word' id='word_1_217' title='bbox 594 3252 740 3317; x_wconf 87' lang='lat' dir='ltr'>pessimos,</span> <span class='ocrx_word' id='word_1_218' title='bbox 761 3266 874 3315; x_wconf 87' lang='lat' dir='ltr'>quorum</span> <span class='ocrx_word' id='word_1_219' title='bbox 887 3252 1010 3301; x_wconf 88' lang='lat' dir='ltr'>carmina</span> <span class='ocrx_word' id='word_1_220' title='bbox 1023 3253 1058 3301; x_wconf 89' lang='lat' dir='ltr'>ob</span> <span class='ocrx_word' id='word_1_221' title='bbox 1071 3252 1256 3301; x_wconf 89' lang='lat' dir='ltr'>bumilitatem</span> <span class='ocrx_word' id='word_1_222' title='bbox 1275 3253 1389 3302; x_wconf 89' lang='lat' dir='ltr'>abiecta</span> 
     </span>
     <span class='ocr_line' id='line_1_33' title="bbox 245 3267 1388 3391; baseline 0.003 -26"><span class='ocrx_word' id='word_1_223' title='bbox 245 3323 317 3365; x_wconf 88' lang='lat' dir='ltr'>sunt.</span> <span class='ocrx_word' id='word_1_224' title='bbox 354 3267 413 3368; x_wconf 74' lang='lat' dir='ltr'>nuli</span> <span class='ocrx_word' id='word_1_225' title='bbox 432 3334 497 3383; x_wconf 90' lang='lat' dir='ltr'>ergo</span> <span class='ocrx_word' id='word_1_226' title='bbox 516 3324 613 3368; x_wconf 89' lang='lat' dir='ltr'>notare</span> <span class='ocrx_word' id='word_1_227' title='bbox 633 3319 761 3383; x_wconf 89' lang='lat' dir='ltr'>qui&#39;sunt</span> <span class='ocrx_word' id='word_1_228' title='bbox 779 3319 887 3368; x_wconf 88' lang='lat' dir='ltr'>inimici</span> <span class='ocrx_word' id='word_1_229' title='bbox 905 3319 1030 3385; x_wconf 80' lang='lat' dir='ltr'>Virgilii,</span> <span class='ocrx_word' id='word_1_230' title='bbox 1050 3320 1096 3383; x_wconf 93' lang='lat' dir='ltr'>qui</span> <span class='ocrx_word' id='word_1_231' title='bbox 1109 3320 1227 3371; x_wconf 89' lang='lat' dir='ltr'>Vauium</span> <span class='ocrx_word' id='word_1_232' title='bbox 1245 3320 1263 3368; x_wconf 83' lang='lat' dir='ltr'>i.</span> <span class='ocrx_word' id='word_1_233' title='bbox 1284 3338 1307 3369; x_wconf 90' lang='lat' dir='ltr'>e.</span> <span class='ocrx_word' id='word_1_234' title='bbox 1323 3334 1388 3391; x_wconf 84' lang='lat' dir='ltr'>pes-</span> 
     </span>
     <span class='ocr_line' id='line_1_34' title="bbox 245 3384 1390 3452; baseline 0.002 -19"><span class='ocrx_word' id='word_1_235' title='bbox 245 3384 343 3435; x_wconf 88' lang='lat' dir='ltr'>simum</span> <span class='ocrx_word' id='word_1_236' title='bbox 362 3391 473 3452; x_wconf 87' lang='lat' dir='ltr'>poetam</span> <span class='ocrx_word' id='word_1_237' title='bbox 497 3391 525 3435; x_wconf 88' lang='lat' dir='ltr'>et</span> <span class='ocrx_word' id='word_1_238' title='bbox 548 3386 687 3436; x_wconf 86' lang='lat' dir='ltr'>Maeuium</span> <span class='ocrx_word' id='word_1_239' title='bbox 711 3388 728 3435; x_wconf 92' lang='lat' dir='ltr'>i.</span> <span class='ocrx_word' id='word_1_240' title='bbox 749 3387 913 3451; x_wconf 74' lang='lat' dir='ltr'>spctatam</span> <span class='ocrx_word' id='word_1_241' title='bbox 936 3392 1060 3451; x_wconf 91' lang='lat' dir='ltr'>poetam,</span> <span class='ocrx_word' id='word_1_242' title='bbox 1084 3391 1115 3436; x_wconf 90' lang='lat' dir='ltr'>ut</span> <span class='ocrx_word' id='word_1_243' title='bbox 1137 3386 1248 3452; x_wconf 90' lang='lat' dir='ltr'>duplum</span> <span class='ocrx_word' id='word_1_244' title='bbox 1265 3386 1390 3439; x_wconf 84' lang='lat' dir='ltr'>habeant</span> 
     </span>
     <span class='ocr_line' id='line_1_35' title="bbox 245 3452 1388 3520; baseline 0.003 -20"><span class='ocrx_word' id='word_1_245' title='bbox 245 3452 356 3503; x_wconf 79' lang='lat' dir='ltr'>malunt.</span> <span class='ocrx_word' id='word_1_246' title='bbox 399 3471 432 3503; x_wconf 80' lang='lat' dir='ltr'>ex</span> <span class='ocrx_word' id='word_1_247' title='bbox 451 3454 549 3518; x_wconf 88' lang='lat' dir='ltr'>quibus</span> <span class='ocrx_word' id='word_1_248' title='bbox 568 3454 697 3503; x_wconf 85' lang='lat' dir='ltr'>Vauius</span> <span class='ocrx_word' id='word_1_249' title='bbox 716 3461 895 3504; x_wconf 86' lang='lat' dir='ltr'>curatore.</span> <span class='ocrx_word' id='word_1_250' title='bbox 916 3472 939 3520; x_wconf 85' lang='lat' dir='ltr'>q.</span> <span class='ocrx_word' id='word_1_251' title='bbox 959 3470 980 3503; x_wconf 82' lang='lat' dir='ltr'>s.</span> <span class='ocrx_word' id='word_1_252' title='bbox 1000 3455 1033 3504; x_wconf 90' lang='lat' dir='ltr'>de</span> <span class='ocrx_word' id='word_1_253' title='bbox 1051 3455 1163 3505; x_wconf 84' lang='lat' dir='ltr'>Maeuio</span> <span class='ocrx_word' id='word_1_254' title='bbox 1181 3453 1252 3503; x_wconf 90' lang='lat' dir='ltr'>nibil</span> <span class='ocrx_word' id='word_1_255' title='bbox 1269 3454 1388 3518; x_wconf 83' lang='lat' dir='ltr'>repperi,</span> 
     </span>
     <span class='ocr_line' id='line_1_36' title="bbox 245 3521 1387 3585; baseline 0.001 -16"><span class='ocrx_word' id='word_1_256' title='bbox 245 3526 278 3569; x_wconf 91' lang='lat' dir='ltr'>ut</span> <span class='ocrx_word' id='word_1_257' title='bbox 296 3522 465 3571; x_wconf 78' lang='lat' dir='ltr'>Adannanus</span> <span class='ocrx_word' id='word_1_258' title='bbox 488 3522 669 3583; x_wconf 74' lang='lat' dir='ltr'>(Haterianus</span> <span class='ocrx_word' id='word_1_259' title='bbox 687 3525 752 3571; x_wconf 81' lang='lat' dir='ltr'>coni.</span> <span class='ocrx_word' id='word_1_260' title='bbox 773 3522 917 3585; x_wconf 65' lang='lat' dir='ltr'>Debueras)</span> <span class='ocrx_word' id='word_1_261' title='bbox 942 3521 1001 3571; x_wconf 83' lang='lat' dir='ltr'>ait&#39;</span> <span class='ocrx_word' id='word_1_262' title='bbox 1038 3522 1129 3572; x_wconf 87' lang='lat' dir='ltr'>Schel.</span> <span class='ocrx_word' id='word_1_263' title='bbox 1153 3522 1235 3571; x_wconf 88' lang='lat' dir='ltr'>Bern.</span> <span class='ocrx_word' id='word_1_264' title='bbox 1256 3522 1284 3570; x_wconf 91' lang='lat' dir='ltr'>in</span> <span class='ocrx_word' id='word_1_265' title='bbox 1308 3521 1387 3570; x_wconf 76' lang='lat' dir='ltr'>eund</span> 
     </span>
     <span class='ocr_line' id='line_1_37' title="bbox 245 3588 1390 3654; baseline 0 -16"><span class='ocrx_word' id='word_1_266' title='bbox 245 3603 333 3638; x_wconf 81' lang='lat' dir='ltr'>vers:</span> <span class='ocrx_word' id='word_1_267' title='bbox 357 3591 476 3639; x_wconf 88' lang='lat' dir='ltr'>‘Bauius</span> <span class='ocrx_word' id='word_1_268' title='bbox 496 3594 524 3638; x_wconf 86' lang='lat' dir='ltr'>st</span> <span class='ocrx_word' id='word_1_269' title='bbox 541 3589 668 3638; x_wconf 85' lang='lat' dir='ltr'>Maenius</span> <span class='ocrx_word' id='word_1_270' title='bbox 687 3589 739 3638; x_wconf 88' lang='lat' dir='ltr'>duo</span> <span class='ocrx_word' id='word_1_271' title='bbox 758 3594 857 3654; x_wconf 90' lang='lat' dir='ltr'>poetae</span> <span class='ocrx_word' id='word_1_272' title='bbox 876 3590 987 3653; x_wconf 85' lang='lat' dir='ltr'>pessimi</span> <span class='ocrx_word' id='word_1_273' title='bbox 1005 3590 1190 3639; x_wconf 86' lang='lat' dir='ltr'>Athenienses</span> <span class='ocrx_word' id='word_1_274' title='bbox 1208 3588 1390 3651; x_wconf 79' lang='lat' dir='ltr'>(Haterianus</span> 
     </span>
     <span class='ocr_line' id='line_1_38' title="bbox 246 3655 1390 3722; baseline 0.002 -19"><span class='ocrx_word' id='word_1_275' title='bbox 246 3658 390 3721; x_wconf 83' lang='lat' dir='ltr'>Saappius,</span> <span class='ocrx_word' id='word_1_276' title='bbox 415 3658 482 3706; x_wconf 77' lang='lat' dir='ltr'>ait·</span> <span class='ocrx_word' id='word_1_277' title='bbox 506 3658 563 3720; x_wconf 79' lang='lat' dir='ltr'>epo)</span> <span class='ocrx_word' id='word_1_278' title='bbox 587 3657 630 3706; x_wconf 90' lang='lat' dir='ltr'>sui</span> <span class='ocrx_word' id='word_1_279' title='bbox 654 3657 800 3722; x_wconf 88' lang='lat' dir='ltr'>temporis,</span> <span class='ocrx_word' id='word_1_280' title='bbox 825 3673 857 3706; x_wconf 88' lang='lat' dir='ltr'>ex</span> <span class='ocrx_word' id='word_1_281' title='bbox 882 3658 980 3721; x_wconf 88' lang='lat' dir='ltr'>quibus</span> <span class='ocrx_word' id='word_1_282' title='bbox 1003 3658 1108 3706; x_wconf 91' lang='lat' dir='ltr'>Bauius</span> <span class='ocrx_word' id='word_1_283' title='bbox 1131 3662 1243 3705; x_wconf 88' lang='lat' dir='ltr'>curator</span> <span class='ocrx_word' id='word_1_284' title='bbox 1266 3655 1332 3716; x_wconf 87' lang='lat' dir='ltr'>suit,</span> <span class='ocrx_word' id='word_1_285' title='bbox 1362 3661 1390 3705; x_wconf 91' lang='lat' dir='ltr'>et</span> 
     </span>
     <span class='ocr_line' id='line_1_39' title="bbox 247 3724 1388 3789; baseline 0 -17"><span class='ocrx_word' id='word_1_286' title='bbox 247 3724 345 3787; x_wconf 87' lang='lat' dir='ltr'>quibus</span> <span class='ocrx_word' id='word_1_287' title='bbox 370 3726 462 3774; x_wconf 90' lang='lat' dir='ltr'>omnia</span> <span class='ocrx_word' id='word_1_288' title='bbox 490 3740 541 3774; x_wconf 89' lang='lat' dir='ltr'>sua</span> <span class='ocrx_word' id='word_1_289' title='bbox 565 3729 645 3774; x_wconf 91' lang='lat' dir='ltr'>erant</span> <span class='ocrx_word' id='word_1_290' title='bbox 668 3725 837 3785; x_wconf 89' lang='lat' dir='ltr'>communia,</span> <span class='ocrx_word' id='word_1_291' title='bbox 866 3730 896 3773; x_wconf 92' lang='lat' dir='ltr'>ut</span> <span class='ocrx_word' id='word_1_292' title='bbox 918 3725 1031 3789; x_wconf 86' lang='lat' dir='ltr'>spiritus</span> <span class='ocrx_word' id='word_1_293' title='bbox 1058 3738 1127 3773; x_wconf 85' lang='lat' dir='ltr'>unus</span> <span class='ocrx_word' id='word_1_294' title='bbox 1152 3724 1269 3789; x_wconf 88' lang='lat' dir='ltr'>geminis</span> <span class='ocrx_word' id='word_1_295' title='bbox 1293 3739 1388 3787; x_wconf 88' lang='lat' dir='ltr'>corpo-</span> 
     </span>
     <span class='ocr_line' id='line_1_40' title="bbox 246 3791 1469 3856; baseline 0 -17"><span class='ocrx_word' id='word_1_296' title='bbox 246 3791 322 3840; x_wconf 87' lang='lat' dir='ltr'>ribus</span> <span class='ocrx_word' id='word_1_297' title='bbox 345 3793 484 3842; x_wconf 88' lang='lat' dir='ltr'>dicsretur</span> <span class='ocrx_word' id='word_1_298' title='bbox 507 3793 612 3852; x_wconf 84' lang='lat' dir='ltr'>inesse;</span> <span class='ocrx_word' id='word_1_299' title='bbox 648 3792 696 3840; x_wconf 90' lang='lat' dir='ltr'>sed</span> <span class='ocrx_word' id='word_1_300' title='bbox 723 3797 869 3856; x_wconf 86' lang='lat' dir='ltr'>postquam</span> <span class='ocrx_word' id='word_1_301' title='bbox 897 3791 1012 3841; x_wconf 88' lang='lat' dir='ltr'>alterius</span> <span class='ocrx_word' id='word_1_302' title='bbox 1035 3805 1101 3839; x_wconf 81' lang='lat' dir='ltr'>uxor</span> <span class='ocrx_word' id='word_1_303' title='bbox 1128 3806 1188 3840; x_wconf 85' lang='lat' dir='ltr'>curn</span> <span class='ocrx_word' id='word_1_304' title='bbox 1214 3791 1302 3840; x_wconf 89' lang='lat' dir='ltr'>altero</span> <span class='ocrx_word' id='word_1_305' title='bbox 1325 3806 1390 3840; x_wconf 90' lang='lat' dir='ltr'>eon·</span> <span class='ocrx_word' id='word_1_306' title='bbox 1451 3838 1469 3849; x_wconf 81' lang='grc'>,,</span> 
     </span>
     <span class='ocr_line' id='line_1_41' title="bbox 247 3858 1390 3924; baseline 0 -17"><span class='ocrx_word' id='word_1_307' title='bbox 247 3859 355 3917; x_wconf 83' lang='lat' dir='ltr'>cubuit,</span> <span class='ocrx_word' id='word_1_308' title='bbox 376 3860 529 3909; x_wconf 86' lang='lat' dir='ltr'>amicitiam</span> <span class='ocrx_word' id='word_1_309' title='bbox 547 3859 688 3921; x_wconf 75' lang='lat' dir='ltr'>(Ussoluit,</span> <span class='ocrx_word' id='word_1_310' title='bbox 708 3866 736 3908; x_wconf 91' lang='lat' dir='ltr'>et</span> <span class='ocrx_word' id='word_1_311' title='bbox 759 3874 832 3909; x_wconf 91' lang='lat' dir='ltr'>noua</span> <span class='ocrx_word' id='word_1_312' title='bbox 850 3875 936 3923; x_wconf 90' lang='lat' dir='ltr'>regna</span> <span class='ocrx_word' id='word_1_313' title='bbox 954 3860 1104 3924; x_wconf 85' lang='lat' dir='ltr'>accipiunt.</span> <span class='ocrx_word' id='word_1_314' title='bbox 1141 3858 1174 3907; x_wconf 91' lang='lat' dir='ltr'>de</span> <span class='ocrx_word' id='word_1_315' title='bbox 1191 3858 1303 3909; x_wconf 85' lang='lat' dir='ltr'>Maeuio</span> <span class='ocrx_word' id='word_1_316' title='bbox 1320 3858 1390 3908; x_wconf 86' lang='lat' dir='ltr'>nihil</span> 
     </span>
     <span class='ocr_line' id='line_1_42' title="bbox 245 3926 1391 3992; baseline 0 -17"><span class='ocrx_word' id='word_1_317' title='bbox 245 3928 365 3991; x_wconf 83' lang='lat' dir='ltr'>repperi.</span> <span class='ocrx_word' id='word_1_318' title='bbox 396 3942 508 3992; x_wconf 87' lang='lat' dir='ltr'>quorum</span> <span class='ocrx_word' id='word_1_319' title='bbox 521 3942 628 3992; x_wconf 89' lang='lat' dir='ltr'>quoquc</span> <span class='ocrx_word' id='word_1_320' title='bbox 641 3927 764 3977; x_wconf 89' lang='lat' dir='ltr'>earmina</span> <span class='ocrx_word' id='word_1_321' title='bbox 778 3928 811 3976; x_wconf 93' lang='lat' dir='ltr'>ob</span> <span class='ocrx_word' id='word_1_322' title='bbox 825 3927 1008 3977; x_wconf 88' lang='lat' dir='ltr'>bumilitatem</span> <span class='ocrx_word' id='word_1_323' title='bbox 1027 3926 1140 3975; x_wconf 82' lang='lat' dir='ltr'>abiecta</span> <span class='ocrx_word' id='word_1_324' title='bbox 1158 3931 1222 3977; x_wconf 87' lang='lat' dir='ltr'>sunt</span> <span class='ocrx_word' id='word_1_325' title='bbox 1240 3931 1268 3976; x_wconf 91' lang='lat' dir='ltr'>et</span> <span class='ocrx_word' id='word_1_326' title='bbox 1283 3926 1391 3976; x_wconf 90' lang='lat' dir='ltr'>inimici</span> 
     </span>
    </p>
   </div>
   <div class='ocr_carea' id='block_1_5' title="bbox 254 4046 449 4055">
    <p class='ocr_par' dir='ltr' id='par_1_16' title="bbox 254 4046 449 4055">
     <span class='ocr_line' id='line_1_43' title="bbox 254 4046 449 4055; baseline -0.005 0"><span class='ocrx_word' id='word_1_327' title='bbox 254 4046 449 4055; x_wconf 45' lang='grc' dir='ltr'>*ᾗ</span> 
     </span>
    </p>
   </div>
   <div class='ocr_carea' id='block_1_6' title="bbox 246 4108 1424 4532">
    <p class='ocr_par' dir='ltr' id='par_1_17' title="bbox 246 4108 1424 4532">
     <span class='ocr_line' id='line_1_44' title="bbox 336 4108 1391 4195; baseline 0.001 -21"><span class='ocrx_word' id='word_1_328' title='bbox 336 4124 345 4174; x_wconf 90' lang='lat' dir='ltr'>l</span> <span class='ocrx_word' id='word_1_329' title='bbox 370 4113 509 4174; x_wconf 89' lang='lat' dir='ltr'>desertus</span> <span class='ocrx_word' id='word_1_330' title='bbox 533 4118 588 4173; x_wconf 82' lang='lat' dir='ltr'>BP</span> <span class='ocrx_word' id='word_1_331' title='bbox 607 4114 768 4174; x_wconf 88' lang='lat' dir='ltr'>destitutus</span> <span class='ocrx_word' id='word_1_332' title='bbox 798 4116 899 4188; x_wconf 86' lang='lat' dir='ltr'>(Scal.)</span> <span class='ocrx_word' id='word_1_333' title='bbox 928 4109 978 4195; x_wconf 65' lang='lat' dir='ltr'>ll²</span> <span class='ocrx_word' id='word_1_334' title='bbox 1009 4112 1220 4193; x_wconf 88' lang='lat' dir='ltr'>appellauerat</span> <span class='ocrx_word' id='word_1_335' title='bbox 1240 4116 1315 4172; x_wconf 85' lang='lat' dir='ltr'>Scal.</span> <span class='ocrx_word' id='word_1_336' title='bbox 1337 4108 1391 4191; x_wconf 79' lang='lat' dir='ltr'>ll³</span> 
     </span>
     <span class='ocr_line' id='line_1_45' title="bbox 247 4194 1424 4281; baseline 0 -27"><span class='ocrx_word' id='word_1_337' title='bbox 247 4205 352 4256; x_wconf 85' lang='lat' dir='ltr'>extant</span> <span class='ocrx_word' id='word_1_338' title='bbox 365 4199 495 4276; x_wconf 80' lang='lat' dir='ltr'>insignia</span> <span class='ocrx_word' id='word_1_339' title='bbox 507 4201 582 4258; x_wconf 86' lang='lat' dir='ltr'>Soul.</span> <span class='ocrx_word' id='word_1_340' title='bbox 598 4194 611 4281; x_wconf 74' lang='lat' dir='ltr'>ll</span> <span class='ocrx_word' id='word_1_341' title='bbox 627 4199 770 4260; x_wconf 81' lang='lat' dir='ltr'>4Bavius</span> <span class='ocrx_word' id='word_1_342' title='bbox 783 4198 885 4275; x_wconf 81' lang='lat' dir='ltr'>(Seni.)</span> <span class='ocrx_word' id='word_1_343' title='bbox 898 4199 1013 4257; x_wconf 90' lang='lat' dir='ltr'>Vauius</span> <span class='ocrx_word' id='word_1_344' title='bbox 1033 4202 1087 4257; x_wconf 86' lang='lat' dir='ltr'>BP</span> <span class='ocrx_word' id='word_1_345' title='bbox 1099 4194 1112 4279; x_wconf 82' lang='grc' dir='ltr'>ΙΙ</span> <span class='ocrx_word' id='word_1_346' title='bbox 1128 4199 1274 4275; x_wconf 83' lang='lat' dir='ltr'>Virgilius</span> <span class='ocrx_word' id='word_1_347' title='bbox 1287 4198 1389 4271; x_wconf 78' lang='lat' dir='ltr'>(Soet.)</span> <span class='ocrx_word' id='word_1_348' title='bbox 1422 4197 1424 4202; x_wconf 82' lang='grc'><strong>’</strong></span> 
     </span>
     <span class='ocr_line' id='line_1_46' title="bbox 246 4277 1391 4367; baseline -0.003 -28"><span class='ocrx_word' id='word_1_349' title='bbox 246 4277 259 4362; x_wconf 72' lang='grc' dir='ltr'>ΙΙ</span> <span class='ocrx_word' id='word_1_350' title='bbox 276 4283 309 4341; x_wconf 90' lang='lat' dir='ltr'>in</span> <span class='ocrx_word' id='word_1_351' title='bbox 328 4302 381 4344; x_wconf 88' lang='lat' dir='ltr'>om.</span> <span class='ocrx_word' id='word_1_352' title='bbox 402 4285 479 4343; x_wconf 83' lang='lat' dir='ltr'>Scal.</span> <span class='ocrx_word' id='word_1_353' title='bbox 496 4279 509 4367; x_wconf 78' lang='grc' dir='ltr'>[Ι</span> <span class='ocrx_word' id='word_1_354' title='bbox 523 4292 647 4364; x_wconf 87' lang='lat' dir='ltr'>9atque</span> <span class='ocrx_word' id='word_1_355' title='bbox 663 4285 763 4342; x_wconf 90' lang='lat' dir='ltr'>omnia</span> <span class='ocrx_word' id='word_1_356' title='bbox 785 4282 1070 4362; x_wconf 79' lang='lat' dir='ltr'>deniquePitboeus</span> <span class='ocrx_word' id='word_1_357' title='bbox 1089 4292 1120 4341; x_wconf 92' lang='lat' dir='ltr'>et</span> <span class='ocrx_word' id='word_1_358' title='bbox 1136 4283 1267 4360; x_wconf 80' lang='lat' dir='ltr'>(lenique</span> <span class='ocrx_word' id='word_1_359' title='bbox 1290 4281 1391 4337; x_wconf 88' lang='lat' dir='ltr'>omnia</span> 
     </span>
     <span class='ocr_line' id='line_1_47' title="bbox 246 4361 1392 4448; baseline -0.004 -24"><span class='ocrx_word' id='word_1_360' title='bbox 246 4370 329 4441; x_wconf 82' lang='lat' dir='ltr'>vulpe</span> <span class='ocrx_word' id='word_1_361' title='bbox 344 4361 357 4448; x_wconf 83' lang='grc' dir='ltr'>ΙΙ</span> <span class='ocrx_word' id='word_1_362' title='bbox 375 4378 401 4429; x_wconf 87' lang='lat' dir='ltr'>lt</span> <span class='ocrx_word' id='word_1_363' title='bbox 416 4369 583 4427; x_wconf 90' lang='lat' dir='ltr'>communis</span> <span class='ocrx_word' id='word_1_364' title='bbox 595 4370 715 4448; x_wconf 89' lang='lat' dir='ltr'>utrique</span> <span class='ocrx_word' id='word_1_365' title='bbox 728 4371 872 4441; x_wconf 79' lang='lat' dir='ltr'>Scaliper:</span> <span class='ocrx_word' id='word_1_366' title='bbox 883 4366 1074 4425; x_wconf 89' lang='lat' dir='ltr'>concubitum</span> <span class='ocrx_word' id='word_1_367' title='bbox 1082 4367 1392 4424; x_wconf 76' lang='lat' dir='ltr'>Parisieusislliibneri</span> 
     </span>
     <span class='ocr_line' id='line_1_48' title="bbox 246 4446 1390 4532; baseline -0.004 -23"><span class='ocrx_word' id='word_1_368' title='bbox 246 4446 260 4532; x_wconf 74' lang='lat' dir='ltr'>ll</span> <span class='ocrx_word' id='word_1_369' title='bbox 275 4452 376 4530; x_wconf 90' lang='lat' dir='ltr'>nupsit</span> <span class='ocrx_word' id='word_1_370' title='bbox 392 4457 434 4511; x_wconf 85' lang='lat' dir='ltr'>oet</span> <span class='ocrx_word' id='word_1_371' title='bbox 446 4452 534 4529; x_wconf 86' lang='lat' dir='ltr'>nubit</span> <span class='ocrx_word' id='word_1_372' title='bbox 555 4455 774 4526; x_wconf 77' lang='lat' dir='ltr'>Oudendorpius</span> <span class='ocrx_word' id='word_1_373' title='bbox 788 4450 801 4531; x_wconf 65' lang='grc' dir='ltr'>ξ,</span> <span class='ocrx_word' id='word_1_374' title='bbox 818 4451 978 4510; x_wconf 80' lang='lat' dir='ltr'>conrrbium</span> <span class='ocrx_word' id='word_1_375' title='bbox 992 4451 1114 4531; x_wconf 91' lang='lat' dir='ltr'>utrique</span> <span class='ocrx_word' id='word_1_376' title='bbox 1125 4451 1209 4510; x_wconf 90' lang='lat' dir='ltr'>uouit</span> <span class='ocrx_word' id='word_1_377' title='bbox 1220 4450 1390 4507; x_wconf 69' lang='lat' dir='ltr'>Productus</span> 
     </span>
    </p>
   </div>
   <div class='ocr_carea' id='block_1_7' title="bbox 0 0 1606 4996">
    <p class='ocr_par' dir='ltr' id='par_1_18' title="bbox 0 0 1606 4996">
     <span class='ocr_line' id='line_1_49' title="bbox 0 0 1606 4996; baseline 0 0"><span class='ocrx_word' id='word_1_378' title='bbox 0 0 1606 4996; x_wconf 95' lang='lat' dir='ltr'> </span> 
     </span>
    </p>
   </div>
  </div>
 </body>
</html>
