3202 4998
652 430 656 436 .
710 395 813 437 csrvr
837 399 862 437 11
920 448 929 471 ο
1172 422 1175 429 .
1290 383 1351 441 455

211 546 244 603 Il
254 554 305 608 234
317 544 435 622 (bugin.
453 544 524 621 174),
541 568 620 626 quae
636 567 703 604 cum
716 550 907 606 consentiunt
919 548 1121 628 etymologice
1134 559 1196 609 tum
1213 554 1277 610 eius
1290 574 1351 611 me-

211 649 335 706 moriam
347 647 487 725 oxplent,
505 657 782 727 aperte'testantur.
810 671 879 708 curu
889 652 980 726 igitur
990 663 1122 725 constet,
1136 653 1173 710 ab
1191 654 1352 713 Eustatlrio

212 750 389 810 Suetonium
400 746 467 824 περὶ
482 749 679 827 βλασφημιῶν
693 762 868 830 usurpatum
885 772 968 824 esse,
984 763 1066 811 recte
1081 755 1248 830 Regentius
1265 776 1294 833 p.
1312 761 1351 827 17,

213 872 303 932 quem
323 852 375 910 illa
390 850 513 930 quidem
528 853 686 929 fugerunt,
705 853 743 912 ιιι]
760 855 839 913 lrune
855 853 967 912 librum
982 874 1019 912 ea
1033 856 1164 927 rettulit,
1181 877 1259 937 quae
1275 859 1352 915 Eus-

213 953 326 1013 tatlrius
349 953 387 1012 Il.
403 953 498 1013 VIlII
516 963 568 1016 488
590 952 711 1032 (fragm.
737 953 822 1032 W)
838 955 882 1014 sie
899 958 1055 1035 praefatus
1071 959 1202 1035 profert:
1232 961 1353 1017 τοιαῦτα

198 1050 245 1125 ιδὲ
261 1049 311 1110 καὶ
329 1045 404 1130 άπερ
424 1053 484 1113 τῶν
506 1076 549 1124 τις
569 1057 703 1114 παλαιῶν
728 1054 815 1115 ἔθετο
834 1055 1055 1135 παραδείγματα
1075 1058 1273 1135 βλασφημιῶν
1293 1060 1354 1117 τῶν
1409 1109 1414 1118 .

212 1143 272 1212 ini
285 1141 428 1230 άριθμοῦ.
456 1158 487 1214 iu
501 1157 610 1237 quibus
623 1160 714 1218 etiam
725 1161 896 1238 partitionis
909 1160 1114 1218 Suetonianae
1128 1160 1271 1219 indicium
1284 1181 1353 1219 ver·

213 1256 260 1315 bis
275 1256 334 1315 τῶν
347 1244 406 1315 u'rrro¹
424 1244 559 1333 άριθμοῦ
575 1270 727 1319 servatum
750 1270 806 1324 est.
844 1271 977 1320 ceterum
1002 1262 1131 1319 eandem
1150 1263 1229 1321 hanc
1251 1262 1353 1321 obser-

214 1360 367 1417 vationem
387 1360 568 1420 Eustathius
592 1364 684 1441 paulo
708 1364 885 1421 inmutatum
912 1371 943 1420 ot
965 1372 1085 1420 auctam
1111 1365 1222 1442 repetit
1245 1363 1304 1424 Οδ.
1326 1364 1355 1423 V

215 1468 294 1532 306‚·
310 1480 400 1540 quem
425 1461 524 1521 locum
550 1485 616 1523 cum
639 1465 678 1523 ad
704 1465 811 1541 fragm.
839 1467 910 1527 175*
929 1464 1119 1544 perscribere
1136 1464 1355 1523 debuissem'in

214 1558 713 1639 huiusneglegentiae'remedium
732 1569 780 1626 lric
802 1568 944 1646 adposui:
985 1562 1079 1623 ἰστέον
1107 1563 1139 1624 δὲ
1164 1555 1209 1622 ὅτι
1229 1562 1265 1620 αἱ
1284 1579 1354 1621 σνν-

215 1659 313 1733 θέσεις
327 1654 380 1721 τοῦ
410 1662 473 1741 τρὶς
499 1661 695 1743 ἕκιρρηματος
724 1664 793 1727 ποτὲ
815 1665 884 1744 μέν,
917 1657 1025 1738 oraui
1050 1658 1179 1745 άλλαχοῦ
1206 1656 1355 1740 ἐδηλώθη,

214 1754 385 1842 αὐτόχρημα
404 1758 509 1844 τριάδα
523 1766 663 1843 δηλοῦσιν
681 1762 719 1840 ὡς
735 1766 766 1827 ἕν
783 1770 825 1851 τῷ
841 1761 1036 1846 τρισμάκαρες
1054 1767 1104 1827 καὶ
1122 1763 1255 1845 τετράκις
1273 1756 1356 1825 καθά

216 1866 347 1943 εἴρηται,
373 1866 442 1928 ποτὲ
463 1866 495 1929 δὲ
512 1872 629 1945 πλῆθος
650 1872 856 1947 σημαίνουσιν.
895 1862 934 1941 ὡς
955 1866 987 1928 ἐν
1006 1870 1063 1952 τῷ·
1092 1866 1155 1946 τρὶς
1175 1865 1231 1949 γάρ
1254 1865 1358 1946 μύριοί

216 1967 287 2041 εἰσι,
318 1961 389 2043 παρ’
414 1962 558 2052 Ἡσιόδῳ·
595 1970 646 2030 καὶ
671 1968 775 2054 ἐντῷ·
811 1963 875 2030 ἄλλ’
901 1955 924 2029 ά
948 1970 1192 2047 τρισκειιορημὲνε
1213 1970 1356 2048 Σμερδί,

216 2059 297 2148 παρά
307 2061 513 2147 Ἀνακρέοντι·
528 2065 622 2150 ἤγουν
638 2065 779 2142 πολλάκις
795 2068 1019 2150 ἐκσεσαριομένε.
1052 2069 1119 2128 καὶ·
1140 2064 1238 2129 Θάσον
1257 2062 1357 2147 δὲτὴν

215 2161 403 2249 τρισοιζυρὴν
418 2167 520 2245 πόλιν,
541 2164 611 2247 παρ’
628 2165 804 2251 Ἀρχιλόχῳ·
836 2164 901 2246 ἤτοι
916 2163 970 2248 τὴν
986 2173 1052 2231 λίαν
1065 2167 1196 2249 οἰζυράν.
1226 2163 1303 2231 οὕτω
1325 2169 1358 2231 δὲ

217 2270 267 2331 καὶ
287 2263 303 2330 δ
323 2266 460 2351 γράψας,
482 2266 527 2332 δτι
547 2274 654 2352 στέγων
676 2272 727 2337 καὶ
747 2273 843 2333 τιὲδων
865 2274 968 2344 δοῦλος
983 2266 999 2332 δ
1014 2273 1184 2352 στιγματίας
1200 2272 1251 2333 καὶ
1267 2273 1357 2349 τιεδη-

217 2374 299 2447 oete,
314 2367 395 2453 παρά
406 2369 627 2452 Ἀριστοφάνει,
643 2358 708 2452 Ιμετ’
732 2365 815 2455 όλίγα
834 2373 908 2455 λέγει
923 2367 969 2434 δτι
991 2374 1137 2453 τριπόδων
1158 2366 1174 2433 δ
1196 2375 1358 2451 τρίδουλος,

218 2473 268 2534 καὶ
290 2453 415 2547 ὅς’ττον
435 2469 609 2555 προεγράφη
630 2480 796 2559 τρίπρατος.
832 2474 975 2549 Ιιιιτῶναξ
999 2474 1030 2536 δὲ
1059 2467 1250 2555 δτιεραναβάς
1271 2468 1359 2535 τοῦτό

218 2587 325 2653 φησιν’·
339 2569 422 2654 άφὲω
435 2578 541 2639 τοῦτον
552 2572 603 2641 τόν
621 2574 812 2641 ἕτττάδουλον.
827 2585 888 2652 τοίς
905 2579 935 2639 δὲ
951 2568 1087 2659 άνωτέρω
1101 2578 1240 2657 ῥηθεῖσιν
1255 2570 1359 2655 ὅμοιον

219 2679 270 2742 καὶ
289 2671 322 2741 τὸ
336 2672 517 2757 τρισεξιάλης.

305 2785 424 2862 Quibus
441 2784 618 2860 fragmentis
639 2784 783 2843 docemur
801 2784 987 2843 Graecorum
1010 2804 1132 2864 quoque
1147 2782 1307 2842 verborum
1328 2783 1360 2840 in

219 2888 313 2967 pratis
330 2880 477 2947 rationem
491 2886 626 2945 habitam
643 2907 720 2946 esse.
754 2897 844 2967 atque
861 2889 891 2945 in
905 2887 952 2962 his
968 2887 1118 2965 Pamphili
1134 2895 1164 2943 et
1180 2886 1361 2965 Zopyrionis

220 2991 379 3068 glossario,
397 2991 445 3048 cui
461 2980 570 3068 λειμῶν
586 2993 761 3070 inscriptum
778 2998 858 3063 erat,
876 2989 1055 3048 Suetonium
1074 3009 1161 3047 usum
1177 3008 1245 3047 esse
1263 2988 1359 3065 suspi-

221 3114 282 3152 cer.
302 3114 372 3152 nani
388 3094 468 3172 apud
479 3094 679 3174 Hesychium‚
699 3113 789 3173 quem
802 3094 857 3150 etsi
873 3113 935 3150 non
946 3094 1045 3169 ipsum
1052 3092 1244 3168 Pamphilum
1259 3099 1361 3147 tamen

221 3196 284 3255 eius
302 3198 531 3274 epitomatorem
545 3197 770 3272 Diogenianum
783 3216 884 3254 rursus
896 3195 1086 3272 excerpsisse
1105 3202 1237 3263 constat,
1258 3192 1296 3250 de
1307 3183 1360 3266 ἆρ-

220 3292 393 3372 χολιτιάροις
416 3298 524 3357 eadem
548 3299 754 3375 proferuntur:
792 3288 998 3373 άρχολίτιαροι·
1037 3292 1069 3351 οἱ
1090 3295 1284 3370 λιπαροῦντες
1311 3291 1362 3350 ἴνα

219 3390 347 3473 άρξωσιν
364 3386 386 3473 ἦ
401 3395 432 3456 ἐκ
447 3399 500 3457 τοῦ
511 3390 612 3475 άρχειν
628 3388 841 3474 λιπαινόμενοι.
866 3416 966 3477 neque
983 3407 1085 3454 tamen
1104 3405 1149 3454 est
1163 3416 1215 3453 cnr
1232 3394 1361 3466 dubites,

221 3504 294 3582 quin
312 3504 343 3560 in
363 3503 420 3560 hae
436 3522 558 3581 quoque
577 3510 730 3579 pratorum
751 3508 836 3577 parte
855 3499 983 3557 Latinus
1005 3498 1219 3574 grammaticus
1234 3496 1361 3553 Latinas

221 3603 393 3663 huiusmodi
404 3623 497 3663 voces
509 3603 674 3680 praecipuo
688 3610 738 3660 aut
749 3603 815 3680 pari
827 3601 926 3660 sturlio
939 3599 1141 3679 pertractarit.
1159 3599 1239 3679 qnod
1253 3598 1278 3657 si
1291 3616 1361 3655 con·
1388 3677 1390 3679 ι

223 3707 368 3779 cesseris,
382 3705 571 3764 labefactata
584 3705 641 3762 erit
651 3705 744 3763 Rothi
756 3705 922 3776 sententia,
936 3702 1148 3782 Tranquillum
1161 3702 1241 3759 hunc
1254 3699 1362 3758 librum

224 3808 344 3867 Graece
363 3808 530 3886 scripsisse.
562 3807 592 3865 in
604 3807 732 3886 proclivi
750 3827 825 3865 sane
843 3817 908 3865 erat
919 3805 958 3864 ad
970 3805 1050 3863 hane
1062 3807 1235 3883 opinionem
1250 3799 1362 3871 delabi,

94 3914 100 3924 '
134 3945 136 3948 >
224 3930 292 3969 curn
307 3912 357 3969 vel
375 3911 429 3970 illa
445 3901 648 3985 άρχολιπάροα
671 3910 834 3988 explicatio
855 3907 1005 3989 quomodo
1022 3907 1131 3965 Latine
1154 3904 1236 3963 elata
1254 3904 1293 3961 sit
1311 3903 1364 3959 vix

224 4012 320 4071 dicas.
352 4012 483 4071 sednon
498 4012 575 4070 vidit
595 4012 739 4087 Rotbius,
761 4032 822 4071 nou
838 4011 937 4068 vereri
956 4008 1132 4067 Suetonium
1150 4007 1280 4065 Latinae
1297 4024 1363 4062 ora-

223 4117 298 4174 tioni
321 4116 347 4173 si
369 4134 417 4173 res
440 4122 581 4193 posceret
606 4114 727 4173 Graeca
746 4112 842 4171 verba
864 4112 1062 4190 Graecaeque
1083 4109 1250 4168 sententias
1271 4109 1364 4164 inter·
1395 4142 1414 4161 a

224 4237 347 4297 ponere.
381 4219 477 4276 veluti
494 4219 524 4275 in
538 4216 729 4296 praefatione
751 4216 791 4274 ad
803 4224 963 4293 poetarum
979 4213 1086 4271 librum
1105 4211 1292 4270 Graecarum
1311 4228 1364 4266 νο-

226 4340 294 4378 cum
320 4319 522 4398 etymologias
550 4340 694 4380 enarrans
722 4339 782 4376 non
809 4317 959 4375 dubitavit
980 4313 1156 4373 necessitati
1178 4311 1303 4383 cedere,
1333 4318 1366 4368 ut

227 4421 347 4481 Graeca
363 4421 457 4479 verba
476 4425 506 4482 in
523 4424 667 4483 auxilium
684 4429 821 4480 vocaret.
854 4418 937 4497 cip.
959 4426 992 4489 6,
1010 4426 1042 4476 2:
1073 4418 1236 4489 λτογοειλία,
1257 4417 1364 4487 utqui-
