3202 4998
704 1363 882 1445 CAPVT
911 1366 949 1445 ll

343 1578 394 1637 Ad
416 1588 570 1658 pratorum
591 1581 684 1642 libros
705 1605 753 1643 me
782 1596 943 1660 converto,
971 1606 1098 1667 quorum
1119 1589 1266 1648 memoria
1285 1591 1410 1649 nostris·

258 1680 377 1740 demum
390 1682 574 1760 temporibus
587 1704 605 1743 a
618 1685 690 1743 viris
705 1683 802 1744 doctis
821 1690 1002 1748 resuscitata
1015 1698 1067 1747 est.
1098 1710 1224 1768 quorum
1240 1710 1317 1750 unus
1335 1711 1394 1750 non

258 1783 499 1861 praetereundus
515 1792 576 1857 est,
596 1785 677 1864 quod
698 1785 846 1848 laudabili
863 1790 1039 1849 concilicet
1058 1801 1170 1851 eventu
1185 1791 1299 1871 primns
1315 1791 1394 1850 hanc

257 1885 467 1964 quaestionem
494 1887 647 1947 tractavit.
693 1887 822 1948 Gustavi
852 1892 931 1949 enirn
953 1891 1083 1951 Beckeri
1113 1895 1250 1952 meritum
1274 1901 1335 1965 est,
1364 1894 1394 1951 in

257 1985 479 2065 prolegomenis
498 1987 537 2046 ad
553 1969 704 2047 Isidorum
721 1990 759 2050 de
779 2000 889 2052 natura
906 2013 1006 2053 rerum
1019 2014 1050 2072 p.
1067 1994 1205 2073 Xllsqq.
1227 2001 1257 2052 ct
1275 1972 1393 2052 titulum

255 2087 325 2147 libri
344 2088 382 2148 ab
400 2089 479 2148 omni
494 2091 667 2169 suspicione
682 2092 855 2151 vindicasse
878 2102 909 2152 et
930 2095 1069 2172 egregias
1092 2093 1227 2153 eiusdem
1249 2094 1394 2175 reliquias

256 2192 360 2268 sagaci
383 2191 617 2268 investigatione
637 2194 761 2252 eruisse.
798 2202 931 2253 attamen
950 2203 981 2252 ut
1003 2196 1127 2254 multum
1145 2195 1248 2267 abest,
1275 2203 1307 2254 ut
1329 2215 1393 2254 rem

255 2292 438 2365 absolverit,
456 2292 499 2351 ita
511 2293 549 2353 de
565 2294 691 2354 consilio
704 2303 734 2353 et
745 2296 880 2354 instituto
900 2298 1000 2376 operis
1016 2297 1194 2357 Suetoniani
1210 2297 1308 2355 minus
1321 2317 1394 2355 vera

256 2418 323 2458 enm
339 2398 502 2478 protulisse
519 2397 599 2456 infra
614 2395 755 2456 elucebit.

338 2502 433 2560 Prata
448 2498 624 2559 Suetonium
642 2498 802 2577 scripsisse
815 2495 953 2557 Isidorus
968 2498 1138 2587 denatura
1158 2520 1259 2559 rerum
1276 2499 1393 2560 duobus

253 2602 329 2661 loeis
354 2622 380 2660 c.
403 2610 438 2664 38
459 2599 513 2677 (ci.
534 2599 643 2676 fragm.
669 2598 759 2677 rw)
782 2609 813 2659 et
834 2619 860 2658 c.
881 2610 916 2662 44
940 2600 994 2679 (cf.
1016 2601 1120 2678 fragm.
1145 2601 1232 2687 1575)
1248 2612 1392 2677 testatur3

253 2712 416 2784 praeterea
430 2702 511 2762 idem
527 2700 604 2759 liber
619 2700 731 2760 diserte
750 2702 861 2761 citatur
879 2703 911 2761 in
933 2703 978 2761 eis
998 2702 1191 2777 differentiis,
1217 2724 1292 2784 quas
1314 2706 1392 2763 Dor·

253 2804 355 2864 villius
369 2824 386 2864 e
402 2803 507 2863 codice
518 2802 786 2882 Montepessulano
800 2805 831 2862 in
845 2803 1049 2863 miscellaneis
1062 2803 1323 2864 observationibus
1337 2806 1393 2864 cri·

253 2906 321 2964 ticis
333 2906 421 2963 novis
432 2911 504 2961 tom.
517 2902 612 2962 VllII
624 2902 737 2981 publici
750 2905 823 2963 iuris
834 2904 910 2973 iecit
920 2904 974 2984 (cf.
988 2905 1093 2983 fragm.
1108 2914 1157 2969 176
1167 2927 1196 2985 p.
1209 2905 1285 2985 296).
1319 2926 1392 2984 quo·

254 3027 322 3066 curn
337 3006 425 3065 titulo
441 3014 524 3064 recte
539 3005 630 3064 iama
647 3004 762 3066 Grialio
780 3005 819 3066 ad
834 3006 985 3066 Isidorum
1000 3008 1021 3067 l.
1039 3027 1064 3066 c.
1083 3016 1265 3087 conparatur
1280 3026 1393 3084 graeca

254 3110 408 3188 inscriptio
424 3106 582 3184 λειμῶνος,
595 3128 655 3187 qua
671 3107 708 3167 de
721 3106 831 3167 Suidas
846 3128 870 3167 s.
889 3129 919 3168 v.
936 3100 1110 3185 Πάμφιλοςτ
1128 3106 1241 3187 ἔγραψε
1250 3106 1394 3184 λειμῶνα·

254 3207 314 3270 ἔστι
326 3206 358 3270 di·
372 3208 516 3269 ποικίλων
531 3204 654 3287 περιοχή
662 3209 702 3287 *).
730 3209 842 3270 abusus
858 3232 931 3272 vero
951 3219 999 3269 est
1014 3210 1061 3271 his
1083 3211 1183 3271 verbis
1201 3210 1392 3272 Graefenha·

253 3314 322 3373 nius
333 3313 402 3373 hist.
411 3311 486 3392 phil.
499 3321 560 3372 ant.
572 3313 728 3391 nuper,
743 3333 809 3372 cum
818 3322 937 3391 pratum
948 3334 1009 3372 non
1018 3314 1112 3372 fuisse
1123 3311 1393 3373 diversumlibrum

254 3414 410 3475 contendit
431 3413 538 3486 abeo,
561 3416 609 3472 cui
627 3414 791 3474 Suetonius
815 3419 850 3473 de
871 3419 957 3474 rebus
971 3417 1063 3474 uariis
1077 3417 1231 3494 inscripsit
1247 3416 1393 3493 cuiusque

252 3518 389 3576 notitiam
418 3515 558 3578 Clmrisio
590 3517 636 3576 vel
663 3517 763 3596 potius
788 3515 823 3576 C.
846 3515 923 3576 Iulio
948 3518 1086 3576 Romanu
1114 3516 1195 3596 apud
1222 3515 1394 3576 charisium

252 3641 282 3699 p.
297 3626 349 3682 236
364 3618 415 3697 (cf.
431 3619 540 3696 fragm.
556 3618 622 3696 205)
639 3618 794 3678 debemus·
829 3639 899 3677 nam
913 3639 970 3680 uec
986 3618 1163 3679 Suetonium
1178 3627 1334 3698 pratorum
1348 3617 1392 3676 in·

252 3722 410 3800 scriptioni
431 3721 511 3779 hanc
533 3719 690 3780 addidisse
712 3719 857 3780 credibile
878 3730 926 3781 est
947 3741 1005 3779 nec
1030 3721 1056 3779 si
1078 3721 1393 3805 fecissetRomannm

253 3823 379 3882 Suetoni
399 3823 543 3900 scriptum
565 3823 623 3881 boc
639 3822 735 3882 altero
751 3823 852 3882 indice
867 3822 1056 3899 significasse
1073 3824 1254 3902 putaverim.
1288 3830 1393 3881 contra

252 3925 317 3983 iure
332 3925 501 4001 Regentius
517 3921 555 3983 de
568 3925 634 3982 vita
649 3932 680 3983 et
695 3926 815 4003 scriptis
831 3924 957 3983 Suetoni
972 3945 1000 4004 p.
1014 3933 1049 3986 24
1061 3923 1144 3984 Gelli
1156 3923 1252 3982 verba
1265 3923 1392 4002 praeis

252 4025 291 4084 ad
308 4023 540 4084 describendum
554 4033 675 4104 pratum
691 4025 806 4085 adfert:
837 4022 904 4085 narii
922 4031 990 4099 qnia
1013 4030 1127 4084 uariam
1152 4034 1180 4085 et
1197 4028 1350 4083 miscellam
1365 4034 1393 4082 et

252 4132 338 4203 qnasi
359 4127 568 4199 confusaneam
591 4131 751 4186 doctrinam
773 4132 1023 4203 conqrrisr'uerant,
1046 4146 1079 4186 ac
1106 4131 1201 4185 titulos
1221 4144 1333 4201 qnoque
1354 4130 1395 4184 ad

319 4292 344 4357 ¹²)
363 4295 467 4344 Eadem
487 4295 562 4344 tituli
581 4296 735 4345 festivitate
755 4295 868 4354 Cicero,
888 4312 966 4361 quem
989 4296 1113 4345 Marcum
1132 4310 1193 4343 esse
1212 4309 1272 4362 non·
1289 4266 1392 4343 certum

144 4368 147 4373 ’
251 4384 329 4444 puto,
349 4380 373 4430 si
391 4378 459 4429 fides
478 4385 520 4429 est
538 4380 668 4430 Suetonio
687 4379 715 4428 in
733 4381 793 4429 vita
811 4381 925 4430 Terenti
943 4397 969 4445 p.
988 4379 1045 4443 34,Ι
1066 4394 1177 4455 carmen
1190 4379 1332 4428 Limonem
1352 4378 1391 4426 in·

251 4464 371 4530 scripsit.
