3218 5000
605 394 647 435 os
670 395 809 436 usrvnrs
833 395 940 436 asrrvn
1275 379 1337 443 203

201 564 240 608 eo
262 541 347 629 qued
370 541 567 607 rotunditate
588 545 640 606 sui
663 544 758 629 quasi
781 541 921 607 circulus
942 542 1029 607 unde
1051 543 1186 627 incipiat
1206 542 1259 606 uel
1281 542 1337 606 ubi

201 645 328 709 desinat
347 665 412 738 nen
432 644 530 709 facile
551 644 841 731 conprehendatur.
879 645 1058 732 aequaliter
1078 646 1164 708 enim
1186 667 1228 708 ex
1250 644 1338 707 omni

201 755 293 835 parte
320 746 425 811 fertur
454 769 526 811 csse
554 745 689 811 collecta
717 754 749 812 et
772 749 881 812 omnia
910 746 1060 811 similiter
1081 747 1259 833 respiciens
1282 745 1338 810 ad·

201 872 264 938 que
292 871 313 913 a
335 859 445 914 centro
464 856 570 914 terrae
593 849 706 936 spatiis
733 851 847 937 aequis
874 849 1028 914 distincta
1049 851 1184 936 ipsaque
1213 849 1263 912 sui
1287 870 1338 912 ae-

180 950 358 1041 squalitate
387 952 433 1015 ita
462 950 605 1034 stabilis,
636 958 674 1014 ut
701 973 772 1016 cam
804 952 839 1015 in
866 949 987 1014 nullam
1018 960 1143 1037 partem
1173 949 1338 1016 declinare

202 1053 347 1140 undique
382 1052 563 1139 aequalitas
594 1052 731 1118 collecta
762 1052 929 1140 permittat
963 1074 1002 1118 ae
1035 1052 1126 1117 nullo
1151 1052 1338 1117 fulcimento

128 1227 135 1237 ,
202 1155 359 1221 subueeta
380 1163 589 1220 sustentetur.
639 1156 731 1219 cuius
754 1154 985 1243 perfectionem
1015 1156 1172 1244 sphaerae
1198 1155 1250 1219 uel
1276 1157 1337 1219 eir·

201 1257 268 1321 culi
288 1256 399 1322 multis
429 1258 764 1343 argumentationibus
793 1266 936 1322 tractans
962 1257 1156 1323 rationabile
1175 1257 1268 1322 Plato
1290 1257 1338 1321 fa·

201 1360 373 1425 bricatcris
395 1359 508 1424 mundi
533 1381 615 1443 opus
642 1359 801 1442 insinuat,
841 1362 946 1448 primo
973 1360 1060 1448 qued
1088 1381 1130 1424 ex
1158 1382 1223 1425 una
1250 1359 1338 1454 linea

169 1471 339 1544 reconstat,
360 1462 502 1527 secundo
524 1462 610 1550 qued
633 1464 703 1527 sine
719 1462 812 1537 initio
834 1471 931 1527 estet
948 1463 1019 1527 sine
1040 1461 1113 1545 fine,
1137 1463 1231 1527 tertio
1251 1462 1338 1550 quod

202 1634 272 1688 tia.’
283 1663 307 1669 -
323 1636 444 1687 Isidorus
453 1636 541 1701 origg.
548 1636 590 1686 III
600 1635 644 1687 30:
660 1636 710 1686 ‘De
721 1636 800 1686 caclo
813 1642 840 1686 et
854 1637 912 1685 eius
922 1637 1039 1686 nomine.
1060 1636 1173 1687 Caelum
1186 1636 1338 1704 philosophi

202 1704 345 1757 rotundum
357 1703 505 1757 uolubilem
519 1710 600 1769 atque
615 1704 755 1755 ardentem
769 1720 829 1755 esse
842 1705 976 1767 dixerunt,
989 1710 1115 1754 uocatum
1127 1710 1218 1755 autem
1227 1705 1279 1755 hoc
1291 1722 1338 1755 no·

201 1773 282 1835 mine,
294 1774 399 1837 ecquod
411 1778 548 1837 tamquam
561 1788 611 1822 uas
625 1772 762 1823 caelatum
772 1773 904 1839 impressa
913 1773 994 1838 signa
1004 1773 1107 1823 habeat
1116 1772 1266 1823 stellarum.
1285 1774 1337 1823 dis-

201 1842 283 1893 tinxit
293 1841 364 1891 cnian
376 1857 436 1890 eum
446 1841 512 1890 deus
522 1841 605 1890 oleris
615 1840 761 1890 luminibus
772 1846 799 1890 ct
808 1840 933 1907 impleuit
945 1840 1002 1890 sole
1016 1841 1125 1891 scilicet
1138 1847 1165 1889 et
1177 1840 1259 1892 lunae
1273 1842 1338 1893 orbe

202 1910 319 1975 fulgenti
333 1916 361 1958 et
373 1914 506 1959 astrorum
519 1909 677 1983 micaptium
690 1907 896 1973 splendentibus
908 1908 993 1975 signis
1007 1909 1158 1959 adornauit.
1183 1909 1232 1959 hcc
1247 1914 1338 1960 antem

203 1978 311 2029 Graece
324 1967 447 2042 οὐρανός
465 1977 563 2026 dicitur
580 1970 638 2026 απὸ
656 1974 708 2025 τοῦ
726 1967 866 2041 ὁρᾶσθαι,
886 1977 913 2025 id
932 1981 974 2025 est
987 1993 1003 2025 a
1017 1977 1147 2038 uidendo,
1162 1993 1193 2027 co
1207 1978 1277 2043 quod
1291 1994 1339 2028 aer

201 2045 361 2113 perspicuus
374 2046 409 2095 sit
423 2051 451 2095 ct
463 2044 498 2095 ad
510 2044 704 2110 speculandum
717 2042 828 2110 purior)
853 2044 899 2095 31:
914 2044 965 2093 ‘De
982 2045 1037 2093 situ
1048 2045 1184 2110 sphaerae
1198 2045 1336 2095 caelestis.

201 2115 326 2180 Sphaera
344 2112 415 2163 caeli
432 2113 540 2179 specics
559 2117 601 2161 est
619 2112 753 2176 quaedam
771 2113 799 2161 in
816 2113 958 2161 rotundum
976 2113 1107 2175 formata,
1127 2114 1202 2162 cuitus
1216 2120 1337 2163 centrum

201 2189 276 2232 terra
295 2186 337 2231 est
355 2198 387 2233 cx
405 2180 529 2231 omnibus
547 2181 671 2246 partibus
689 2180 842 2244 aequaliter
864 2179 1003 2230 conclusa.
1033 2180 1105 2229 hauc
1123 2180 1269 2246 sphaeram
1286 2197 1338 2232 nec

201 2250 364 2316 principium
377 2249 479 2299 habere
492 2248 585 2298 dicum
598 2265 650 2297 nec
664 2248 820 2311 terminum,
839 2247 900 2296 ideo
913 2248 982 2312 quod
995 2248 1023 2296 iu
1042 2249 1181 2297 rotsmdum
1195 2250 1273 2313 quasi
1287 2250 1337 2298 cir-

203 2318 279 2368 culus
296 2318 366 2367 uude
385 2317 502 2383 incipiat
513 2316 617 2366 uelubi
630 2317 738 2366 desinat
751 2332 805 2366 non
817 2316 902 2365 facile
916 2315 1161 2381 comprehcrulitur.
1183 2316 1339 2382 philosophi

203 2391 294 2435 autem
306 2386 398 2435 mundi
410 2390 515 2450 septem
529 2384 623 2434 cactos
641 2385 667 2434 Id
687 2389 728 2434 eat
741 2384 867 2449 planetas
880 2383 1020 2449 globorum
1038 2400 1156 2433 consono
1169 2391 1242 2434 motu
1255 2385 1337 2435 intro—

202 2454 348 2515 duxemnt‚
360 2469 476 2518 quorum
490 2452 600 2501 orbibus
614 2468 719 2502 conexa
731 2458 882 2502 memorant
900 2451 1003 2514 omnia,
1022 2467 1088 2516 quos
1106 2452 1159 2502 sibi
1178 2453 1292 2501 innexos
1311 2458 1339 2502 ct

202 2521 277 2571 uelut
289 2523 406 2572 insertos
418 2521 524 2571 uersari
537 2525 609 2570 retro
628 2525 655 2569 et
674 2537 688 2570 c
708 2521 845 2570 contrario
868 2520 968 2569 cctcris
985 2520 1101 2569 motibus
1119 2521 1185 2569 ferri
1204 2521 1338 2571 arbitran-

203 2587 263 2639 tur!
288 2589 334 2639 32:
355 2591 406 2640 ‘De
420 2588 541 2638 eiusdem
553 2587 688 2653 sphaerae
702 2593 783 2637 motu.
809 2588 949 2653 Sphaerus
963 2592 1051 2637 motus
1072 2588 1175 2638 duobus
1189 2589 1285 2639 axibus
1297 2590 1337 2639 in·

200 2657 327 2720 uoluitur,
341 2673 452 2722 quorum
462 2673 529 2706 unus
540 2656 822 2722 estseptentrionalis‚
837 2657 880 2722 qui
894 2671 1037 2720 ultraquam
1048 2656 1157 2718 occidit,
1171 2657 1337 2722 appellatur·

203 2742 254 2790 que
266 2726 377 2775 boreus:
398 2725 469 2775 alter
487 2724 630 2787 arrstralis,
648 2724 693 2789 qui
710 2740 855 2789 numquam
868 2725 975 2773 uidetur
987 2728 1015 2775 et
1028 2725 1212 2775 austronotius
1229 2725 1336 2775 dicitur.

202 2793 244 2842 his
257 2793 360 2843 duobus
373 2793 442 2858 polis
455 2794 557 2843 moueri
570 2792 715 2858 sphaeram
728 2791 798 2842 coeli
817 2793 911 2843 dicunt
928 2797 956 2841 et
973 2808 1034 2841 cnm
1051 2798 1124 2842 motu
1137 2795 1195 2843 eius
1207 2793 1298 2845 sidera
1311 2794 1338 2843 in

203 2877 236 2911 ea
249 2860 304 2910 fixa
317 2861 351 2910 ab
365 2863 469 2911 criente
481 2876 566 2925 usque
580 2861 615 2910 ad
628 2860 798 2910 occidentem
812 2861 968 2921 circumire,
981 2861 1214 2925 septentrionibus
1230 2861 1337 2911 breuio-

202 2946 246 2979 res
259 2944 340 2993 gyrcs
353 2930 428 2979 iuxta
441 2929 579 2979 cardinem
591 2928 807 2994 peragentibus)
833 2927 878 2978 33:
898 2929 948 2978 ‘De
967 2928 1087 2979 ciusdem
1099 2929 1234 2995 sphaerae
1248 2946 1336 2979 cursu.

201 2997 326 3063 Sphacra
340 2996 412 3047 caeli
425 2996 460 3045 ab
473 2997 578 3047 oriente
593 3001 620 3047 ct
632 2997 774 3046 occidente
788 2995 873 3045 semel
885 2997 913 3045 in
926 2996 969 3047 die
980 3000 1007 3045 et
1016 3002 1097 3047 nocte
1107 2998 1222 3048 uertitur
1231 2998 1338 3048 XXIIII

201 3065 326 3116 horarum
340 3065 445 3131 spatiis,
465 3064 562 3129 quihus
574 3065 614 3114 sol
628 3080 734 3114 cursum
747 3081 823 3113 sunm
836 3081 916 3130 super
928 3069 1016 3114 terras
1035 3072 1062 3114 ct
1074 3065 1169 3115 subtus
1182 3070 1270 3117 terras
1288 3083 1338 3116 sua

200 3132 375 3184 uolubilitate
394 3132 551 3183 concludit'
583 3132 628 3182 34:
648 3134 698 3183 ‘De
723 3132 865 3182 celeritate
889 3132 969 3183 caeli.
999 3132 1092 3183 'santa
1113 3134 1243 3184 celeritas
1266 3135 1339 3185 caeli

200 3201 320 3267 sphaera
338 3201 438 3251 dicitur
451 3216 568 3265 currere,
582 3208 625 3263 ut,
647 3200 700 3250 nisi
719 3200 862 3251 aduersum
876 3201 1055 3266 praecipitem
1073 3202 1130 3251 cius
1145 3218 1250 3251 cursum
1264 3207 1338 3252 astra

201 3275 344 3319 currerent
362 3284 431 3333 quac
451 3273 743 3331 camremcrareutur,
756 3269 847 3323 mundi
861 3269 965 3318 ruinani
979 3268 1123 3318 facerent'
1150 3268 1196 3320 35:
1216 3270 1266 3319 ‘Dc
1286 3287 1338 3319 are

201 3337 283 3388 caeli.
302 3337 368 3388 Axis
382 3342 423 3386 est
435 3337 658 3402 septentrionalis
671 3336 746 3387 linea
757 3342 844 3399 recta,
858 3352 928 3402 quae
940 3353 990 3403 per
1007 3337 1124 3387 mediam
1139 3337 1222 3403 pilam
1239 3337 1337 3403 sphae-

201 3422 248 3455 rae
261 3405 357 3467 tendit,
372 3410 400 3453 ct
411 3404 487 3454 dicta
500 3405 572 3467 axia,
592 3405 662 3468 quod
674 3404 700 3452 in
715 3421 749 3454 ea
761 3406 880 3471 sphaera
892 3409 922 3453 ut
935 3410 995 3455 rota
1006 3404 1137 3465 uoluitur,
1155 3405 1200 3455 ucl
1218 3406 1281 3471 quia
1300 3406 1338 3454 ibi

200 3473 351 3538 plaustrum
371 3470 433 3522 est’
458 3470 504 3523 36:
524 3473 574 3522 ‘Ile
593 3473 759 3521 caelestibus
782 3473 862 3539 polis.
891 3473 953 3522 Poli
970 3479 1033 3523 sunt
1051 3473 1146 3522 circuli
1164 3475 1209 3537 qui
1227 3478 1338 3524 currunt

200 3558 250 3607 per
262 3558 351 3591 axern.
381 3541 474 3590 horum
489 3539 559 3590 alter
572 3545 614 3589 est
626 3541 857 3605 septentrionalis,
871 3541 916 3605 qui
929 3556 1073 3605 numquam
1087 3541 1200 3601 occidit,
1215 3541 1337 3607 appella-

200 3614 296 3673 turque
315 3609 427 3669 boreus;
446 3608 517 3658 alter
535 3607 677 3670 australis,
701 3610 746 3673 qui
758 3625 903 3674 unusquam
915 3610 1023 3658 uidetur
1036 3614 1063 3657 et
1076 3610 1259 3658 austronotius
1271 3609 1337 3659 dici⁴

199 3682 256 3735 tur3
271 3682 299 3727 et
310 3676 377 3726 dicti
390 3676 454 3742 poli,
467 3677 537 3740 quod
550 3680 613 3725 sunt
626 3676 715 3725 axium
730 3676 801 3740 cycli
814 3694 848 3727 ex
859 3692 910 3726 usu
921 3678 1110 3742 plaustrorum,
1122 3677 1275 3743 apoliendo
1285 3679 1337 3727 sei-

199 3745 268 3796 licet
285 3745 431 3806 nominati;
449 3745 498 3795 scd
517 3744 595 3810 polus
611 3760 720 3809 semper
736 3744 833 3795 boreus
850 3745 971 3809 uidetur,
990 3745 1173 3797 austronotius
1189 3760 1336 3811 nunquam,

289 3927 298 3977 Ι
318 3916 511 3975 rotunditatis
526 3919 551 3973 Α
573 3910 668 3995 lanae
687 3919 711 3973 Α
728 3912 845 3973 suiaB¹
889 3916 1035 3996 incipiant
1052 3922 1076 3975 Α
1091 3912 1136 3999 112
1153 3917 1293 3994 designat
1313 3922 1339 3976 Β

201 3996 215 4080 Η
236 4001 491 4080 conprehenditur
512 3995 562 4081 ΑΙ
592 4001 785 4063 asimilitors
809 4004 837 4058 B
905 4011 922 4063 4
946 4024 986 4063 a*
1006 4006 1034 4059 Β
1061 3999 1074 4081 Η
1100 4002 1206 4082 aequis
1233 4004 1338 4083 spatiis

201 4089 230 4143 B
244 4081 257 4167 ΙΙ
273 4085 412 4145 distiutta
426 4083 460 4144 Α1
478 4082 491 4169 ΙΙ
506 4099 522 4148 5
536 4086 621 4145 nulla
635 4095 721 4163 parte
738 4090 765 4142 B
779 4080 793 4167 ΙΙ
807 4095 824 4148 6
844 4086 976 4166 undique
999 4090 1027 4143 B
1047 4082 1060 4163 ll
1081 4096 1095 4150 7
1112 4089 1337 4166 perfeccionem

201 4174 229 4229 Β
241 4170 255 4251 Η
282 4192 371 4249 spere
396 4174 450 4229 AB
475 4168 488 4253 ll
513 4168 637 4229 circulis
657 4175 685 4229 B
706 4167 720 4253 ΙΙ
740 4182 757 4233 a
777 4167 880 4230 multis
900 4192 953 4231 om.
972 4168 1009 4230 ΒΙ
1034 4167 1047 4251 ΙΙ
1069 4172 1170 4249 Plato]
1190 4178 1258 4232 Tr'm.
1278 4178 1337 4232 331>

201 4263 265 4315 ssa
288 4259 349 4314 rath
371 4254 384 4337 Η
405 4256 594 4315 fabricatoria
615 4260 641 4314 B
660 4252 673 4338 ΙΙ
694 4272 710 4323 6
730 4255 780 4337 ex]
807 4278 845 4316 ex
862 4257 1015 4317 *limarum
1031 4257 1059 4316 V
1075 4258 1193 4334 angulis
1213 4254 1218 4340 Ι
1238 4258 1336 4316 zozia-

201 4361 254 4401 cus
272 4340 370 4400 dictus
394 4362 433 4400 ex
451 4339 486 4399 Α1
508 4362 545 4401 ex
566 4340 755 4401 climatamm
770 4361 794 4401 e.
815 4362 842 4419 q.
863 4360 886 4400 r.
911 4339 955 4401 Λ2
980 4363 1018 4401 ex
1040 4341 1187 4402 linearum
1203 4344 1335 4425 quinque

200 4427 343 4485 zodiacus
360 4425 467 4486 ductus
489 4447 526 4487 ex
544 4431 569 4485 Β
589 4426 701 4505 (dictus
720 4423 776 4505 13²)
792 4423 805 4512 ΙΙ
823 4439 855 4490 10
873 4437 991 4489 constet
1011 4422 1050 4486 13²
