3194 5004
419 452 424 465 ’
519 452 747 496 samsonem
765 453 1017 497 ecnnnursarvs
1275 435 1337 499 533

203 626 279 667 mue.
315 606 357 667 Et
377 614 480 666 tamen
502 606 540 665 ab
561 606 616 667 iliu
638 597 1025 687 emendationa'perfacilis
1041 607 1082 667 ed
1096 608 1258 668 veritatem
1272 607 1338 668 adi·

203 717 252 768 tus
274 716 349 768 erat.
384 710 465 769 Nam
486 708 563 768 nihil
585 728 662 768 sane
686 707 770 767 aliud
790 710 824 768 in
845 718 979 770 monstro
1002 711 1170 790 scripturae
1191 713 1339 770 retentae

205 809 291 890 (hine
306 811 388 870 enim
409 810 677 892 proficiscendum,
698 830 762 869 non
784 831 803 870 c
822 813 1013 897 noviciorum
1033 811 1173 873 codicum
1192 813 1338 872 memoria

203 911 417 991 recensentibus)
441 914 501 973 nisi
516 913 656 973 Terentii
678 932 791 973 nomen
813 913 950 975 delituit:
972 912 1006 973 id
1027 913 1111 995 quod
1133 915 1194 975 iam
1214 915 1240 974 is
1257 915 1337 996 quis·

204 1016 271 1096 quis
287 1015 345 1077 fuit
358 1017 464 1090 sensit,
480 1015 564 1075 euius
578 1036 671 1075 mann
686 1016 803 1076 recenti
819 998 1004 1097 adscriptum
1020 1019 1114 1078 estin
1129 1017 1267 1097 margine
1278 1017 1337 1078 Pa·

203 1118 290 1178 risini
306 1123 444 1178 terentina.
481 1117 550 1177 Nisi
572 1117 655 1198 qued
670 1113 747 1177 iliud
762 1139 825 1179 uon
841 1139 859 1178 e
873 1139 965 1179 versu
980 1121 1077 1200 primo
1095 1120 1154 1179 huc
1172 1127 1219 1180 θεῖ
1234 1120 1336 1201 aliquo

204 1240 277 1281 essu
292 1220 440 1295 delatum,
463 1240 543 1302 quae
559 1219 709 1300 Scaligeri
724 1240 810 1280 mens
826 1222 899 1295 fuit,
921 1220 978 1281 sed
993 1221 1100 1281 sedern
1114 1241 1199 1282 sunm
1213 1221 1247 1281 in
1263 1223 1337 1282 altc-

203 1324 265 1383 rius
287 1323 439 1404 principio
462 1321 642 1403 occupabat.
679 1321 730 1382 eie
746 1323 842 1397 enim,
866 1324 926 1383 nisi
946 1325 1047 1383 omnia
1062 1324 1188 1398 fallunt,
1206 1325 1338 1405 antiqui·

202 1433 251 1486 tus
267 1426 411 1506 seriptum
422 1427 495 1487 fuit:
518 1427 594 1484 Tune
604 1442 677 1500 quae
687 1432 825 1484 uocantur
833 1428 957 1502 fetetne,
967 1430 1081 1487 adame
1093 1434 1165 1502 sunt,
1181 1421 1195 1509 Η
1211 1428 1338 1486 Terenti?

202 1547 259 1586 non
276 1530 337 1599 dns,
353 1533 417 1587 stira
430 1533 478 1604 qni
486 1531 600 1604 populis
614 1530 711 1601 dabat,
728 1547 756 1587 e.
773 1550 802 1609 q.
819 1549 843 1588 ε.
880 1529 966 1589 Nihil
981 1531 1013 1588 in
1027 1530 1087 1589 hoe
1103 1531 1243 1611 exemplo
1257 1530 1339 1590 ultra
1420 1520 1429 1543 '

202 1639 349 1691 mutatum
364 1638 489 1710 praeter
503 1629 606 1704 libros,
620 1630 681 1689 nisi
697 1629 777 1710 quod
794 1630 1018 1692 modestissima
1031 1632 1156 1692 duonum
1170 1634 1339 1693 litterarum

203 1724 382 1794 accessione
396 1738 511 1791 cumane
525 1752 592 1793 cum
605 1732 718 1792 Bothio
735 1734 848 1792 factum
864 1744 910 1794 est
925 1754 942 1793 e
957 1739 1049 1807 etiae,
1068 1734 1253 1795 modestiore
1267 1738 1338 1815 p'ro·

203 1837 284 1897 fecto
301 1855 392 1917 quam
408 1856 467 1916 qua
481 1836 533 1894 vel
548 1839 625 1895 1111111
639 1841 705 1893 sant
717 1837 782 1893 cedo
797 1836 942 1897 Erasmus
958 1836 1107 1897 suadebat
1127 1838 1180 1897 vel
1194 1840 1238 1895 dic
1258 1841 1337 1896 cuts’

201 1946 267 1998 sunt
281 1936 537 2018 Oudendorpius:
560 1945 723 2018 praeterea
738 1937 831 2015 longe
846 1939 1004 1998 lenissima
1017 1939 1260 2019 transpositione
1274 1944 1338 1999 titre

202 2046 252 2117 qni
263 2041 432 2121 repositum
447 2060 503 2120 pro
519 2042 567 2114 qui
578 2044 652 2097 iure.
672 2072 715 2081 —
734 2038 777 2099 At
791 2040 835 2098 ita
850 2041 936 2100 nulia
949 2042 983 2101 fit
998 2040 1150 2121 Scipionis
1165 2043 1295 2116 mentio,
1320 2062 1338 2101 a

204 2163 264 2224 quo
287 2142 383 2202 factas
399 2141 519 2202 fabulas
535 2140 671 2200 edidisse
686 2141 867 2201 Terentium
887 2143 937 2202 hio
952 2150 1046 2223 poeta
1061 2151 1189 2203 testatus
1206 2152 1271 2203 erat
1286 2164 1337 2204 au·

204 2253 287 2305 ctore
302 2247 437 2305 Donato.
466 2244 613 2303 Fatemur
626 2263 691 2301 non
706 2244 873 2304 nominari:
897 2266 960 2303 non
975 2245 1113 2325 potuisse
1128 2246 1268 2324 intellegi
1284 2266 1337 2306 ne·

204 2368 320 2427 gamus.
370 2347 422 2407 An
449 2345 601 2406 nominari
627 2344 814 2420 contendes,
842 2347 869 2406 si
894 2347 1082 2426 Scaligerum
1108 2347 1204 2407 secuti
1228 2350 1338 2407 Pobiiur

204 2451 423 2530 amplectemur
438 2469 493 2528 pro
512 2451 637 2524 populis,
659 2449 794 2507 intanta
810 2448 934 2529 quidem
948 2450 1124 2510 Publiorum
1139 2449 1338 2530 frequentia?

202 2551 442 2614 Recordandum
462 2559 509 2611 est
530 2559 631 2609 autem
654 2549 729 2609 duos
753 2570 821 2609 esse
841 2553 968 2610 omnino
990 2572 1008 2610 a
1029 2552 1137 2632 quibus
1154 2551 1290 2612 adiutum
1304 2552 1337 2611 in

163 2640 168 2655 ’
204 2653 368 2715 scribendo
383 2653 565 2713 Terentium
580 2653 661 2711 fame
675 2651 810 2727 ferebat,
832 2652 867 2711 O.
883 2653 1023 2713 Laelium
1045 2663 1076 2713 et
1091 2655 1127 2714 P.
1140 2654 1337 2734 Scipionem:

204 2777 221 2815 e
238 2755 347 2836 quibus
362 2775 429 2815 curn
443 2755 496 2814 ille
511 2755 577 2812 iure
592 2754 714 2834 populis
729 2755 815 2813 nulle
834 2755 903 2814 ullis
926 2755 1078 2831 dedisset,
1102 2757 1180 2816 nihil
1200 2756 1338 2815 relictum

204 2866 270 2918 erat
284 2858 344 2916 nisi
359 2865 392 2916 ut
411 2856 450 2916 de
472 2876 533 2916 unc
550 2856 697 2936 Scipione
719 2857 912 2934 cogitaretur.
948 2858 1085 2939 Eiusque
1106 2859 1202 2939 ipsius
1224 2858 1338 2937 cogita·

201 2961 319 3020 tionem
340 2959 444 3039 paullo
469 2958 559 3018 etiam
581 2959 800 3038 promptiorem
820 2961 960 3039 proximo
981 2980 1073 3021 versu
1096 2961 1161 3022 fieri
1186 2969 1336 3041 putamus.

202 3062 252 3124 Ibi
268 3061 351 3122 enim
366 3059 449 3142 quod
465 3058 503 3119 ab
518 3062 607 3121 initio
623 3060 778 3141 proditum
793 3071 841 3121 est
858 3079 962 3121 summo
977 3064 1082 3122 honore
1102 3052 1159 3123 etsi
1175 3062 1215 3122 ad
1230 3064 1338 3142 legiti-

202 3185 282 3226 mam
296 3184 469 3224 mensuram
482 3165 627 3224 Erasmus
642 3163 878 3243 transponendo
894 3167 1075 3239 revocavits
1089 3166 1172 3224 cuius
1195 3165 1337 3244 exemplo

201 3272 316 3329 Honore
330 3285 434 3327 sommo
448 3268 605 3345 vulgatur,
621 3275 724 3325 tamen
741 3266 816 3347 quid
830 3266 961 3345 impedit
976 3268 1137 3346 quominus
1152 3274 1273 3326 servate
1290 3286 1337 3325 or·

205 3369 278 3430 dine
293 3369 456 3429 verborum
470 3368 664 3428 intercidisse
678 3369 781 3453 potius
803 3368 920 3448 aliquid
943 3369 1161 3440 existimemus,
1183 3367 1283 3426 hiatus
1304 3373 1338 3425 ut

202 3473 247 3532 sic
261 3478 470 3531 removeaturz
493 3471 604 3527 Summo
626 3472 685 3527 ille
702 3471 807 3527 honore
821 3472 939 3544 effectio
955 3468 1017 3528 -1
1037 3502 1079 3511 -
1098 3470 1156 3528 His
1178 3469 1271 3547 igitur
1291 3488 1337 3528 ar·

202 3573 356 3654 gumentis
378 3570 495 3631 moveri
515 3590 564 3629 me
579 3590 687 3651 passus
703 3590 769 3630 sum
783 3578 816 3630 ut
831 3571 966 3648 Vagcllii
986 3570 1153 3630 versiculos
1168 3570 1246 3630 tales
1263 3590 1337 3652 qua·
1418 3608 1423 3617 ·

202 3677 248 3737 les
265 3675 350 3736 edidi
365 3673 601 3749 conformarem,
617 3693 680 3731 non
696 3673 764 3731 sine
778 3692 834 3753 spe
850 3671 1016 3750 indagatae
1030 3672 1179 3732 ueritatis.

286 3777 362 3855 Peg.
377 3774 463 3849 36,9
484 3774 566 3855 quod
589 3774 715 3852 Parerg.
738 3795 769 3854 p.
791 3783 842 3838 325
862 3774 1060 3834 ratiocinatus
1083 3793 1148 3833 sum
1168 3777 1338 3849 Apollodoro

204 3881 334 3953 Carystio
350 3899 369 3937 a
381 3879 507 3938 Donato
523 3877 668 3957 scriptum
683 3896 767 3950 esse,
783 3877 856 3936 hinc
876 3885 910 3936 ut
932 3876 1049 3957 duplex
1067 3895 1180 3935 nomen
1195 3877 1229 3935 in
1243 3878 1338 3936 vitam

202 3980 437 4041 Ambrosianam
460 3980 630 4052 transierit,
658 3979 722 4038 eiua
748 3999 796 4038 me
823 3979 1017 4040 coniecturae
1042 3997 1084 4037 ne
1109 3999 1191 4039 nunc
1213 3977 1337 4059 quidem

202 4082 351 4165 paenitet.
388 4083 468 4141 Nam
482 4081 566 4141 unde
580 4079 707 4140 tandem
722 4082 782 4141 nisi
799 4101 838 4141 ex
851 4083 976 4141 Donato
991 4080 1132 4140 hausisse
1153 4080 1246 4140 medii
1267 4080 1337 4139 aevi

202 4187 383 4266 scriptorem
406 4185 498 4244 istum
521 4193 583 4243 tam
610 4184 792 4263 exquisitam
815 4184 991 4243 memoriam
1016 4182 1203 4264 putabimus,
1237 4180 1337 4260 qualis

203 4288 281 4349 haec
297 4296 356 4362 est,
374 4287 547 4366 Caryatium
563 4306 645 4360 esse,
662 4307 726 4345 non
743 4286 887 4359 Geinum,
912 4294 1035 4366 poetam
1057 4285 1104 4344 cui
1125 4303 1196 4344 suas
1216 4281 1336 4342 fabulas

205 4398 347 4469 acceptas
362 4390 492 4450 referret
506 4388 693 4449 Terentius?
729 4386 829 4467 Quam
844 4390 869 4447 si
885 4390 953 4469 quis
970 4407 1008 4446 ex
1023 4387 1097 4465 ipsis
1114 4384 1335 4444 commentariis

202 4492 320 4552 Donati
340 4499 461 4569 repetat
480 4491 513 4548 in
535 4492 690 4570 Hecyram
712 4499 743 4550 et
757 4491 973 4551 Phormionem
993 4489 1131 4568 scriptis,
1154 4506 1281 4568 quorum
1301 4487 1335 4545 in
