3200 4992
230 344 288 405 166
735 362 866 403 aaa'rvu

226 507 334 571 Numa
356 506 535 593 Pompilius
564 505 693 570 addidit
718 507 824 592 adque
852 509 899 571 ita
928 508 963 569 in
992 506 1061 570 XII
1090 529 1219 571 menses
1246 530 1367 572 annum
1430 517 1436 528 '

227 608 388 672 distinxit.
417 608 563 694 plerique
579 615 687 671 autem
703 608 1037 692 adserunt†Cingum
1051 607 1245 673 Sabinorum
1257 632 1367 693 regent
1397 610 1409 633 '
1452 597 1462 613 ’

171 768 174 773 .
226 711 316 796 prius
339 710 505 772 annumin
528 730 657 772 menses
677 708 847 790 diuisisse,
870 709 951 773 Idus
968 709 1200 795 Kalendasque
1222 722 1254 773 et
1272 712 1368 774 inter·
1412 746 1416 752 ·

226 810 352 875 salares
382 810 453 873 dies
476 810 666 873 instituisse.
703 827 892 874 KALENDAS
920 821 1028 875 autem
1050 832 1070 873 a
1093 809 1230 875 colendo
1251 811 1368 875 dietas.

226 911 313 998 apud
339 913 490 997 antiqtms
519 914 606 974 enim
636 934 764 996 semper
795 912 955 976 mensium
980 912 1142 998 principia
1168 911 1392 976 colebantur.s

226 1030 307 1076 lnvs
336 1034 464 1099 quoque
493 1012 598 1076 dietae
621 1035 641 1076 a
662 1012 777 1077 diebus
800 1023 832 1077 et
855 1029 974 1076 acuas
996 1034 1016 1075 a
1039 1013 1204 1076 nundinis.
1240 1035 1370 1077 menses

226 1124 334 1178 autem
358 1115 464 1178 omnis
490 1114 577 1200 apud
600 1112 738 1177 Latinos
762 1136 802 1176 ex
825 1113 986 1177 Kalendis
1009 1122 1140 1177 sumunt
1162 1115 1367 1200 principiani.

226 1215 313 1302 apud
330 1215 514 1301 Aegyptios
529 1224 637 1278 autem
652 1216 812 1300 principia
826 1216 986 1279 mensium
1002 1224 1077 1279 ante
1093 1214 1262 1279 Kalendas
1278 1225 1370 1301 quat·

225 1327 300 1381 tuor
314 1315 366 1379 uel
383 1318 526 1403 quinque
547 1317 616 1378 siue
633 1337 692 1378 sex
704 1337 763 1379 seu
777 1325 900 1401 septem
917 1326 973 1380 aut
988 1325 1060 1380 octo
1077 1317 1146 1380 dies
1158 1317 1368 1402 pronuntian-

225 1427 295 1501 tur,
316 1418 410 1480 iuxta
434 1417 520 1503 quod
545 1416 682 1480 formula
706 1416 853 1481 subiecta
873 1416 1017 1482 declarat
1038 1425 1151 1498 (fiquru
1174 1426 1194 1481 Ι
1192 1428 1217 1497 ).
1252 1417 1404 1481 detineo

228 1647 293 1689 crint
312 1641 460 1704 scriptores
479 1640 514 1688 ab
533 1639 586 1688 diis
605 1639 703 1689 inferIs
721 1640 888 1689 Fclarrrarius
907 1640 1076 1705 appellatus,
1097 1641 1168 1705 qaod
1186 1646 1241 1689 tum
1261 1641 1369 1689 t'elirua-

228 1714 270 1755 tur
288 1707 412 1771 populus,
433 1708 460 1755 id
480 1711 522 1756 est
540 1707 660 1771 lupercis
679 1708 758 1757 uadis
771 1708 902 1756 lustratur
915 1709 1055 1771 antiquom
1073 1709 1199 1773 oppidum
1213 1708 1370 1757 Palatinum

228 1776 358 1839 gregibus
376 1774 502 1824 humanis
522 1773 660 1824 cinctum.'
691 1776 803 1823 Verrius
816 1775 934 1824 Flaccus
948 1776 1024 1824 Fast.
1038 1777 1195 1825 Praenest:
1217 1775 1371 1824 ‘Ianuarius

228 1858 308 1907 usque
336 1845 412 1891 aliter·
438 1846 583 1907 appellatur
606 1843 634 1891 in
657 1841 764 1892 Latio.'
807 1842 938 1892 ‘Illartius
962 1843 996 1891 ab
1020 1844 1180 1892 Latinorum
1211 1845 1258 1892 deo
1282 1843 1371 1892 aliur-te

228 1910 383 1974 appadandi
414 1910 466 1973 (t).
513 1910 606 1975 itaqua
637 1910 708 1975 apud
737 1910 859 1958 Albanos
888 1916 915 1958 et
947 1909 1091 1974 plerosque
1118 1910 1231 1975 populos
1260 1911 1371 1960 Latinos

227 1978 299 2027 idem
329 1979 382 2026 fuit
409 1984 473 2027 ante
501 1978 640 2027 conditam
669 1976 807 2029 Romam.’
860 1978 972 2041 ‘Aprilis
999 1994 1076 2027 secur
1102 1978 1204 2026 Veneri
1237 1978 1307 2042 quod
1337 1993 1371 2027 ea

229 2061 288 2094 erim
312 2046 427 2097 Araedtsa
452 2061 551 2109 prauus
576 2047 627 2108 suit
656 2047 764 2095 Aeneae
795 2045 869 2108 regis'
896 2049 940 2108 qur·
965 2048 1051 2109 pertrait
1082 2045 1168 2094 Iulum
1199 2061 1215 2094 a
1244 2061 1295 2110 quo
1324 2062 1370 2110 po·
1408 2086 1412 2091 .

228 2111 307 2178 pulus
335 2113 473 2162 Romanus
502 2118 577 2162 ortus
607 2119 655 2162 est.
692 2114 747 2162 Aur·
772 2118 862 2175 putant
889 2118 927 2160 ita
954 2117 1108 2177 appellatum
1135 2127 1193 2162 esse
1223 2115 1287 2177 qnid
1316 2114 1370 2161 fru-

228 2196 276 2243 ges
300 2180 380 2230 flores
404 2180 593 2244 animaliaque
618 2196 651 2230 ae
674 2180 762 2229 maria
789 2186 817 2229 et
840 2184 931 2228 terrae
961 2178 1140 2245 aperiuntur)
1181 2179 1372 2230 Cassiodorius

228 2248 292 2296 Ver.
316 2248 330 2297 1
353 2247 398 2297 35:
430 2248 516 2312 ‘quand
544 2249 580 2297 ab
608 2250 676 2314 ipsis
699 2263 805 2314 quoque
830 2247 969 2296 mensibus
992 2247 1071 2296 datur
1098 2247 1232 2312 intelligi,
1264 2248 1371 2312 quando

229 2332 261 2365 an
285 2330 396 2365 numero
420 2316 546 2365 imbrium
569 2317 719 2365 futurorum
738 2320 926 2380 competenter
943 2316 1055 2364 nomina
1073 2313 1271 2380 susceperunt!
1309 2317 1371 2365 Cen-

227 2386 310 2431 sorlm'
331 2390 356 2432 et
380 2382 499 2433 illacrobr'
525 2386 641 2433 mensium
664 2387 808 2433 notattonaa
831 2398 894 2447 quae
918 2383 957 2432 aa
978 2389 1100 2446 poterant
1117 2385 1240 2432 adnotari
1261 2386 1286 2432 in
1305 2384 1370 2447 Sup-

225 2455 358 2514 plsmentr'a
374 2455 457 2514 posui.
498 2451 641 2501 Kalendae
670 2451 734 2501 Idus
757 2447 867 2514 Nonae]
891 2450 1013 2500 Isidorus
1036 2450 1167 2516 origg.‘V
1185 2448 1232 2511 33,
1255 2450 1284 2498 12
1297 2467 1369 2515 sqq.:

229 2518 380 2567 ‘Kalendas
404 2525 493 2568 alitem
517 2520 610 2569 Nonas
634 2524 662 2568 et
690 2518 754 2566 Idus
777 2524 889 2582 propter
912 2518 998 2568 festos
1021 2518 1080 2567 dies
1107 2519 1222 2567 Romani
1245 2520 1370 2567 Institue-

227 2592 290 2635 runt
311 2585 357 2634 uel
380 2593 491 2651 propter
514 2587 608 2635 officia
631 2586 848 2649 magistratuum.
884 2586 994 2650 qnidam
1013 2591 1103 2635 autem
1123 2586 1264 2635 Kalendas
1291 2602 1308 2635 a
1327 2602 1370 2635 co-

225 2652 309 2703 lendo
328 2653 465 2717 appellari
484 2655 651 2703 existimant.
683 2653 754 2717 apud
777 2660 885 2702 ueteres
911 2654 982 2703 enim
1008 2654 1126 2703 omnium
1147 2654 1279 2703 mensium
1297 2655 1370 2719 prin·

228 2722 303 2785 cipiu
327 2721 501 2770 colebantur:
531 2722 603 2771 sicut
626 2726 653 2770 et
677 2720 749 2785 apud
772 2721 924 2770 Hebraeos.
966 2721 1030 2770 Idus
1054 2726 1146 2769 autem
1169 2721 1293 2786 plerique
1316 2722 1370 2770 La·

228 2789 344 2837 tinorum
377 2789 414 2837 ab
442 2788 547 2837 edendo
577 2789 667 2837 dictas
692 2794 803 2852 patant:
835 2788 905 2852 quod
936 2788 965 2837 ii·
986 2788 1045 2837 dies
1074 2788 1146 2852 apud
1173 2795 1282 2838 ueteres
1307 2805 1370 2854 epu·

227 2855 314 2903 larum
335 2860 436 2904 essent.
472 2857 568 2905 Nonae
587 2872 604 2904 a
621 2856 750 2905 nundinIs
768 2862 899 2904 uocatae:
920 2855 1058 2904 nundinae
1078 2857 1151 2905 enlm
1169 2857 1370 2920 suntpublicae

228 2924 426 2973 conuentiones
443 2924 503 2972 sine
522 2922 717 2973 mercimonia)
743 2924 854 2973 Servius
871 2926 939 2972 Aen.
958 2922 1027 2973 VIII
1042 2922 1106 2972 654:
1127 2922 1251 2974 ‘Curiam
1272 2924 1370 2973 Calab-

229 3006 287 3039 ram
310 2990 393 3054 dicit,
425 3007 505 3055 quarn
529 2991 658 3041 Romulus
682 2996 790 3041 texerat
813 2991 917 3040 culmis.
956 2991 1017 3041 ideo
1041 2996 1132 3040 autem
1156 2992 1277 3041 Calabra
1301 2991 1371 3056 quod

230 3074 289 3107 cum
309 3058 433 3108 insertae
453 3065 546 3108 essent
563 3058 706 3108 Kalendae
727 3064 774 3108 aut
790 3059 855 3107 Idus
875 3074 892 3107 a
904 3059 1018 3108 Romulo
1037 3059 1212 3109 constitutum
1232 3066 1273 3109 est
1291 3066 1320 3109 ut
1333 3060 1372 3109 ibi

229 3133 322 3189 patres
340 3126 385 3175 uel
403 3127 518 3191 populus
538 3127 710 3188 calarentur,
729 3127 748 3175 i.
760 3142 791 3193 re.
811 3132 989 3187 uocarentur,
1013 3132 1043 3175 ut
1061 3127 1165 3176 scirent
1182 3143 1235 3191 qua
1252 3128 1297 3176 die
1316 3128 1372 3176 Ka·

228 3193 328 3241 landas
347 3200 440 3243 essent
457 3195 502 3243 uel
521 3196 605 3244 etiarn
624 3195 696 3244 Idus.
717 3210 734 3242 a
746 3210 811 3259 rege
830 3194 987 3243 sacrificulo
1000 3193 1071 3243 idern
1090 3194 1176 3243 fiebat
1188 3202 1229 3257 nt,
1244 3196 1371 3260 quoniam

229 3261 319 3310 adhue
338 3261 404 3311 lasti
423 3278 476 3311 non
496 3269 583 3325 erant,
604 3262 727 3312 ludorum
747 3266 774 3310 et
792 3261 990 3311 sacrificiorum
1009 3269 1224 3326 paraeneseerent
1241 3261 1320 3312 dies)
1340 3288 1371 3296 -

228 3326 315 3378 Varro
334 3320 366 3377 L.
385 3331 417 3378 L.
436 3330 475 3379 VI
493 3330 526 3378 27
545 3346 598 3394 sq.:
626 3327 724 3379 ‘Primi
742 3330 801 3378 dies
820 3330 952 3378 mensium
971 3329 1105 3378 nomtnnti
1124 3329 1265 3379 Celendae
1285 3330 1319 3378 ab
1339 3346 1371 3379 eo

227 3450 429 3457 ——.--..—....—

227 3584 230 3593 Δ
318 3527 327 3576 t
348 3523 434 3574 numa
450 3520 534 3574 ΒΒΕ
547 3511 560 3597 Η
575 3517 737 3595 pampilius
750 3512 813 3574 AE¹
831 3510 844 3597 Η
859 3514 985 3574 addedit
997 3513 1035 3574 B¹
1054 3510 1067 3598 Η
1083 3525 1174 3596 atque
1185 3511 1225 3573 Β2
1241 3510 1254 3597 Η
1270 3516 1372 3594 itaque

227 3600 258 3659 in
276 3604 303 3658 B
317 3620 369 3658 om.
392 3604 417 3658 Α
438 3597 451 3682 Η
472 3597 668 3659 aiensibusd
690 3596 702 3681 Η
723 3611 739 3662 2
761 3600 982 3659 distincxerunt
1002 3604 1027 3659 B
1047 3599 1060 3682 Η
1083 3608 1224 3659 asserunt
1245 3596 1339 3657 „effla
1366 3595 1370 3679 l

229 3687 349 3762 cingam
369 3690 480 3744 ABDE
494 3689 619 3744 Clusium
642 3690 812 3758 scriptorem
833 3689 923 3743 latere
942 3690 1074 3760 suspicor
1091 3687 1210 3744 Ancum
1231 3689 1373 3745 Areuulus

229 3771 465 3829 ‘anSaneu1u?'
491 3773 641 3829 Beekcrus
657 3768 669 3850 Η
684 3771 857 3828 saninorum
872 3767 910 3828 B¹
928 3766 940 3853 Η
957 3782 974 3834 3
991 3771 1152 3829 diuidisset
1166 3767 1205 3828 Bl
1219 3765 1236 3850 Η
1251 3770 1371 3848 etcutq:

227 3854 371 3933 adque&
391 3852 428 3913 B¹
445 3855 546 3934 tcatq:
567 3851 652 3913 &13²
666 3854 826 3914 Kalendas
843 3865 873 3913 et
889 3852 925 3912 A¹
943 3851 956 3937 Η
971 3866 987 3916 4
1001 3855 1053 3913 kls
1074 3851 1128 3936 ΒΗ
1144 3864 1246 3914 autem
1265 3874 1318 3912 om.
1335 3851 1369 3911 A¹

229 3935 241 4019 Η
260 3963 278 3997 a
303 3960 355 3997 om.
372 3943 400 3996 B
422 3935 434 4021 Η
457 3938 602 3999 colendos
621 3936 661 3996 Β1
680 3939 808 3999 colende
830 3944 854 3998 A
875 3936 889 4021 Η
910 3939 1011 3999 dietae
1033 3936 1079 4022 ΒΗ
1104 3944 1208 4019 §aput
1222 3944 1246 3997 Α
1261 3934 1274 4021 Η
1290 3958 1371 3997 men·

166 4088 172 4101 ¹
228 4045 314 4082 suum
329 4021 369 4082 B¹
391 4023 404 4105 Η
426 4027 548 4084 nomina
569 4024 718 4102 principia
733 4021 814 4083 ΒιΑ2
836 4020 849 4105 Η
870 4024 976 4088 edicti
992 4023 1078 4106 ΑΒῙΙ
1104 4025 1193 4084 dibus
1216 4022 1243 4081 I)
1265 4023 1372 4082 diebus

227 4109 277 4167 uel
296 4111 333 4168 ab
351 4111 445 4170 idulio
462 4113 602 4167 Arcesius
618 4107 732 4185 (edulio
748 4109 798 4187 al.)
814 4106 827 4191 Η
843 4131 939 4168 nonas
957 4115 1053 4170 Auon
1068 4108 1269 4169 asanondines
1286 4108 1372 4165 dines

227 4190 266 4251 Βι
282 4192 296 4274 Η
311 4204 327 4257 7
340 4193 392 4274 ex]
410 4216 429 4254 a
441 4199 468 4253 Β
482 4188 495 4275 Η
509 4193 669 4253 Kalendas
683 4199 708 4253 Α
721 4189 735 4276 Η
750 4206 768 4259 8
782 4216 939 4254 mensuum
954 4192 990 4253 Β1
1009 4191 1023 4277 Η
1037 4203 1054 4257 9
1070 4204 1213 4274 quattuor
1223 4193 1274 4251 uel
1286 4193 1372 4272 quin·

141 4289 144 4294 “
228 4299 288 4357 que
305 4282 370 4338 siue
383 4300 436 4339 sex
455 4299 509 4337 seu
522 4286 640 4355 septem
651 4290 704 4338 aut
719 4288 787 4338 oete
800 4280 865 4339 dies
882 4284 920 4338 al.
938 4290 1081 4360 quattuor
1095 4279 1291 4357 autquinque
1307 4281 1371 4349 ΑΒ,

227 4370 383 4435 Arsaniam,
401 4366 551 4423 Beckerus
567 4361 579 4443 Η
595 4363 649 4422 des
663 4360 700 4422 Β1
719 4364 732 4445 Η
749 4376 782 4426 10
792 4365 874 4423 iusta
891 4361 943 4446 ΒΗ
960 4363 1086 4424 formala
1104 4359 1168 4421 ΑΒ1
