3202 4998
262 388 326 449 432
488 454 498 467 ,
583 411 805 458 or’aesrrenes
827 411 1052 452 sveronrnunr.

262 554 423 633 bergensis
438 556 515 615 liber
538 555 590 635 (A)
612 569 781 637 corruptam
802 562 976 620 memoriam
996 563 1027 619 in
1052 561 1173 621 relicuis
1202 563 1340 622 omnibus
1364 565 1398 623 li-

262 655 324 715 bris
339 654 371 714 ut
386 658 419 714 fit
435 656 638 718 oblitteratam
651 661 779 739 praebet
793 662 890 721 hence
910 666 1096 737 Trarrquillur
1122 669 1150 721 in
1168 675 1269 738 partas
1291 687 1346 725 raon
1365 671 1399 724 li-

261 761 357 816 bertia
385 758 516 817 feliciter
531 759 621 835 igitur
634 782 691 819 non
709 767 816 822 libertis
832 764 983 823 intellexit
1000 773 1168 841 corruptum
1187 786 1254 825 esse
1274 787 1310 826 ex
1332 788 1396 825 non.

260 863 305 916 lib.
336 860 365 918 id
384 869 430 918 est
448 880 523 919 norro
543 865 625 922 libro.
662 883 771 943 nempe
788 864 930 924 librarius
952 884 1019 922 cum
1040 863 1137 942 ipsum
1155 877 1307 944 pratorum
1327 871 1397 927 titu-

260 960 321 1019 lum
346 962 404 1020 iam
427 982 486 1021 non
508 973 686 1040 agnosceret
709 966 799 1023 etiam
827 966 904 1024 haec
929 966 1099 1044 conpendia
1118 988 1179 1026 non
1197 978 1316 1046 poterat
1337 990 1398 1028 non

259 1083 419 1142 perperam
434 1064 636 1144 interpretari.
669 1086 747 1145 quae
765 1067 985 1125 emendationis
1004 1068 1081 1125 ratio
1101 1068 1304 1146 praeferenda
1323 1090 1396 1129 saue

260 1172 306 1222 est
321 1165 413 1222 Rothi
430 1166 609 1244 suspicioni,
632 1168 746 1247 quade
766 1170 948 1245 glossemate
966 1170 1109 1245 cogitavit
1130 1171 1160 1227 in
1174 1171 1256 1231 hunc
1276 1170 1397 1231 modirm

259 1264 463 1324 restituendo:
506 1286 607 1326 nomen
629 1272 702 1327 libri.
740 1272 894 1347 egregium
916 1270 1034 1330 scilicet
1055 1270 1111 1328 sibi
1134 1271 1220 1331 finxit
1242 1272 1397 1332 librarium

258 1366 354 1445 quiin
370 1366 652 1446 depravatapnrtes
669 1371 819 1449 scriptura
837 1393 947 1430 nornen
971 1371 1040 1429 libri
1063 1372 1160 1431 latere
1179 1375 1395 1453 perspexisset.

184 1517 189 1529 ‚
259 1475 350 1545 atque
367 1478 452 1526 extat
466 1470 556 1527 etiam
573 1470 655 1528 aliud
676 1473 707 1529 iu
730 1472 813 1531 libris
835 1474 1056 1545 testimonium,
1082 1465 1167 1532 cuius
1188 1474 1395 1534 condicionem

257 1574 317 1625 no'n
338 1569 488 1627 diversam
510 1569 549 1628 ab
569 1570 621 1629 illo
642 1571 800 1630 Beckerus
820 1571 934 1631 habere
950 1573 1067 1633 debuit.
1101 1575 1131 1633 in
1149 1595 1174 1633 c.
1198 1577 1277 1633 enim
1292 1586 1327 1638 tt
1345 1576 1396 1634 nbi

258 1668 364 1726 iterum
380 1669 515 1729 Isidorus
529 1671 700 1750 Tranquilli
723 1673 932 1732 auctoritatem
947 1687 1074 1754 usurpat
1088 1678 1119 1734 in
1136 1675 1302 1736 Oxoniensi
1318 1678 1395 1736 libro

257 1778 409 1848 pratorum
429 1772 616 1851 inscriptioni
638 1773 714 1833 haec
735 1775 878 1833 adiuncta
900 1786 969 1835 sunt
986 1782 1014 1835 in
1034 1782 1194 1837 annalibus.
1227 1777 1395 1857 quodcum

256 1892 344 1930 nemo
361 1873 457 1951 possit
469 1891 522 1949 pro
539 1873 718 1935 emblemate
733 1875 865 1949 habere,
892 1876 1047 1937 librarium
1062 1884 1140 1956 pulo·
1152 1899 1211 1958 quo
1227 1879 1344 1938 titulum
1359 1879 1394 1937 li·

256 1972 303 2032 bri
314 1973 486 2050 refingeret,
499 1995 566 2033 cnm
581 1975 676 2034 verba
687 1982 715 2035 tir
724 1983 822 2052 pratis
833 1999 893 2054 non
905 1979 1106 2057 intellegeret,
1120 1978 1249 2040 eundem
1259 1979 1328 2038 libri
1341 2000 1393 2038 nu·

256 2094 369 2132 merum
380 2094 446 2133 raon.
455 2079 500 2133 lib.
509 2076 540 2133 in
551 2076 631 2135 hunc
639 2098 750 2136 novum
757 2077 976 2138 Suetonianum
985 2079 1115 2139 indicem
1128 2081 1302 2141 detorsisse.
1316 2102 1394 2162 quae

256 2177 1393 2263 infelicissimacorrectiogravioremetiamcorruptelamprocreavit,quam

255 2279 407 2338 Arevalus
424 2282 454 2338 in
472 2278 630 2337 Vaticanis
641 2278 726 2339 libris
741 2282 803 2358 legi
817 2290 946 2340 testatur
959 2288 990 2341 ia
1006 2287 1157 2343 caedibus
1173 2289 1254 2343 libris
1263 2294 1393 2358 patrum.

339 2380 451 2439 Nancti
477 2384 570 2459 igitur
594 2405 695 2443 suurus
711 2403 820 2441 nonum
845 2391 999 2462 pratorum
1018 2383 1145 2458 librum,
1164 2406 1223 2465 quo
1238 2386 1393 2444 naturales
1441 2442 1444 2447 ,

254 2479 326 2538 illae
349 2484 541 2560 quaestiones
562 2484 600 2543 de
622 2486 722 2545 ventis
744 2483 781 2542 de
805 2484 899 2561 signis
922 2493 1137 2564 tempestatum
1163 2485 1200 2544 dc
1222 2485 1393 2546 nominibus

255 2582 345 2639 meris
362 2592 392 2640 et
403 2584 557 2645 fluminum
572 2584 811 2647 continebantur.
839 2585 898 2643 iam
913 2589 1084 2647 memineris
1096 2588 1188 2646 velim
1203 2588 1392 2647 Priscianum

255 2684 371 2745 dierum
386 2687 532 2748 fastorum
547 2688 732 2747 notationem
752 2685 863 2745 diserte
885 2697 1026 2765 repetere
1048 2708 1087 2747 ex
1107 2700 1215 2747 octavo
1237 2698 1392 2768 pratorum

253 2786 340 2845 libro.
371 2789 451 2866 quod
471 2810 538 2849 oum
554 2791 597 2847 ite
612 2791 666 2861 sit,
682 2809 744 2847 non
759 2808 833 2846 sane
850 2786 976 2848 audacis
997 2789 1125 2848 hominis
1143 2800 1190 2848 est
1203 2789 1301 2857 eidem
1315 2790 1392 2849 libro

254 2889 354 2947 omnia
367 2909 404 2948 ea
415 2892 576 2949 restituere
584 2909 662 2970 quae
671 2889 820 2947 Isidorum
830 2889 902 2948 inde
915 2893 1177 2971 septimumque
1190 2891 1228 2950 ad
1237 2911 1262 2953 o.
1273 2898 1392 2951 scitum

254 2993 391 3071 exeeptis
406 2994 450 3062 eis
464 2991 593 3071 quaeda
611 2990 803 3050 hebdomada
816 3000 846 3050 et
858 2990 896 3051 de
919 2992 1082 3051 concordia
1092 2993 1238 3051 mensium
1256 2992 1391 3051 docuite

254 3091 397 3152 Suetonio
408 3093 545 3153 transisse
557 3093 768 3152 intelleximus.
782 3092 862 3171 quod
875 3094 900 3152 si
910 3093 1102 3172 probaveris,
1117 3095 1185 3174 ipsa
1193 3093 1335 3153 librorum
1346 3095 1392 3153 vi·
1445 3080 1449 3087 ¹

254 3193 379 3251 ciuitate
386 3193 536 3253 Isidorum
545 3195 636 3253 etiam
648 3194 768 3254 facilius
783 3215 818 3253 eo
832 3194 995 3254 adductum
1008 3214 1076 3254 esse
1083 3194 1233 3254 concedes
1245 3203 1278 3253 ut
1290 3195 1390 3254 diver-

252 3294 371 3353 sissima
382 3294 526 3355 librorum
541 3304 719 3373 argumenta
729 3298 759 3355 in
775 3316 867 3355 unum
879 3297 1032 3355 conflaret
1048 3296 1109 3355 iam
1121 3295 1331 3376 inquirendum
1344 3305 1391 3354 est

253 3396 444 3469 accuratius,
469 3398 621 3477 quodnam
639 3398 729 3457 fuerit
745 3400 846 3457 octavi
866 3397 934 3458 libri
953 3406 1170 3475 argumentum.
1193 3396 1274 3475 quod
1287 3396 1390 3456 dicere

253 3498 311 3557 etsi
322 3499 352 3557 in
363 3499 492 3577 proclivi
505 3508 568 3571 cst,
586 3509 687 3558 tamen
700 3519 759 3578 quo
771 3500 804 3559 id
815 3499 980 3576 significem
992 3497 1145 3557 lubentius
1156 3497 1262 3557 diserti
1275 3496 1389 3557 Suidac

200 3602 206 3609 '
253 3601 283 3657 in
299 3600 438 3677 catalogo
454 3599 507 3659 illo
525 3600 585 3659 iam
601 3601 722 3679 saepius
740 3599 779 3660 ad
797 3610 899 3679 partes
919 3610 1029 3659 vocato
1041 3608 1109 3658 utor
1127 3599 1316 3672 testimonio,
1328 3619 1389 3679 qno

252 3690 837 3782 Tranquillummelroduard‘Pepulooc
845 3695 981 3759 ἐνιαυτοῦ
989 3700 1097 3759 lib'rnrn
1105 3698 1388 3780 singularemsorip·
1477 3714 1479 3719 '

252 3807 329 3863 sisse
345 3802 493 3862 adfirmat.
510 3801 598 3861 vides
616 3804 647 3860 in
665 3802 744 3861 huno
762 3802 893 3861 iudicem
912 3803 1024 3880 optime
1038 3800 1204 3880 quadrare,
1218 3820 1296 3880 quae
1307 3801 1387 3876 frag·

251 3904 361 3963 menes
380 3900 454 3967 ns*
467 3902 522 3981 (Is.
541 3914 572 3975 r,
592 3914 615 3964 ι.
628 3903 659 3982 a)
681 3900 754 3967 ue*
773 3902 847 3981 (aa
861 3902 889 3981 s)
904 3898 980 3964 ne*
1000 3896 1273 3979 (nlrrs*(4)1n*
1291 3900 1387 3978 (ede

252 4025 330 4063 anno
349 4005 554 4064 Romanorum
585 4005 691 4083 eisque
713 4023 792 4082 quae
813 4004 873 4062 huo
898 4004 1070 4082 pertineant
1097 4011 1296 4081 exponuntur.
1335 4003 1387 4060 vir

251 4125 328 4184 opus
345 4113 392 4164 est
406 4090 509 4163 dicere
525 4123 563 4162 cx
578 4103 714 4163 eiusdem
730 4106 898 4181 argumenti
913 4104 1110 4163 continuitate
1129 4103 1245 4163 dierum
1263 4102 1387 4177 conglu-

249 4206 375 4265 vialium
387 4205 593 4265 definitionem
603 4207 764 4285 repetitam
778 4224 847 4266 esse
859 4225 948 4285 quarn
960 4204 1126 4264 scholiasta
1134 4205 1251 4263 Lucani
1265 4204 1386 4281 (fragm.

252 4307 315 4384 lte)
334 4306 479 4366 Suetonio
496 4315 653 4386 acceptam
669 4306 773 4366 refert.
794 4306 855 4366 iam
865 4325 939 4366 vero
951 4304 1087 4364 Isidorus
1103 4303 1261 4377 eademde
1277 4323 1309 4362 rc
1325 4303 1387 4363 alis

251 4407 394 4487 praebet,
423 4428 501 4487 quae
529 4428 596 4466 curn
623 4408 740 4467 nullum
766 4427 868 4465 eorum
894 4417 1049 4465 auctorem
1075 4404 1211 4464 indicare
1236 4405 1386 4482 possimus
