3186 4996
236 414 274 475 64
470 463 482 485 ,
606 436 648 475 na
671 436 759 477 vrnrs
779 418 993 477 mnrs'ramrs

623 505 629 527 Ι

236 590 347 665 egerat
374 603 447 645 cum
476 581 591 662 Vario,
625 583 814 668 priusquam
835 581 933 646 Italia
961 583 1147 665 decederet,
1180 592 1217 646 ut
1242 583 1371 669 siquid

236 680 298 745 sibi
330 682 504 745 accidisset
542 683 691 747 Aeneida
723 684 942 767 combureret3
994 683 1049 748 sed
1083 686 1111 747 is
1140 680 1300 748 facturum
1337 707 1371 748 se
1409 713 1414 723 ·
1466 702 1468 709 ’

234 791 438 868 pernegarat.
472 784 572 869 igitur
595 785 628 847 in
652 794 797 849 extrema
819 784 1006 850 ualetudine
1022 786 1153 849 assidue
1175 787 1296 850 scrinia
1317 785 1370 849 de·

236 884 393 948 siderauit
422 894 623 948 crematurus
656 886 741 972 ipse:
793 908 906 950 uerum
940 887 1068 950 nemine
1102 887 1257 952 offerente
1288 886 1369 950 nihil

235 985 365 1071 quidem
385 987 576 1050 nominatim
599 986 639 1051 de
661 1009 700 1051 ea
723 989 826 1068 cauit,
853 996 994 1052 ceterum
1019 988 1124 1052 eidem
1145 987 1246 1051 Vario
1268 1009 1306 1050 ac
1329 987 1391 1051 sis

234 1085 302 1150 mul
323 1085 452 1151 Tuccae
475 1089 595 1172 scripta
621 1110 681 1161 sua
703 1088 763 1152 sub
787 1111 826 1153 ea
852 1089 1037 1153 conditione
1061 1088 1199 1174 legauit,
1230 1111 1271 1152 ne
1292 1088 1386 1175 quid,

234 1188 369 1253 ederent
393 1188 477 1275 quod
500 1210 565 1252 non
594 1210 614 1252 a
640 1212 675 1253 se
697 1189 820 1253 editum
846 1200 943 1254 esset.
980 1189 1084 1256 edidit
1108 1201 1215 1254 autem
1240 1200 1371 1255 auctore

234 1290 384 1374 Augusto
401 1290 519 1353 Varius
540 1289 597 1353 sed
612 1292 795 1354 summatim
812 1292 996 1368 emendata,
1009 1301 1053 1357 ut
1071 1294 1126 1379 qui
1144 1312 1258 1355 uersus
1273 1293 1369 1354 etiam

234 1390 431 1477 inperfectos
460 1393 546 1455 sicut
570 1404 663 1455 erant
687 1391 873 1476 reliquerit,
902 1415 982 1479 quos
1005 1393 1096 1457 multi
1122 1415 1199 1471 mox
1221 1391 1371 1479 supplere

235 1494 341 1558 conati
362 1514 428 1557 non
453 1493 588 1578 perinde
611 1491 784 1557 ualuerunt
806 1493 1117 1576 oli-'difficultatem
1148 1493 1235 1580 quod
1263 1496 1405 1558 omniaru

234 1593 303 1658 fere
326 1595 410 1681 apud
440 1617 512 1657 cum
540 1579 743 1658 hemistichia
771 1593 920 1659 absoluto
942 1597 1150 1683 perfectoque
1173 1604 1247 1658 sunt
1274 1617 1370 1659 sensu

233 1706 362 1781 praeter
383 1695 480 1759 illud:
525 1700 638 1781 ‘quem
667 1696 726 1759 tihi
754 1694 881 1761 Troia’.
905 1666 1029 1765 illisus
1057 1699 1286 1781 grammaticus
1315 1718 1369 1759 au·

235 1797 322 1861 disse
330 1820 365 1862 se
377 1819 397 1861 a
408 1796 589 1861 senioribus
601 1796 718 1876 aicbat,
731 1796 866 1861 Varium
878 1798 1042 1881 [duorum]
1056 1798 1210 1863 librorum
1225 1797 1369 1862 ordinem

234 1908 450 1963 commutasse
478 1908 510 1963 et
538 1899 593 1984 qui
614 1920 701 1962 nunc
728 1899 889 1981 secundus
916 1899 958 1962 sit
986 1899 1035 1981 (in
1062 1901 1216 1985 primum,
1240 1901 1369 1962 tertium

320 2106 331 2154 l
351 2120 409 2169 sqq.
444 2105 551 2155 Plinius
569 2105 601 2154 N.
620 2104 656 2153 H.
675 2104 786 2166 vl130‚
806 2104 851 2155 31:
888 2106 984 2156 ‘Diues
1002 2106 1140 2169 Augustus
1164 2104 1286 2155 carmina
1304 2105 1369 2154 Ver-

234 2174 284 2239 gili
307 2172 423 2222 cremari
447 2181 544 2222 contra
567 2174 625 2221 eius
649 2174 809 2222 testamenti
831 2174 1026 2223 uerecundiam
1054 2175 1141 2222 uetuit
1164 2174 1304 2237 maiusque
1333 2174 1371 2220 ita

234 2243 292 2291 uati
311 2242 496 2293 testimonium
520 2241 651 2305 contigit,
676 2242 798 2305 quamsi
819 2242 878 2306 ipsc
906 2257 956 2290 sua
978 2239 1172 2305 probauissct.’
1209 2242 1244 2293 cf.
1265 2240 1371 2289 llellins

233 2310 311 2359 XVII
334 2308 377 2371 10,
396 2309 411 2356 i
430 2309 588 2358 Macrobius
607 2313 659 2357 sat.
679 2309 756 2371 1⁶24,
774 2306 799 2360 6.

251 2389 253 2393 ·
320 2376 351 2427 13
362 2392 420 2441 sqq.
439 2377 550 2427 Servius
563 2378 650 2442 prael.
666 2377 748 2427 Aen:
769 2376 851 2427 ‘Ordo
869 2393 973 2441 quoque
988 2377 1150 2426 manifestus
1169 2382 1219 2438 est,
1233 2376 1300 2425 licet
1313 2376 1370 2439 qui·

235 2445 296 2494 dam
303 2444 438 2510 superflue
451 2444 554 2507 dicant,
568 2444 714 2494 secundum
727 2445 840 2509 primum
855 2461 914 2493 esse
928 2446 1038 2494 tertium
1054 2445 1201 2493 secundum
1216 2453 1243 2493 ct
1255 2445 1370 2508 primum
1410 2473 1418 2489 .

234 2513 359 2562 tertiumz
384 2512 445 2561 ideo
464 2514 529 2577 quia
546 2515 633 2577 prime
651 2512 731 2561 Iliurn
750 2513 878 2573 concidit,
899 2518 961 2577 post
982 2514 1086 2561 errauit
1109 2515 1231 2572 Aeneae,
1255 2512 1318 2560 iude
1337 2511 1371 2560 ad

234 2582 351 2631 Didonis
373 2596 461 2645 regua
483 2579 622 2645 peruenit:
650 2580 806 2628 nescientes
835 2580 906 2629 banc
930 2597 990 2628 ‹rssc
1016 2586 1101 2629 artem
1124 2583 1277 2644 poeticam,
1301 2585 1330 2628 ut
1355 2595 1370 2627 a

234 2650 331 2698 mediis
361 2649 527 2713 incipientes
555 2664 603 2712 per
627 2649 811 2696 narrationem
836 2648 869 2696 ad
893 2650 980 2711 prima
1003 2649 1146 2697 redeamus
1170 2656 1197 2696 et
1219 2662 1273 2696 uon
1296 2662 1370 2695 num-

235 2733 314 2780 quam
334 2716 426 2764 lutura
444 2730 685 2780 praeoccupemus
705 2721 734 2763 ut
752 2731 800 2779 per
819 2716 1055 2765 uaticinationem.
1092 2716 1162 2779 quod
1181 2714 1274 2763 etianfl
1283 2715 1371 2763 Hora·

233 2786 289 2833 tius
307 2785 348 2833 sic
360 2785 498 2848 praecipit
516 2784 545 2831 in
558 2787 616 2832 arte
635 2784 758 2846 poetica:
778 2783 814 2831 Vt
832 2784 887 2831 iam
905 2798 976 2832 nunc
990 2784 1064 2831 dicat
1078 2784 1132 2831 ianr
1150 2798 1221 2831 nunc
1241 2783 1372 2835 debentia

233 2852 299 2915 dici,
318 2851 453 2915 Pleraque
471 2850 582 2899 differat
600 2854 629 2899 ct
645 2866 776 2915 praesens
790 2851 818 2898 in
835 2858 942 2915 tempus
954 2851 1072 2901 omittat,
1110 2851 1180 2899 unde
1197 2856 1306 2900 constat
1324 2866 1369 2914 pe·

232 2921 285 2969 rite
304 2920 404 2969 secisse
424 2916 588 2984 Virgilium?
668 2916 670 2921 ‘

235 3107 273 3166 de
294 3109 360 3185 ipsa
381 3106 488 3166 eadem
512 3126 544 3165 re
564 3124 671 3165 uersus
685 3106 789 3185 plures
812 3118 847 3165 et
859 3106 1034 3178 clarissimi,
1053 3125 1179 3184 quornm
1193 3100 1314 3163 initium
1329 3106 1371 3163 ita

235 3202 295 3251 est:
321 3193 462 3268 ‘Ergone
477 3191 624 3270 supremis
639 3193 737 3270 potuit
751 3211 811 3261 uox
828 3191 964 3269 improba
975 3190 1076 3256 uerbis
1091 3190 1169 3248 Tam
1181 3189 1276 3248 dirum
1289 3210 1370 3248 man·

235 3278 307 3337 dare
323 3276 430 3335 nefas?
449 3296 520 3353 crgo
534 3276 588 3334 ibit
603 3277 634 3334 in
651 3279 735 3353 ignes
751 3277 924 3356 Magnaque
945 3275 1110 3354 doctiloqui
1127 3275 1271 3333 morietur
1283 3275 1372 3334 Musa

233 3361 403 3425 Maronisi’
435 3372 466 3420 et
488 3362 683 3439 paulopost:
714 3361 787 3420 ‘scd
812 3362 914 3437 legum
935 3359 1085 3418 seruanda
1105 3360 1195 3418 fides:
1230 3380 1371 3438 suprema

233 3449 373 3506 uoluntas
389 3447 479 3525 Quod
495 3446 619 3504 mandat
634 3447 759 3526 librique
776 3446 874 3517 iubet,
894 3466 1001 3523 parere
1019 3464 1145 3503 neccsse
1164 3454 1219 3503 est.
1236 3447 1370 3521 Franga-

235 3545 282 3592 tm·
298 3535 397 3611 potius
414 3532 515 3610 legum
531 3531 708 3590 ueneranda
719 3541 873 3611 potestas:
903 3530 1002 3607 Quam
1022 3539 1067 3588 tot
1086 3539 1245 3607 congestos
1268 3540 1372 3589 noctes
1416 3566 1421 3579 ι

236 3619 363 3698 diesque
383 3618 505 3677 labores
521 3618 669 3676 Hauserit
687 3636 748 3676 una
766 3616 858 3675 dies.'
891 3624 921 3673 ct
937 3636 974 3674 ea
990 3635 1069 3694 quae
1089 3624 1263 3694 sequuntur.
1296 3613 1371 3671 nihil

236 3705 326 3781 igitur
341 3713 465 3763 auctore
478 3707 615 3781 Augusto
633 3703 743 3760 Varius
758 3700 854 3761 edidit
875 3699 1007 3779 (addidit
1023 3699 1233 3778 Burmannus),
1249 3697 1328 3777 quod
1342 3708 1373 3756 et

235 3790 320 3848 Maro
335 3799 550 3868 praeceperat,
581 3787 636 3847 sed
651 3788 820 3863 summatim
836 3785 1025 3857 emendauit,
1044 3787 1143 3865 utqui
1161 3804 1265 3843 uersus
1281 3785 1372 3841 etiam

182 3880 192 3893 “
237 3876 429 3953 imperfectos
446 3877 469 3932 si
487 3874 538 3952 qui
555 3880 642 3931 erant
656 3873 788 3952 reliquit.
815 3872 870 3931 hos
886 3871 971 3930 multi
986 3890 1057 3929 mox
1078 3871 1221 3947 supplere
1239 3869 1338 3927 conati
1356 3889 1374 3937 ς

236 3956 240 4041 l
266 3970 275 4020 l
295 3980 368 4017 uaro
389 3954 474 4040 Rii‘2
494 3959 547 4017 sed
562 3963 680 4030 scripsi:
702 3968 732 4016 ct
752 3959 804 4015 BR
819 3951 833 4039 ll
849 3976 939 4035 super
953 3965 1082 4032 negarat
1099 3958 1125 4013 R
1141 3951 1154 4035 ΙΙ
1170 3965 1186 4017 3
1203 3953 1372 4012 ualitudine

235 4047 262 4102 R
282 4040 295 4126 ΙΙ
314 4056 330 4106 5
346 4047 460 4103 naroli
482 4039 495 4125 ll
515 4055 532 4107 8
547 4062 637 4101 uarus
653 4045 679 4099 R
695 4036 708 4124 ΙΙ
723 4041 945 4122 9impcrfectos
962 4044 1010 4107 Βς
1023 4035 1036 4123 Η
1050 4041 1129 4098 sicut
1144 4043 1319 4098 Gronovius:
1346 4038 1371 4095 si

235 4131 287 4210 qui
300 4131 376 4199 eng
389 4124 402 4211 ll
421 4141 448 4190 ll
463 4148 529 4188 eum
543 4149 596 4187 om.
611 4131 637 4184 B
651 4122 664 4207 ΙΙ
681 4128 859 4186 emisthieha
871 4130 897 4182 B
913 4122 926 4205 Η
939 4125 1130 4183 hemistichia
1142 4132 1263 4203 praeter
1280 4122 1370 4181 illud:

235 4214 354 4292 ‘Quem
367 4214 422 4273 tibi
441 4215 499 4273 iam
514 4214 608 4272 Troia
629 4213 765 4292 peperit’
782 4233 902 4271 sensum
918 4209 1059 4269 uidentur
1073 4209 1187 4268 habere
1204 4209 1373 4286 perlectum

235 4298 363 4383 qllsunt
381 4319 435 4356 om.
461 4303 489 4356 B
510 4294 651 4378 {sensum
674 4299 700 4354 R
716 4292 730 4379 Η
751 4307 782 4360 13
803 4317 903 4356 seem.
926 4289 1292 4377 Bssdiccbatgssuamm
1313 4296 1340 4350 B
1358 4290 1370 4374 ll

234 4387 358 4445 duorum
379 4388 484 4441 seclusi
496 4378 500 4463 l
528 4394 558 4444 ll
577 4385 628 4461 qui
651 4403 731 4441 nunc
750 4380 902 4440 'sccundus
923 4382 961 4439 sit
977 4382 1032 4437 BR
1056 4381 1107 4459 qui
1132 4394 1193 4438 tum
1220 4378 1372 4437 sccundus

234 4480 300 4533 erat
313 4493 331 4542 ς
344 4457 357 4553 ss
372 4471 402 4527 in
414 4468 554 4548 primum,
566 4469 685 4527 tertium
697 4465 919 4542 inmundum,
930 4467 1056 4546 primum
1072 4469 1193 4525 adelidis
1206 4467 1304 4524 Serota
1316 4468 1334 4523 l.
1346 4483 1371 4523 c.
