3202 4998
254 466 317 531 380
592 487 813 537 Qvausrrouus
837 486 1062 529 svarountusu

253 646 466 720 conponuntur
484 659 552 699 cum
568 638 647 720 epici
659 639 801 699 carminis
817 647 848 699 et
863 638 1039 699 comoediae
1055 638 1201 720 mimique
1216 613 1415 700 definitioni-⁰

252 742 324 815 bus,
351 761 405 803 eas
426 760 528 803 omnes
551 739 686 800 eiusdem
708 741 842 800 auctoris
857 761 924 800 esse
939 740 1050 802 elucet.
1088 761 1146 803 neo
1162 739 1287 802 audacis
1302 742 1397 802 borni·

252 844 301 905 nis
326 842 468 904 videatur
490 843 610 921 lougius
635 841 779 923 progredi
807 850 837 902 et
863 843 960 922 ipsam
981 842 1130 922 poematis
1153 844 1185 903 in
1205 844 1265 903 tria
1284 862 1399 923 genera

254 943 478 1005 distinctionem
490 965 545 1026 pro
557 944 793 1024 Theophra-stes
804 944 925 1004 habere.
938 962 996 1005 nec
1005 942 1228 1023 neglegendum
1241 955 1288 1011 est
1297 944 1397 1007 Theo·

253 1046 410 1126 phrasturu
432 1045 541 1108 eadem
562 1047 663 1126 poesis
684 1064 800 1126 genera
821 1047 980 1119 statuisse,
1009 1067 1089 1130 quae
1108 1045 1199 1108 Plato
1227 1044 1267 1106 de
1289 1067 1322 1108 re
1341 1068 1397 1127 pu·

253 1146 335 1208 bliea
346 1148 396 1207 III
409 1146 537 1231 rotbsq.
549 1147 768 1226 distinguenda
779 1168 848 1209 esse
860 1147 1033 1211 arbitratur.
1063 1146 1119 1209 sed
1135 1168 1214 1229 quae
1231 1148 1321 1209 Plato
1331 1148 1354 1209 l.
1371 1169 1398 1209 o.

254 1250 351 1328 magis
367 1251 440 1311 iecit
456 1268 548 1332 quarn
558 1252 713 1330 exposuit,
729 1249 812 1329 apud
821 1248 1004 1311 Diomedem
1019 1251 1062 1311 sic
1077 1251 1285 1329 proferuntur,
1300 1261 1333 1311 nt
1344 1270 1397 1330 pa-

253 1359 319 1411 teat
328 1350 422 1410 alium
434 1362 502 1432 post
512 1351 673 1413 Platonem
685 1360 716 1413 et
726 1351 924 1411 Aristotelem
936 1351 1018 1412 illius
1029 1352 1214 1413 sententiam
1226 1361 1397 1414 executum.

339 1454 415 1513 Post
430 1454 511 1513 itanc
524 1452 746 1537 praefationem
759 1453 959 1535 Tranquillus
974 1452 1055 1513 vitas
1069 1462 1227 1535 poetarum
1244 1456 1400 1516 enarravit

255 1554 300 1612 its
318 1562 353 1614 ut
366 1573 419 1614 eos
435 1554 571 1616 ordinem
589 1574 650 1637 quo
666 1555 809 1615 vixerunt
821 1564 943 1615 secutus
954 1556 1027 1616 inde
1039 1576 1060 1615 a
1072 1555 1142 1615 Livi
1157 1564 1260 1619 aetate
1276 1574 1398 1618 enume-

254 1664 347 1715 rarat.
378 1655 583 1717 Mommsenus
598 1655 722 1739 quidem
738 1655 757 1715 l.
777 1676 802 1715 c.
819 1676 850 1736 p.
865 1664 918 1723 ott
933 1657 1044 1719 librum
1058 1657 1097 1718 de
1109 1660 1209 1738 poetis
1224 1658 1399 1741 bipertitum

257 1757 351 1817 fnisse
367 1758 514 1830 coniecit,
533 1758 563 1818 in
585 1759 684 1819 altera
704 1760 785 1819 enirn
803 1768 892 1839 parte
907 1756 1122 1842 Tranquillum
1137 1768 1243 1841 poetas
1254 1762 1275 1821 i.
1291 1780 1319 1822 e.
1336 1763 1399 1843 epi·

257 1878 310 1920 cos
324 1858 463 1920 satiricos
475 1860 604 1944 lyricos,
616 1861 647 1921 iu
660 1858 759 1921 altera
770 1858 995 1923 comoediarum
1005 1860 1233 1940 tragoediarum
1245 1860 1400 1923 mimorum

255 1962 422 2041 scriptores
443 1964 592 2043 posuisse.
625 1963 683 2025 scd
700 1962 778 2023 haec
797 1964 975 2024 coniectura
991 1960 1142 2037 refellitur
1156 1963 1218 2026 iliis
1234 1964 1399 2045 praefatio-

256 2062 304 2123 nis
319 2066 472 2143 excerptis
490 2064 649 2126 Diomedis
668 2084 762 2147 opera
776 2065 922 2142 servatis,
937 2066 1047 2149 quibus
1062 2066 1154 2127 aliam
1163 2065 1311 2129 Suetonio
1327 2087 1400 2148 poc·

257 2174 370 2227 matum
385 2165 565 2227 diuisionem
582 2167 740 2248 probatam
753 2166 848 2227 fnisse
862 2156 1022 2242 docemur,
1038 2180 1095 2229 uec
1111 2167 1206 2231 babet
1219 2188 1274 2248 per
1285 2190 1319 2231 se
1333 2170 1401 2250 ipsa
1478 2165 1482 2171 ’

258 2287 318 2349 quo
337 2267 570 2330 commendetur.
597 2289 667 2330 nam
682 2279 716 2329 ut
731 2270 794 2329 alia
808 2269 960 2342 omittam,
974 2270 1099 2331 ubinam
1110 2270 1229 2353 positus
1246 2280 1327 2332 esset
1337 2272 1401 2332 En·

257 2369 326 2433 nius
349 2369 542 2431 multiformis
560 2370 613 2431 ille
636 2371 688 2432 rel
706 2368 842 2435 biformis
860 2369 986 2451 saltem,
1010 2372 1034 2432 si
1054 2372 1324 2435 Mommsenianam
1341 2372 1401 2435 dis·

259 2472 437 2553 eriptionem
453 2483 589 2554 spectas,
607 2473 722 2553 poeta?

342 2572 428 2636 Libri
442 2584 543 2635 autem
556 2575 594 2636 do
607 2576 708 2655 poetis
725 2575 838 2637 claram
854 2576 1018 2657 imaginem
1027 2582 1263 2656 repraesentent
1273 2596 1402 2659 eaquae

257 2678 464 2762 Hieronymus
480 2678 511 2736 in
527 2678 671 2737 chronico
687 2676 759 2738 inde
772 2677 901 2757 recepit.
937 2676 1019 2758 apud
1041 2697 1110 2741 eum
1127 2678 1207 2739 euim
1224 2677 1262 2740 de
1277 2679 1403 2758 triginta

258 2790 417 2859 poetarum
442 2779 514 2840 vitis
540 2779 713 2857 fragmenta
735 2787 932 2859 supersunt,
956 2789 988 2839 ut
1009 2796 1071 2841 nou
1092 2778 1184 2840 facile
1204 2777 1312 2841 credas
1334 2800 1403 2841 eum

259 2880 370 2940 multos
387 2880 640 2961 praetermisisse.
669 2890 731 2942 tres
742 2890 845 2943 tamen
861 2900 976 2962 eosque
992 2880 1174 2942 clarissimos
1187 2868 1295 2964 poetas
1313 2883 1403 2942 omis-

259 3000 309 3043 sos
325 3001 394 3043 csse
412 2983 537 3057 seimus,
558 2980 718 3043 Afranium
732 2982 889 3045 'l'ibullum
903 2974 1108 3064 Propertium.
1137 2982 1244 3043 horum
1263 2984 1342 3043 enirn
1357 2984 1401 3043 vi·

259 3092 320 3147 tam
334 3102 354 3144 a
369 3081 517 3146 Suetonio
539 3084 733 3145 inlustratum
754 3082 850 3146 fuisse
871 3095 954 3148 certo
975 3084 1089 3144 indicio
1111 3087 1266 3163 arguitur,
1283 3105 1350 3146 curu
1370 3086 1403 3146 iu

258 3186 452 3266 praefatione
469 3186 630 3248 Afranium
652 3196 805 3249 auctorem
826 3186 1035 3260 tabernariae,
1050 3186 1207 3248 Tibullum
1224 3196 1255 3248 et
1273 3187 1402 3267 Proper·

258 3289 334 3349 tium
349 3291 532 3370 praecipuos
554 3290 720 3368 elegiarum
741 3290 903 3369 scriptores
921 3288 1134 3370 appellaverit.
1165 3288 1239 3369 quid
1263 3288 1347 3371 quod
1364 3288 1404 3350 de

258 3390 378 3451 Tibulli
395 3390 461 3451 vita
480 3392 686 3470 fragmemurn
699 3392 761 3452 nisi
778 3392 881 3471 opinio
895 3410 944 3451 me
959 3390 1041 3450 fallit
1060 3398 1192 3451 aetatem
1210 3390 1289 3451 tulit.
1307 3393 1339 3451 in
1354 3410 1403 3450 co·

260 3490 380 3554 dicibus
405 3495 486 3554 enim
506 3492 624 3554 Tibulli
649 3493 836 3574 epigramma
857 3490 970 3573 iegitur
991 3492 1108 3555 Domiti
1129 3492 1225 3553 Marsi
1247 3492 1286 3553 de
1306 3501 1403 3557 morte

258 3602 369 3676 poetae
384 3596 551 3670 inmatura,
564 3613 645 3677 qnae
658 3594 753 3655 multo
766 3593 914 3673 planioris
927 3595 1090 3656 memoriae
1104 3594 1256 3675 particula
1272 3593 1403 3654 videtur.

259 3699 354 3759 utitur
371 3698 449 3759 adeo
466 3696 630 3758 Suetonius
648 3697 821 3757 testimonio
844 3695 982 3759 eiusdem
996 3696 1112 3761 Domiti
1127 3696 1191 3770 bis,
1214 3697 1246 3756 in
1267 3696 1332 3756 vita
1347 3694 1403 3756 Or·

259 3799 316 3861 bili
329 3799 445 3878 Pupilli
461 3808 492 3861 et
504 3794 622 3860 Caecili
634 3798 780 3878 Epirotae
797 3798 1069 3878 grammaticorum.
1096 3799 1219 3859 tertium
1235 3797 1317 3858 infra
1328 3795 1404 3857 Sue·

260 3900 343 3962 tosio
358 3900 551 3962 restituemus
562 3900 680 3975 locum,
701 3920 762 3981 quo
780 3899 820 3960 ad
837 3899 967 3962 eandem
984 3901 1164 3983 provocavit
1184 3900 1403 3960 auctoritatem.

260 4001 317 4063 sed
331 4022 399 4063 eam
414 4003 542 4065 sentiam
556 4022 622 4064 rem
635 4024 697 4065 non
712 4002 803 4082 plane
818 4012 931 4063 certam
947 4023 1031 4079 esse,
1047 4000 1166 4063 Domiti
1183 3999 1351 4083 querellam
1366 3997 1405 4060 de

259 4113 357 4166 morte
372 4102 491 4167 Tibulli
506 4107 538 4165 in
553 4105 789 4186 fragmentorum
806 4124 963 4166 numerem
976 4107 1115 4186 racipere
1132 4122 1193 4165 non
1213 4103 1319 4163 ausim.

346 4206 453 4270 Redeo
477 4206 516 4267 ad
532 4208 767 4290 Hieronymum,
791 4209 877 4269 cuius
899 4209 996 4283 ratio,
1019 4226 1081 4287 qua
1104 4206 1227 4267 omniuo
1249 4205 1281 4263 in
1297 4224 1406 4265 excer-

259 4309 362 4388 peudo
374 4309 521 4374 Suetonio
536 4317 677 4371 versatus
694 4310 749 4383 sit,
767 4308 931 4389 diligenter
945 4306 1136 4369 inlustranda
1154 4306 1285 4366 ridetur.
1317 4314 1405 4366 retus

260 4413 354 4493 igitur
366 4432 432 4473 mos
451 4419 518 4472 erat
534 4418 672 4492 tempora
687 4411 860 4473 inlustrium
873 4411 1006 4471 virorum
1028 4411 1060 4470 in
1080 4409 1231 4470 chronicis
1247 4400 1405 4483 adnotare.

262 4516 300 4577 ef.
317 4512 438 4576 Gallius
455 4510 552 4575 XVII
566 4520 611 4575 nt.
641 4532 732 4595 quem
752 4513 784 4572 in
806 4510 957 4573 chronicis
975 4511 1037 4573 suis
1058 4510 1215 4573 christiani
1238 4517 1407 4589 temporum
