3194 5004
528 379 556 418 r.
573 376 762 421 srrsunnarr
779 380 1030 429 conunrnsrrs
1285 366 1343 429 531
1375 366 1380 375 “

214 528 322 599 meere
344 527 479 601 Vanus
502 544 580 587 noerrs
599 534 628 588 in
649 533 694 590 ilo
711 534 802 591 inclito
820 539 946 593 omnine
965 538 1006 593 ‘ri
1022 539 1177 595 cederdern
1190 536 1243 595 est’
1263 542 1350 614 inquii

214 625 302 696 ‘enir'‚
318 642 333 683 e
347 630 422 685 coelo
436 633 567 689 reddare
579 636 688 690 uetiam
724 632 860 712 Quorum
878 645 1014 696 extrema
1038 641 1142 697 ecaelo
1156 643 1286 698 recidam
1297 656 1347 699 ne·

213 729 259 784 nn
274 728 325 807 qui
341 729 381 788 ad
401 730 571 794 hexametri
590 735 771 816 principium
790 738 920 813 referat,
941 759 1003 799 non
1023 756 1120 821 posse.
1135 759 1196 799 non
1218 740 1347 801 haerere

212 830 243 888 in
262 831 308 891 eis
325 852 405 912 quae
419 836 608 914 praecedunt
622 856 748 898 numero
769 839 923 921 dactylico
939 851 1046 920 aperte
1065 842 1261 920 refragantia.
1292 845 1344 903 Li·

125 947 127 952 ’
210 931 312 994 berins
334 935 425 1014 igitur
444 948 557 1017 poetae
578 938 680 1000 serbis
697 941 847 1002 Senecam
866 962 953 1003 nsum
970 944 1062 1004 talem
1081 944 1182 1025 potins
1198 948 1229 1006 in
1244 952 1345 1007 mente

209 1033 351 1097 habuisse
367 1041 519 1099 senarium
533 1041 645 1101 videri:

410 1144 443 1200 Si
455 1144 524 1201 mr'ti
534 1147 688 1203 cadendum
703 1157 756 1217 ert,
771 1148 901 1205 cc'cirir'sse
914 1166 930 1206 e
943 1150 1021 1206 caeld
1034 1151 1122 1208 seim
1185 1140 1190 1151 '

208 1239 351 1304 Senarios
367 1256 468 1305 autern
489 1265 557 1305 oum
573 1246 663 1306 etiam
678 1249 793 1307 Donati
812 1250 981 1309 versiculos
997 1249 1185 1323 habeamum*
1199 1250 1275 1311 nilsil
1289 1252 1341 1313 olr-

206 1355 288 1407 rtare
302 1350 462 1427 quominus
479 1357 509 1408 at
521 1368 613 1408 unum
625 1349 816 1432 eundemque
830 1352 987 1431 uniusque
1002 1351 1156 1430 scriptoris
1168 1353 1341 1433 Vagellinnr

207 1449 365 1510 credamus
384 1460 415 1509 et
428 1451 558 1512 sortasse
576 1453 668 1511 etiam
688 1452 834 1512 ‘inclitum
852 1454 983 1513 oarmen'
1006 1453 1082 1513 illud
1097 1470 1156 1513 nou
1172 1456 1256 1515 aliud
1272 1470 1343 1518 esse
1426 1502 1438 1527 .

205 1552 262 1610 nisi
278 1552 457 1612 ‘Actionem’
473 1554 671 1633 suspicemur.
707 1554 795 1633 Quae
812 1557 837 1615 si
854 1564 939 1615 certe
951 1574 1012 1616 non
1027 1565 1112 1631 sunt,
1129 1565 1163 1615 at
1176 1558 1258 1619 reris
1271 1574 1340 1640 pre

203 1653 318 1733 pinqua
331 1653 438 1714 haberi
454 1664 605 1734 poterunt.
632 1654 694 1716 Sed
711 1657 749 1717 de
767 1659 899 1717 carmine
916 1678 1106 1739 quocumque
1122 1659 1211 1719 modo
1223 1660 1341 1723 indicas

202 1753 297 1830 bitur,
322 1758 437 1832 Vrpellii
449 1757 573 1838 quidem
593 1776 702 1819 nornen
717 1760 892 1820 coniectura
906 1770 1060 1840 repertum
1075 1780 1143 1822 esso
1162 1761 1342 1825 felicissima

203 1859 336 1933 confido,
355 1876 538 1942 quamquam
552 1882 613 1921 non
629 1862 751 1939 ignarus
768 1860 808 1920 ad
824 1863 923 1921 omnia
939 1863 1001 1921 alia
1016 1872 1047 1922 et
1062 1862 1109 1941 (ut
1125 1863 1218 1946 solet)
1238 1866 1341 1926 aliena·

202 1959 240 2020 de
256 1961 395 2021 Senecae
415 1962 520 2022 verbis
537 1962 736 2023 coniectando
752 1963 881 2023 eundern
897 1964 985 2023 ilium
999 1965 1156 2043 Vngerum
1174 1980 1269 2047 nuper
1285 1968 1337 2027 de-

166 2042 171 2051 *
200 2062 318 2142 lapsum
340 2083 408 2123 esse
435 2065 467 2123 in
492 2077 529 2123 ee
555 2067 807 2126 commentatione
830 2086 921 2149 quam
947 2065 986 2124 de
1007 2066 1126 2126 Lucani
1147 2068 1286 2129 Heliacis
1309 2086 1336 2129 a»

200 2174 270 2228 1858
284 2164 386 2226 edidit.
424 2165 573 2225 Nimirum
589 2166 710 2228 blandis
725 2167 887 2227 verborum
905 2167 1066 2227 lenociniis
1084 2182 1231 2230 semmam
1247 2171 1337 2231 nobis

198 2266 357 2327 lenitatem
376 2269 448 2328 talis
471 2270 703 2349 permutationis
723 2270 891 2330 litterarum
910 2270 1098 2350 persuadere
1116 2272 1218 2331 studet
1231 2288 1337 2354 ¹quae

197 2374 331 2444 sapritius
346 2370 400 2429 fiat
416 2388 485 2430 uero
499 2388 624 2430 minoas
637 2376 762 2431 lucanus.
1262 2392 1265 2396 ·

281 2471 356 2550 Peg.
369 2471 408 2533 it
417 2486 562 2534 sonuum
573 2473 657 2533 6-8
666 2473 744 2533 haec
757 2474 848 2533 estin
862 2482 967 2535 vetere
975 2473 1115 2534 Parisino
1130 2476 1264 2554 speciest
1281 2479 1337 2536 due

196 2588 268 2648 qnae
281 2584 420 2634 noconmr
433 2576 551 2650 fabulae
562 2580 642 2633 cuine
654 2585 730 2633 sunt.
769 2592 827 2634 non
838 2579 893 2634 iens
911 2581 959 2652 qni
970 2581 1040 2634 'iura
1055 2582 1168 2651 populis
1187 2580 1335 2637 recensita

195 2677 279 2734 dabat
296 2694 400 2734 summo
419 2678 524 2735 honore
540 2680 659 2751 affatur
675 2679 742 2752 fecit
760 2678 879 2751 fundos.
917 2679 987 2736 Nee
1005 2677 1130 2737 multum
1152 2680 1245 2739 ceteri
1261 2674 1331 2739 libri

196 2775 380 2857 discrepant,
392 2777 450 2837 nisi
467 2777 549 2860 quod
563 2798 617 2858 pro
629 2781 778 2837 recentibus
789 2781 821 2837 in
834 2779 990 2860 plerisque
1006 2784 1208 2840 recensentibus
1221 2790 1331 2856 exstat,

194 2882 394 2938 recentionilrnr
408 2898 446 2941 ex
461 2881 541 2941 Italo
555 2880 686 2962 quodam
706 2880 814 2941 codice
828 2883 1065 2943 ‘vetustissimo’
1081 2878 1206 2942 affertur
1221 2897 1244 2942 a
1255 2884 1330 2944 Bar·
1360 2922 1363 2927 »

194 2981 256 3041 thio
272 2982 439 3043 Adversas.
456 2995 501 3058 vl,
517 2993 561 3048 to.
594 2984 631 3043 In
645 2985 693 3043 his
708 2992 808 3045 aulem
825 2984 1025 3066 expediendis
1040 2984 1100 3045 dici
1114 2987 1220 3066 nequit
1234 3007 1329 3069 qnan-

193 3092 257 3143 tum
272 3104 305 3144 se
320 3084 411 3164 longo
428 3106 466 3146 ex
481 3098 616 3167 tempore
635 3085 717 3146 docti
733 3086 870 3148 homines
886 3088 1042 3148 torserint:
1066 3086 1214 3168 Iosephus
1231 3086 1328 3147 Scali-

192 3207 245 3266 ger
259 3188 421 3248 Animadv.
437 3191 469 3249 in
482 3188 608 3250 Eusebii
624 3188 767 3250 Chronol.
783 3211 814 3269 p.
832 3198 883 3253 144
897 3189 945 3251 ed.
962 3191 1025 3267 alt,
1041 3191 1134 3250 Ianus
1146 3190 1328 3268 Rutgersins

191 3290 263 3350 Var.
282 3291 353 3352 lect.
371 3303 398 3363 1,
418 3301 444 3365 7,
459 3293 524 3371 ipse
541 3291 685 3359 Barthius
698 3293 719 3352 l.
736 3313 761 3351 s.
776 3313 820 3364 a,
836 3301 942 3352 nostra
957 3300 1058 3353 autern
1073 3292 1217 3351 memoria
1234 3291 1326 3351 Caro·

190 3391 239 3452 lus
253 3394 380 3453 Beierus
395 3394 424 3452 in
442 3391 507 3453 cic.
521 3393 608 3452 Loel.
624 3415 656 3473 p.
676 3404 722 3458 141
731 3390 771 3471 *>,
790 3392 934 3471 Vngerns
950 3392 988 3453 de
1001 3394 1104 3471 Valgii
1119 3394 1189 3453 Rufi
1202 3408 1326 3472 poema·-

256 3558 284 3627 *)
313 3562 407 3612 Beicri
430 3561 529 3625 verba,
553 3561 651 3626 quibus
675 3560 939 3627 disputatiunculam
962 3577 1038 3612 suam
1063 3560 1215 3624 conclusit,
1239 3563 1325 3613 aniani
1350 3574 1355 3581 ·

190 3658 289 3697 caussa
307 3647 457 3713 adscripsi:
477 3645 670 3712 ‘fragmentum
689 3646 760 3697 enim
778 3652 934 3711 corruptum
952 3661 1014 3696 csse
1033 3651 1116 3712 atque
1133 3647 1324 3701 emendatione

190 3730 279 3782 adhuc
297 3747 394 3798 egere,
418 3732 511 3783 sobria
529 3732 636 3796 ingenii
654 3730 778 3782 sollertis
796 3731 903 3781 indicat
921 3729 1002 3796 longe
1020 3733 1202 3797 peritissimus
1222 3733 1327 3783 arbiter

187 3814 257 3882 Aug.
276 3817 451 3870 Weichertns
473 3816 502 3867 in
524 3815 683 3882 pererudita
704 3819 910 3866 commentatione
933 3817 965 3869 de
990 3817 1016 3867 0.
1043 3819 1135 3883 Vulpis
1156 3817 1224 3879 Raso
1244 3823 1325 3882 ports

188 3899 1004 3966 (Gnmaemoffiaeocrehenia1827.·4.)nagm.xv11.’
1034 3902 1168 3952 Nimirum
1185 3900 1323 3967 planeaui
1359 3890 1364 3910 '

187 3987 287 4038 similis
304 3987 479 4039 Weiehartus
504 3986 598 4036 extitit
614 3987 691 4036 Post.
710 3984 760 4034 ist.
780 3984 860 4049 reliq.
878 4002 904 4051 p.
924 3983 975 4035 239
992 4000 1049 4051 sq.,
1072 4000 1162 4037 rorum
1185 3985 1329 4036 inutilium*

187 4064 262 4124 stria
279 4071 420 4137 molestus,
437 4073 523 4123 hebes
542 4071 653 4122 iudicio.
672 4096 704 4105 —-
723 4070 852 4120 Ceterum
863 4085 898 4119 ne
912 4070 976 4135 quid
988 4071 1199 4134 desideraretur,
1214 4070 1321 4121 'infruc-

185 4163 266 4211 moer
284 4157 448 4211 emendandi
465 4159 612 4209 conanime
629 4156 740 4206 duorum
759 4169 884 4205 versuum
902 4155 1022 4219 priorum
1038 4152 1112 4207 inira
1124 4157 1231 4221 scripsi
1260 4156 1321 4207 liae

185 4260 251 4311 quae
262 4250 388 4296 recanat·
395 4243 499 4309 fabulae
516 4242 635 4305 Terentii,
650 4242 708 4292 Non
720 4240 766 4290 nur
778 4241 820 4306 qui
831 4241 890 4289 iura
901 4239 1004 4292 Poblius
1015 4242 1131 4307 pentibus
1142 4241 1220 4291 dedat
1232 4239 1320 4290 Scali-

185 4340 243 4395 ger.
278 4332 339 4382 Hae
357 4345 422 4396 qnae
439 4334 563 4380 incontra
577 4327 682 4392 [walae
700 4326 786 4385 liuius,
810 4326 884 4374 nonu’
903 4340 949 4375 eas
972 4324 1020 4385 Qui
1035 4329 1094 4377 iura
1113 4328 1227 4391 populis,
1251 4327 1320 4388 lepre

184 4413 300 4478 periitne
315 4413 394 4464 debut
410 4413 582 4480 Rutgersins.
617 4414 787 4464 inmemor
805 4410 870 4475 quoe
886 4417 1011 4461 uocumnr
1025 4412 1130 4476 sudum
1147 4410 1222 4480 cuiue,
1235 4410 1319 4460 sient?

1050 4496 1115 4557 34'*
