3194 5004
546 401 574 442 ιι.
592 399 772 443 arescimus
788 400 1050 445 oouuuurnnrvs.
1289 385 1350 446 503

298 551 375 629 Peg.
392 550 450 623 29,
465 552 486 611 8
503 550 586 631 quod
601 553 635 611 in
650 551 735 611 libris
751 564 783 613 et
798 555 921 633 optimis
938 565 969 614 et
983 555 1120 633 plurimis
1135 556 1290 636 proditum
1306 567 1353 618 est

215 657 364 713 eunuchus
384 657 500 734 cosdem
528 656 571 711 bis
593 658 637 712 die
660 664 726 712 ueta
748 665 806 724 est,
836 657 1003 715 rectissimo
1025 656 1138 716 iudicio
1158 659 1351 719 Burmannus

217 748 518 835 Oudendorpiusque
540 766 766 834 perspexerunt
788 757 865 816 nihil
885 757 969 817 aliud
985 778 1053 817 esse
1069 759 1129 817 nisi
1146 759 1208 819 ‘bis
1223 761 1352 838 singulis

216 857 337 918 diebus‘
353 858 405 916 vel
415 856 562 937 '‘cottidie
578 856 655 926 bis’z
677 857 710 917 id
733 858 815 938 quod
836 861 910 918 satis
932 878 999 918 cum
1020 860 1146 919 eliorum
1168 870 1231 919 tum
1250 838 1351 939 ipsius

216 950 356 1046 Suetonii
373 960 522 1038 exemplis
543 960 690 1038 probetur
704 960 742 1018 ab
760 960 869 1020 eodem
886 959 1110 1041 Oudendorpio
1126 944 1303 1043 compositis
1318 964 1351 1022 in

214 1062 269 1120 vit
287 1060 407 1122 Galbae
422 1081 447 1119 c.
465 1066 481 1118 4
503 1070 534 1119 et
558 1060 587 1119 d.
603 1061 734 1140 Augusti
757 1078 781 1121 c.
798 1072 846 1136 31,
864 1065 959 1123 -velut
979 1084 1053 1123 cum.
1073 1064 1188 1124 ‘liberti
1208 1066 1353 1145 seruique

214 1166 256 1221 bis
278 1166 323 1251 dic
351 1163 529 1243 frequentes
556 1162 681 1223 adesse'
708 1163 866 1237 dicuntur,
892 1166 943 1224 vel
970 1167 1282 1245 ‘compitalesLares
1309 1170 1352 1225 bis

214 1284 291 1323 anno
306 1265 424 1323 crueri’
448 1274 479 1322 et
494 1285 573 1344 quae
589 1274 661 1324 sunt
675 1275 778 1326 cetera
793 1286 916 1345 prorsus
938 1266 1058 1345 parilia.
1103 1266 1142 1326 Id
1163 1276 1264 1327 autem
1285 1252 1361 1327 cum'

214 1365 379 1426 absurdum
395 1376 476 1425 esset
493 1366 531 1425 de
548 1377 616 1426 acta
630 1368 780 1427 Eunucho
797 1367 872 1441 dici,
889 1369 995 1428 mirum
1010 1389 1074 1427 nou
1091 1379 1138 1427 est
1153 1369 1192 1429 de
1210 1368 1352 1429 eicienda

37 1498 45 1507 ·
129 1537 138 1556 ⁶
213 1472 258 1527 uie
272 1487 350 1527 voce
372 1475 443 1546 post
465 1469 542 1527 ulios
557 1488 605 1527 me
622 1489 744 1549 quoque
760 1471 885 1549 Parerg.
909 1490 941 1549 p.
957 1479 1010 1534 333
1028 1479 1091 1529 tum
1112 1471 1263 1548 cogitasse
1285 1492 1352 1531 cum

215 1590 281 1629 eam
297 1590 360 1629 uon
375 1570 462 1648 potui
482 1590 546 1629 non
568 1572 690 1630 novicio
712 1572 928 1650 interpolatori
949 1570 1098 1645 tribuere,
1122 1572 1238 1652 quippe
1260 1593 1352 1653 quem
1412 1563 1440 1578 ”

212 1674 296 1752 typis
313 1675 459 1751 expressa
475 1674 618 1759 exempla
631 1672 707 1732 iude
722 1693 741 1731 a
757 1674 898 1753 principe
914 1676 1016 1733 omnia
1031 1676 1225 1753 ignorarent:
1242 1684 1351 1735 eontra

213 1784 305 1855 etque
321 1793 431 1853 reapse
448 1792 517 1833 esse
531 1794 614 1833 nunc
628 1776 729 1850 scitur.
766 1776 809 1833 Et
828 1777 984 1835 sententie
1006 1775 1130 1855 quidem
1153 1775 1228 1855 quid
1249 1777 1351 1855 requi·

211 1885 309 1949 reret,
326 1868 376 1935 sat
389 1882 472 1935 certo
487 1874 602 1934 indicio
618 1877 736 1935 Donati
752 1875 848 1935 verba
864 1878 1009 1937 exstitere
1032 1880 1077 1934 ‘nt
1094 1882 1197 1934 iterrcm
1215 1887 1352 1952 operetur

210 1998 266 2052 pre
282 1986 382 2046 noua',
400 1976 511 2056 quibus
526 1977 594 2049 ille,
618 1977 769 2056 quidquid
790 1978 866 2055 legit
882 1977 964 2057 apud
981 1979 1176 2051 Suetonium,
1199 1980 1351 2058 interpre-

211 2088 291 2138 tetus
318 2087 365 2138 est
389 2079 564 2136 verissime:
591 2078 674 2158 quod
702 2099 759 2156 ego
782 2099 880 2157 genus
900 2081 1077 2138 universum
1100 2080 1120 2138 l.
1143 2099 1168 2138 s.
1191 2098 1214 2138 s.
1241 2079 1349 2139 dedita

213 2199 309 2259 opere
323 2189 500 2258 persecutus
516 2199 591 2239 sum.
620 2180 746 2260 'Itaque
762 2200 828 2239 cum
845 2182 916 2240 olim
930 2182 1000 2259 ipsa
1020 2200 1076 2254 pre
1091 2200 1168 2239 nouo
1186 2181 1283 2240 verbs
1302 2183 1351 2240 in·

196 2281 372 2341 tercidisse
393 2289 464 2361 post
488 2285 530 2339 bis
554 2281 769 2366 coniecissem,
796 2292 874 2361 post'
888 2283 981 2341 facile
1002 2282 1143 2342 intellexi
1165 2283 1266 2361 potius
1287 2284 1351 2343 tale

212 2383 357 2466 quiddam
375 2384 528 2462 scriptum
553 2383 648 2441 fuisse
676 2383 779 2462 qualia
801 2392 872 2442 suut
897 2387 939 2441 bis
966 2379 1085 2464 [emm]
1112 2386 1156 2441 die
1181 2385 1232 2444 vel
1254 2388 1295 2443 tis
1315 2374 1366 2443 dc'

211 2481 350 2565 dulcere]
384 2486 436 2544 vel
467 2488 510 2543 bis
535 2481 650 2564 siduno]
673 2485 725 2544 vel
751 2488 793 2543 bis
812 2481 980 2564 deduceris}
1023 2485 1160 2563 Quorum
1185 2486 1240 2546 ille
1270 2506 1349 2566 quae

211 2587 314 2647 medio
328 2588 417 2666 posui
433 2605 501 2646 esse
519 2574 681 2664 ταῦτολόγα
701 2595 845 2665 apparet:
869 2586 951 2666 quod
966 2596 1068 2645 autem
1083 2574 1181 2666 primo
1205 2588 1289 2659 loco,
1313 2608 1349 2646 eo

213 2666 459 2770 displicet⁵quod
480 2688 636 2767 profecto,
667 2696 701 2746 ut
725 2688 911 2765 singularem
936 2689 1065 2766 gretiam
1092 2688 1187 2747 fuisse
1207 2689 1349 2748 Eunuchi

211 2791 407 2871 probaretur,
433 2811 497 2850 non
524 2809 600 2868 opus
623 2797 689 2848 erat
710 2788 819 2848 eodem
842 2789 892 2849 die
913 2792 1024 2851 iterata
1044 2789 1164 2858 fabule,
1192 2790 1249 2849 sed
1274 2791 1349 2851 satis

213 2902 278 2953 eret
292 2912 349 2972 per
364 2891 532 2952 eorundem
547 2890 686 2951 ludorum
709 2911 874 2972 eorumque
896 2913 993 2952 novas
1013 2891 1134 2951 fabulas
1157 2894 1350 2970 poscentium

191 3046 195 3053 .
212 2997 403 3056 occasionem
419 2994 521 3054 denuc
538 2993 737 3072 efflagitatum
752 2994 915 3072 prodiisse.
950 2995 1020 3053 Hae
1048 2994 1141 3072 igitur
1154 3012 1204 3051 me
1220 3013 1346 3081 caussae

149 3114 156 3125 ’
210 3096 370 3158 moverurit
385 3106 418 3157 ut
432 3097 619 3177 praeferrem
636 3095 719 3176 quod
734 3097 864 3155 maxime
880 3096 1013 3176 simplex
1026 3097 1139 3168 visum,
1156 3098 1198 3153 tir
1211 3099 1347 3168 deinceps

210 3201 240 3261 h.
257 3221 284 3260 e.
302 3199 455 3260 ‘ausimal
469 3199 547 3257 nach
564 3197 743 3257 einandcr’.

293 3300 428 3363 VersuO
450 3302 506 3360 etsi
527 3303 618 3359 idest
637 3300 766 3359 voculae
790 3319 829 3359 ne
852 3319 870 3356 e
891 3298 998 3358 codice
1018 3302 1044 3356 A
1065 3298 1205 3379 quidem,
1228 3296 1285 3356 sed
1308 3296 1348 3355 ab

209 3427 270 3465 uno
286 3408 314 3463 B
328 3404 454 3475 absunt,
475 3412 579 3461 tamen
595 3421 613 3458 u
629 3400 777 3460 Suetonio
792 3401 921 3478 scriptas
938 3420 1006 3459 esse
1029 3420 1095 3459 cum
1111 3397 1229 3458 Donati
1246 3406 1348 3457 auoto-

180 3489 182 3493 ι
208 3509 282 3566 ritas
294 3516 357 3566 turn
368 3503 517 3583 loquendi
531 3503 650 3561 stratio
665 3513 696 3560 et
714 3500 903 3561 consuetudo
917 3511 1043 3578 negant.
1074 3501 1160 3560 Nihil
1174 3501 1256 3559 eninr
1269 3501 1347 3558 eius-

208 3609 293 3669 modi
307 3610 339 3666 in
355 3606 471 3666 Donati
487 3605 533 3663 his
553 3603 671 3663 verbis:
682 3621 796 3677 proque
807 3621 842 3661 eo
852 3606 986 3676 pretium,
999 3609 1076 3676 quod
1090 3606 1163 3661 nulli
1174 3612 1241 3660 unte
1253 3607 1348 3676 ipsam

207 3713 326 3785 fabulae
345 3710 473 3782 configit,
493 3714 554 3764 octo
574 3708 652 3762 milia
671 3709 833 3763 sestertium
856 3714 1044 3764 numerarent
1061 3714 1181 3779 poetae:
1204 3702 1255 3763 ubi
1278 3724 1347 3784 per·

209 3832 315 3891 peram
336 3824 367 3870 et
390 3812 521 3885 subulam
542 3818 573 3868 et
593 3810 705 3866 milibus
724 3807 876 3885 vulgetur.
915 3808 1006 3866 Ratio
1027 3815 1128 3866 autem
1151 3815 1181 3866 et
1200 3825 1271 3864 usus
1290 3806 1348 3866 etsi

208 3918 238 3972 id
255 3923 298 3971 est
313 3914 365 3972 vel
379 3915 433 3971 hoc
448 3919 491 3970 est
504 3910 669 3991 particulas
685 3929 744 3967 nec
759 3928 827 3967 raro
844 3928 902 3967 uec
916 3929 978 3967 uno
994 3909 1084 3967 modo
1107 3906 1244 3967 admisit:
1268 3897 1347 3987 qua'e

209 4034 326 4093 genera
346 4013 519 4073 identidem
534 4011 710 4089 Madvigius
732 4011 899 4091 explicavit
918 4011 951 4069 in
969 4010 1032 4069 Cic.
1050 4009 1156 4069 defin.
1178 4030 1209 4087 p.
1225 4016 1269 4070 72.
1288 4018 1346 4072 139.

210 4124 269 4178 144.
286 4123 352 4178 264:
378 4123 482 4175 tamen
504 4115 543 4174 ab
565 4115 624 4187 eis,
653 4132 732 4193 quae
753 4113 884 4192 simplici
906 4111 1110 4191 appositionis
1131 4111 1347 4189 grammaticae

207 4219 331 4277 vinculo
348 4218 560 4291 continentur,
582 4217 758 4294 segregavit
774 4214 1030 4275 constantissime.
1061 4212 1145 4291 Quas
1168 4212 1283 4291 ubique
1303 4212 1348 4271 ita

207 4328 368 4398 usurpatas
384 4319 521 4397 reperies
537 4328 585 4391 ut,
603 4337 693 4398 quam
709 4317 784 4398 quid
798 4318 861 4376 vim
874 4313 1004 4399 habeat,
1019 4334 1111 4394 quam
1121 4315 1173 4372 vel
1188 4314 1347 4372 notionem

206 4422 259 4481 vel
274 4421 460 4480 senteutiam
475 4428 602 4500 aequet,
621 4419 808 4479 declaretur:
831 4438 891 4498 quo
912 4417 946 4477 fit
961 4424 995 4475 ut
1010 4434 1076 4474 cum
1099 4414 1227 4493 singulis
1248 4413 1346 4473 nomi-
