3220 5022
243 358 304 421 288
707 401 711 411 .
755 374 885 417 enarum

329 536 466 598 enervus
486 528 518 582 ct
536 525 717 602 undennis]
739 522 850 605 regius
879 543 959 607 puer
982 531 1031 585 cst
1053 523 1155 606 regis,
1184 521 1304 608 regalis
1326 544 1386 587 rex

243 624 298 711 qui
320 623 405 706 regit
425 643 573 705 regnum.

328 738 506 786 nnnrcrvn
537 724 599 808 (et)
621 737 810 785 nnsnurvn
833 722 895 787 hoc
913 723 1039 807 differt,
1062 724 1147 811 quod
1170 724 1386 810 relinquimur

246 833 369 911 sponte,
391 823 573 888 deserimur
595 824 702 886 inuiti.
917 834 921 843 ’

327 939 501 1000 nnnlovos
527 932 560 987 et
582 931 750 1007 carneos]
776 924 920 1012 reliquos
942 925 1081 1019 dicimus
1103 910 1296 992 relictos'ex
1319 948 1408 991 ome

244 1028 356 1107 nibus,
380 1035 506 1089 ceteros
527 1045 608 1111 quos
628 1026 821 1110 excipimus.

328 1142 523 1190 nuernrvvn
546 1134 578 1188 et
601 1132 811 1208 nnnrvrvvu]
833 1127 1013 1191 recidiuum
1029 1128 1116 1214 quod
1132 1131 1315 1194 renascitur
1338 1152 1386 1194 se·
1470 1193 1477 1205 ,

234 1230 306 1297 mel
330 1231 363 1292 in
385 1249 487 1309 anno,
511 1227 698 1292 rediuiuum
722 1228 809 1314 quod
831 1250 928 1315 saepe
948 1231 1135 1294 renidescit.

327 1346 451 1395 Rouvn
461 1338 493 1392 et
504 1334 634 1410 runnu]
643 1351 725 1416 pyra
736 1330 899 1417 (paratur)
909 1330 1089 1413 sacrificiis,
1101 1351 1199 1417 rogus
1212 1314 1385 1396 defunctis.

243 1554 303 1588 mur
319 1532 463 1587 homines.’
493 1533 588 1585 1437:
613 1535 736 1584 ‘Precnri
756 1540 798 1585 est
815 1551 922 1600 rogare,
943 1537 1090 1600 imprecari
1105 1543 1148 1587 est
1166 1521 1271 1602 optare,
1291 1536 1386 1601 depre-

244 1608 303 1656 cari
322 1611 364 1654 est
383 1617 514 1653 excusare
533 1603 577 1652 nel
596 1618 758 1668 expurgare.
796 1603 908 1652 Cicero:
927 1603 1013 1666 Quid,
1038 1605 1139 1669 inquil,
1164 1606 1253 1655 iaciat
1268 1605 1386 1655 Horten·

243 1675 318 1723 sius?
343 1672 517 1721 auaritiaene
542 1671 657 1720 crimina
677 1670 847 1736 frugalitatis
865 1671 992 1721 laudibus
1015 1671 1212 1736 deprecetur?'
1240 1673 1386 1737 Agroetius

244 1759 270 1808 p.
290 1738 358 1789 2266
375 1741 411 1789 P:
433 1738 555 1788 ‘Precari
573 1744 665 1788 antem
685 1746 728 1787 eet
750 1754 858 1803 rogare,
879 1739 1026 1804 imprecari
1044 1740 1220 1800 maledicere,
1240 1741 1386 1805 deprecari

244 1824 376 1859 excusare
396 1813 424 1855 ct
442 1822 558 1871 purgare
581 1821 619 1856 sc.
656 1806 804 1871 Virgilius:
828 1807 961 1871 Equidem
984 1808 1070 1856 merui
1093 1824 1145 1859 nec
1164 1809 1304 1874 deprecor.
1341 1808 1386 1857 ci-

245 1892 320 1926 caro:
346 1875 418 1937 Quid
437 1875 524 1963 saciet
541 1874 725 1924 Hortensius?
744 1875 917 1924 auaritiaenc
936 1876 1052 1924 crimina
1070 1875 1240 1941 furgalitatis
1258 1876 1385 1925 laudibus

245 1945 279 1994 dc
301 1942 460 1993 necabitur?

281 1961 298 2008 p
329 2012 446 2075 Regium
465 2013 494 2058 et
512 2006 646 2073 regalem]
666 2008 689 2058 G
707 2025 733 2074 p.
752 2006 786 2059 80
804 2025 830 2058 n.
850 2009 894 2059 10:
921 2010 1039 2075 ‘Regius
1057 2026 1124 2075 pucr
1136 2011 1239 2076 regalis
1258 2016 1314 2075 est,
1337 2027 1386 2061 rex

244 2081 290 2145 qni
308 2079 382 2144 regit
399 2074 531 2142 regnum)
550 2078 576 2125 H
595 2093 621 2141 p.
645 2076 688 2125 lu:
719 2077 813 2141 ‘Regis
831 2093 899 2142 puer
916 2078 1020 2143 regalis
1039 2085 1090 2141 est,
1110 2095 1157 2128 rex
1170 2080 1216 2143 qui
1234 2080 1307 2144 ragit
1325 2094 1386 2144 reg-

182 2204 186 2210 ,
244 2146 325 2197 num)
344 2148 356 2195 1
375 2144 438 2194 491:
469 2144 594 2208 ‘Reginus
613 2150 655 2193 est
673 2145 760 2209 ipsius
777 2146 865 2210 regis,
885 2146 979 2211 regale
998 2147 1109 2211 dignum
1127 2163 1201 2211 rege.
1238 2148 1278 2196 sic
1298 2150 1326 2196 et
1343 2162 1385 2196 re·

244 2216 291 2281 gia
310 2220 338 2263 et
356 2212 468 2277 regalis.
497 2212 576 2277 regia
588 2212 682 2261 domus
701 2213 796 2277 inqua
809 2220 860 2275 est,
879 2213 981 2278 regalis
994 2230 1059 2279 rege
1078 2213 1181 2279 digna)
1196 2241 1226 2250 -
1240 2214 1263 2263 F
1276 2231 1301 2280 p.
1321 2212 1384 2265 356:

245 2283 371 2347 ‘Regium
390 2281 460 2345 quod
479 2280 562 2344 regis,
582 2280 675 2344 regale
696 2280 766 2344 quod
784 2296 849 2345 rege
867 2281 978 2345 dignum
997 2279 1064 2331 est.'

329 2348 466 2399 Relictum
485 2353 514 2396 et
531 2345 679 2413 desertum]
696 2349 719 2397 G
738 2364 763 2413 p.
782 2346 815 2397 92
832 2364 859 2397 ιι.
878 2347 923 2397 el:
944 2348 1143 2413 ‘Relinquimus
1161 2349 1320 2410 uoluntate,
1339 2350 1385 2400 da·

244 2419 358 2469 serimus
377 2413 480 2465 inuiti!
516 2415 544 2463 H
561 2432 587 2480 p.
609 2414 652 2465 12:
678 2414 875 2479 ‘Relinquimus
893 2417 1059 2480 uoluntaria,
1079 2418 1229 2467 descrimus
1248 2417 1346 2467 inuiti?

328 2485 458 2548 Reliquos
482 2488 511 2532 et
528 2480 644 2547 ceteros]
665 2482 688 2531 G
707 2499 732 2548 p.
751 2482 785 2532 94
802 2499 827 2533 n.
847 2482 892 2533 62:
918 2484 1065 2548 ‘Reliquos
1084 2485 1200 2534 dicimus
1218 2486 1330 2535 relictos
1353 2501 1387 2535 ex

244 2555 383 2615 omnibus,
403 2558 512 2601 ceteros
530 2566 597 2616 qnos
615 2549 772 2603 nescimus)
808 2550 835 2599 H
853 2568 879 2616 p.
901 2550 944 2600 18:
965 2552 1106 2617 ‘Reliquos
1125 2553 1237 2603 relictos
1255 2569 1288 2602 ex
1300 2554 1385 2603 omni-

244 2623 303 2684 bus,
324 2626 432 2671 ceteros
451 2634 517 2684 quos
534 2616 691 2669 nescimus!

312 2690 330 2750 †
343 2686 570 2750 Redibiumperb
585 2693 613 2735 et
625 2686 758 2735 rediuium
768 2702 817 2750 per
828 2701 846 2735 u
858 2684 990 2752 litteram]
1004 2686 1102 2752 epus
1114 2702 1141 2736 n.
1154 2685 1200 2737 63:
1214 2687 1386 2738 ‘Redibidnm

244 2762 288 2808 est
311 2756 382 2821 quod
405 2754 543 2814 nascitur,
573 2753 726 2802 rediuinum
751 2754 821 2818 quod
845 2753 1007 2805 reuiuiecit.’
1046 2755 1071 2803 H
1094 2771 1119 2819 p.
1145 2754 1188 2804 18:
1214 2756 1385 2806 ‘Redibiuum

245 2825 315 2890 quod
333 2823 465 2883 nascitur,
485 2821 636 2870 rediuinum
656 2822 727 2885 quod
744 2821 906 2871 reminierit)
923 2850 952 2856 -
972 2822 1113 2872 Charisius
1131 2839 1156 2887 p.
1175 2821 1221 2872 99:
1242 2824 1386 2873 ‘Rediuiua

244 2894 360 2942 dicimus
378 2905 449 2954 quac
467 2894 530 2954 post
549 2889 687 2938 interitum
706 2890 835 2951 redeunt,
862 2891 987 2939 recidiua
1011 2906 1080 2955 quae
1105 2906 1139 2939 ex
1156 2906 1205 2940 suo
1224 2905 1291 2940 casu
1308 2892 1385 2940 resti·

244 2964 364 3009 tunntur.
406 2956 477 3006 unde
500 2956 652 3021 Vergilius:
682 2957 817 3006 Recidiua
845 2973 927 3007 mann
950 2960 1102 3024 posuissem
1124 2959 1261 3022 Pergama
1283 2956 1385 3007 uictis)

245 3029 281 3078 cl.
301 3026 413 3076 Servius
430 3026 498 3074 Aen.
519 3023 654 3073 1111344:
674 3022 820 3090 Residina]
845 3026 919 3091 ‘post
945 3041 1040 3076 casum
1063 3027 1202 3077 restituta.
1230 3025 1294 3075 alil
1316 3027 1386 3075 rcci-

244 3096 337 3144 diunm
355 3093 464 3158 proprie
483 3093 586 3153 dicunt,
606 3092 677 3156 quod
696 3093 819 3142 excisum
836 3093 925 3144 denno
943 3093 1083 3145 nascitur)
1121 3093 1237 3144 Glossae
1255 3094 1386 3157 antiquas

245 3163 318 3228 apud
341 3162 444 3211 Maium
467 3166 541 3212 auct.
570 3160 651 3209 class.
675 3161 728 3210 Vll
751 3178 777 3225 p.
801 3159 863 3210 576:
901 3162 1049 3212 ‘Recidiua
1071 3161 1117 3219 uel
1139 3161 1253 3211 recidua
1276 3177 1309 3211 en
1332 3163 1386 3210 rui·

244 3233 288 3281 nia
310 3227 524 3320 nascentia5uel
545 3233 703 3278 restaurata
726 3244 759 3277 ex
781 3229 880 3291 ruinis,
906 3234 1048 3280 renouata.
1088 3230 1213 3279 rediuiua
1237 3228 1386 3279 crescendo

245 3305 274 3349 et
310 3296 459 3347 ullulando.

291 3314 308 3363 p
329 3366 435 3429 Rogum
454 3368 482 3412 et
499 3361 641 3428 pyramJG
660 3381 685 3428 p.
708 3363 754 3413 102
772 3379 798 3413 n.
819 3363 881 3414 194:
907 3364 1007 3430 ‘Rogus
1025 3365 1165 3415 defunctis
1177 3370 1298 3431 paratur,
1317 3380 1386 3430 pyra

244 3429 409 3485 sacrificiis)
445 3432 540 3481 1444:
562 3433 643 3493 ‘Pyra
662 3436 704 3480 est
723 3434 891 3483 constructio
910 3433 1060 3497 lignorum,
1079 3439 1228 3498 antequam
1246 3433 1320 3499 iguis
1339 3433 1385 3482 ad·

245 3508 333 3553 motus
353 3507 408 3562 cst,
435 3515 516 3563 rogus
540 3506 582 3548 cst
599 3499 663 3548 dum
682 3500 773 3561 ardet,
792 3500 902 3550 bustum
919 3516 985 3549 uero
1003 3506 1182 3566 posteaquam
1201 3497 1287 3550 arsit!
1324 3500 1385 3550 Scr-

244 3572 305 3620 vins
324 3571 392 3619 Aen.
410 3568 453 3617 111
471 3567 517 3616 22:
543 3567 661 3616 ‘Terrae
685 3569 829 3632 congestio
847 3584 929 3633 super
946 3583 1009 3617 ossa
1031 3569 1149 3619 tumulus
1173 3570 1282 3620 dicitur.
1318 3584 1386 3618 sanc

245 3643 396 3703 apparatus
413 3640 578 3685 mortuorum
596 3636 677 3684 funus
689 3635 744 3684 dici
762 3636 845 3697 solet,
866 3637 1000 3686 extructio
1018 3637 1152 3702 lignorum
1165 3652 1259 3702 rogus,
1279 3636 1385 3686 subiec-

244 3707 284 3756 tio
302 3706 375 3771 ignis
393 3719 474 3769 pyra,
496 3703 628 3753 crematio
648 3702 793 3752 cadaueris
805 3704 927 3767 bustum,
946 3704 1023 3755 locus
1035 3705 1150 3768 ustrina,
1170 3706 1261 3769 operis
1279 3710 1387 3754 extruc-

245 3776 284 3824 tio
303 3773 466 3838 scpulcrum,
486 3787 584 3821 nomen
603 3770 763 3835 inscriptum
781 3771 1004 3823 monumentum)

332 3990 344 4040 l
360 3978 465 4056 regale
477 3981 512 4036 M
523 3972 537 4059 ΙΙ
551 3986 568 4037 2
580 3985 668 4053 reget
682 3977 711 4034 M
724 3972 737 4057 ΙΙ
753 3987 771 4040 3
785 3986 816 4036 et
838 3982 947 4037 addidit
965 3980 1086 4037 Rothius
1100 3974 1113 4057 i!
1128 3990 1145 4041 5
1163 3977 1316 4057 relinquas
1328 3979 1360 4035 M
1373 3973 1384 4057 ,i

245 4063 373 4125 dicimus
386 4066 456 4123 olea
471 4066 588 4121 fructus
605 4070 652 4119 est
672 4061 754 4121 oliua
771 4062 860 4121 arbor
873 4062 1034 4121 multitudo
1050 4063 1159 4122 dicitur
1173 4065 1207 4120 M
1218 4066 1259 4136 cs.
1272 4082 1304 4135 p.
1320 4068 1386 4130 282,

247 4160 283 4211 10
293 4170 336 4226 sq.
355 4145 370 4232 ii
391 4157 406 4213 7
432 4147 618 4207 ‘recidiuam
639 4156 671 4205 et
691 4146 860 4207 rediuiuum
881 4153 945 4207 olim
964 4148 1040 4223 suit'
1062 4150 1200 4207 Roldiua:
1224 4145 1387 4204 Redibium

243 4258 263 4314 p
282 4235 301 4295 b
320 4248 351 4295 et
370 4235 519 4294 rediuium
540 4254 559 4308 p
578 4228 712 4290 ulitcris
736 4234 770 4290 M
787 4228 801 4315 ΙΙ
821 4233 971 4292 redibium
991 4234 1025 4291 M
1042 4227 1056 4315 ΙΙ
1077 4232 1244 4291 renascitur
1266 4235 1387 4304 sampsi:

243 4322 380 4380 nascitur
396 4322 430 4377 M
442 4336 531 4392 super
550 4334 663 4399 uersum
677 4312 690 4396 ii
706 4327 724 4380 8
741 4319 889 4377 rediuium
905 4320 938 4376 M
951 4313 964 4399 ΙΙ
979 4325 996 4378 9
1009 4336 1087 4395 pyra
1104 4314 1277 4391 sacrificiis3
1295 4334 1387 4393 rogus

246 4404 284 4466 de
305 4407 411 4464 fruetis
427 4407 474 4467 Mr
489 4406 782 4463 emendavitnothiur
799 4406 822 4462 G
841 4408 860 4461 l.
880 4422 905 4462 c.
924 4408 996 4463 duce
