3186 4996
704 449 746 490 nr:
769 448 884 490 rearis
1225 496 1230 503 ,
1317 426 1355 488 61

228 607 308 671 tura
323 596 477 683 georgica
495 616 626 659 reuerso
643 603 716 681 post
730 595 898 658 Actiacam
913 595 1090 659 uictoriam
1099 595 1249 677 Augusto
1264 602 1361 680 atque
1382 634 1386 643 -

228 697 356 763 Atellae
381 696 628 762 reficiendarum
663 696 807 760 faucium
836 717 935 784 causa
961 695 1172 759 commoranti
1200 716 1257 780 per
1286 716 1360 760 con-

227 802 352 864 tinuum
374 796 582 884 quatriduum
606 796 700 881 legit,
727 799 922 885 suscipiente
949 797 1138 860 Maecenate
1160 797 1290 880 legendi
1313 798 1359 859 ui-

207 922 295 965 ·cem
319 901 468 987 quotiens
496 898 757 986 interpellaretur
781 900 851 984 ipse
872 901 962 964 uocis
991 897 1179 963 offensione.
1220 919 1360 982 pronun·

205 1002 331 1067 stiabat
359 1014 468 1064 autem
501 1022 573 1064 cum
608 1002 769 1064 suauitate
802 1009 870 1064 tum
899 999 1068 1065 lenociniis
1100 1000 1201 1063 miris.
1236 1006 1279 1063 'et
1305 996 1359 1062 Se·

226 1125 308 1168 neca
342 1101 493 1185 tradidit,
536 1100 655 1166 Iulium
689 1101 880 1165 Montanum
911 1111 1040 1187 poetam
1075 1099 1205 1166 solitum
1242 1099 1360 1181 dicere,

226 1205 445 1270 inuolaturum
471 1227 506 1268 se
531 1202 675 1288 Vergilio
702 1202 860 1290 quaedam
892 1206 918 1268 si
946 1211 978 1266 et
998 1224 1111 1266 uocem
1132 1211 1242 1289 posset
1269 1211 1301 1266 et
1323 1224 1359 1266 os

226 1313 259 1369 et
286 1305 488 1394 hypocrisin:
528 1304 658 1370 eosdem
678 1306 763 1369 enim
787 1326 901 1369 uersus
929 1306 1000 1390 ipso
1021 1305 1251 1391 pronuntiante
1276 1303 1360 1368 bene

227 1428 358 1489 sonare,
385 1409 455 1472 sine
482 1407 538 1472 illo
564 1408 677 1471 inanes
703 1427 775 1469 esse
801 1415 981 1493 mutesque.
1015 1390 1196 1470 lAeneidos
1223 1404 1358 1469 uixdum

190 1519 360 1595 incoeptae
380 1517 473 1573 tanta
494 1509 603 1573 extitit
624 1508 727 1590 fama,
756 1516 794 1571 ut
816 1505 934 1572 Sextus
961 1508 1150 1594 Propertius
1181 1529 1245 1572 non
1268 1506 1360 1572 dubi-

226 1611 344 1675 tauerit
364 1612 414 1675 sic
433 1610 638 1699 praedicare:

182 1694 185 1711 ¹
419 1712 524 1776 cedite
545 1712 684 1776 Romani
708 1712 899 1798 scriptores,
922 1709 1028 1775 cedite
1050 1711 1146 1776 Grai:

461 1814 571 1879 nescio
593 1813 671 1899 quid
693 1815 797 1876 maius
818 1813 963 1878 nascitur
985 1811 1102 1895 Iliade,
1158 1884 1160 1888 ἱ

225 1916 396 2000 Augustus
424 1937 519 1998 uero,
551 1936 627 1978 nam
658 1914 741 1979 forte
771 1914 978 2002 expeditione
1013 1915 1208 1980 Cantabrica
1237 1914 1361 1998 aberat,

191 2016 428 2103 issupplicibus
449 2027 546 2105 atque
568 2016 666 2080 etiam
689 2015 871 2080 minacibus
893 2037 951 2102 per
968 2016 1075 2080 iocum
1096 2017 1213 2081 litteris
1235 2016 1361 2101 efflagi-

225 2128 323 2201 taret,
345 2128 381 2183 ut
402 2120 465 2185 sibi
488 2119 527 2183 de
551 2117 712 2194 Aeneide,
744 2129 781 2182 ut
803 2120 906 2205 ipsius
933 2116 1035 2182 uerba
1063 2126 1153 2199 sunt,
1182 2118 1234 2181 uel
1256 2120 1361 2204 prima

226 2222 379 2285 carminis
400 2220 614 2308 hypographa
630 2218 683 2282 uel
702 2220 870 2307 quodlibet
890 2217 982 2283 colon
999 2221 1149 2284 mitteret.
1178 2221 1229 2283 cui
1253 2232 1361 2283 tamen

225 2322 325 2387 multo
350 2332 423 2411 post
451 2323 661 2410 perfectaque
690 2323 819 2386 demum
850 2323 987 2386 materia
1015 2331 1081 2385 tres
1110 2323 1239 2385 omnino
1260 2321 1360 2385 libros
1437 2318 1440 2327 '

226 2480 310 2529 retrix
328 2484 471 2529 cantasset
488 2479 517 2528 in
534 2477 652 2541 theatro,
673 2494 753 2545 quam
771 2479 800 2527 in
818 2477 870 2527 fine
890 2477 1051 2542 Lycoridem
1069 2483 1164 2539 uocat,
1189 2477 1361 2542 stupefactus

226 2547 324 2598 Cicero
343 2549 420 2597 cuius
434 2553 508 2598 esset
519 2547 670 2611 requireret
694 2553 800 2596 etcum
824 2562 885 2595 enm
907 2546 1017 2596 tandem
1037 2546 1183 2610 aliquando
1201 2546 1362 2611 agnouisset

225 2615 328 2664 dixisse
346 2616 457 2665 dicatur
480 2620 508 2664 et
532 2614 566 2663 ad
584 2629 662 2663 suam
680 2622 707 2664 et
725 2615 801 2664 illius
819 2614 940 2663 laudem:
971 2614 1090 2679 Magnae
1115 2630 1178 2678 apes
1197 2613 1286 2663 altera
1307 2613 1360 2662 Ro·

225 2699 295 2732 mae.
332 2684 402 2747 qnod
425 2686 479 2734 iste
502 2688 600 2747 postea
623 2682 658 2731 ad
681 2684 830 2732 Ascanium
853 2682 1008 2745 transtulit,
1038 2684 1109 2731 sicut
1131 2686 1361 2731 commentatores

225 2750 390 2815 loquuntur.'
426 2753 462 2801 cf.
481 2751 596 2799 'lucitus
614 2750 680 2800 dial.
702 2750 741 2801 13.

308 2820 325 2867 5
359 2818 477 2884 Seneca]
514 2818 592 2867 Haec
611 2820 733 2868 narratio
751 2835 805 2868 non
823 2824 909 2868 extat.

312 2887 342 2936 lt
364 2904 423 2951 sqq.
458 2886 615 2936 Macrobius
639 2892 690 2936 sat.
722 2887 803 2948 124,
837 2886 879 2935 ll:
922 2886 1025 2951 ‘Ipsius
1053 2887 1125 2936 cuim
1153 2886 1275 2936 Maronis
1304 2886 1361 2951 epi·

225 2955 306 3017 stola,
326 2971 379 3019 qna
398 2953 538 3020 conpellat
560 2955 724 3018 Augustum,
749 2955 790 3003 ita
812 2954 923 3019 incipit:
951 2956 1010 3020 Ego
1033 2970 1097 3003 uero
1121 2955 1279 3020 frequentes
1299 2970 1315 3003 a
1333 2960 1361 3003 te

224 3022 334 3072 litteras
353 3023 471 3087 accipio,
492 3028 519 3071 et
537 3022 623 3071 infra:
660 3024 702 3071 Ile
715 3024 810 3072 Aenea
829 3022 937 3086 quidem
950 3038 1017 3083 meo,
1038 3024 1061 3071 si
1079 3023 1216 3071 mehercle
1235 3024 1288 3072 iam
1302 3022 1361 3087 dig·

224 3106 287 3139 uum
307 3090 418 3139 auribus
436 3090 566 3139 haberem
589 3092 657 3151 tuis,
681 3090 799 3140 libenter
817 3091 967 3138 mitterem:
992 3090 1040 3138 sed
1063 3097 1142 3139 tanta
1165 3090 1296 3139 inchoata
1319 3106 1362 3140 res

225 3164 276 3220 eet,
296 3164 326 3207 ut
339 3173 426 3223 paene
440 3159 509 3207 uitio
521 3159 620 3207 mentis
633 3164 740 3207 tantum
759 3174 826 3222 opus
845 3158 984 3221 ingressus
1002 3156 1068 3207 mibi
1084 3158 1189 3219 uidear,
1210 3174 1270 3207 cum
1282 3174 1362 3222 prae-

223 3226 319 3275 sertim
336 3233 366 3275 ut
384 3227 439 3275 scis
452 3225 508 3274 alia
526 3240 631 3289 quoquc
645 3227 736 3275 studia
755 3225 830 3275 adid
848 3241 914 3290 opus
933 3225 1070 3290 multoque
1083 3227 1191 3289 potiora
1208 3224 1362 3290 inpertiar.'
1456 3266 1460 3271 .

310 3294 339 3343 17
351 3309 410 3358 sqq.
425 3293 534 3342 Servius
544 3294 612 3341 Aen.
627 3294 683 3342 1111
696 3292 758 3343 324:
773 3294 892 3342 ‘Dicitur
904 3300 994 3342 autem
1008 3294 1113 3357 ingenti
1127 3293 1227 3343 affectu
1240 3295 1289 3343 hos
1302 3309 1362 3341 uer·

224 3377 269 3411 sus
287 3363 492 3427 pronuntiasse,
517 3374 578 3409 cum
595 3361 725 3425 priuatim
742 3362 840 3426 paucis
862 3362 1054 3425 praesentibus
1077 3362 1209 3411 recitaret
1229 3362 1362 3427 Auguste.

224 3445 287 3479 nam
306 3430 436 3479 recitauit
454 3443 521 3479 uoce
540 3429 645 3494 optima
661 3429 778 3494 primum
796 3435 824 3478 et
842 3428 987 3493 quartum)

223 3550 409 3563 -,----

222 3627 330 3698 postea
341 3617 473 3678 Aeneidi
487 3618 553 3695 ipse
569 3618 725 3687 inseruire
751 3628 760 3677 l
781 3613 863 3695 post]
880 3615 918 3675 ab
933 3638 950 3686 ς
963 3611 976 3697 ΙΙ
992 3616 1145 3675 Attiacam
1163 3619 1190 3674 B
1204 3611 1218 3699 ΙΙ
1234 3617 1363 3674 Actiaca

223 3705 352 3763 uictoria
372 3698 416 3784 3ss
431 3712 523 3783 atque
541 3722 593 3761 om.
614 3707 640 3760 B
655 3696 668 3784 ss
684 3712 775 3781 atque
795 3700 1025 3760 reficiendarum
1044 3701 1152 3759 uirium
1167 3721 1261 3760 causa
1276 3702 1362 3760 Atel-

224 3788 272 3847 lae
295 3791 490 3847 commoranti
511 3785 587 3868 5:14
606 3790 750 3868 quociens
766 3789 793 3844 R
808 3783 821 3869 ΙΙ
836 3799 852 3849 5
868 3797 967 3845 autem
982 3785 1112 3845 maxima
1128 3807 1196 3845 cum
1212 3787 1362 3846 suauitate

225 3884 255 3931 et
274 3873 537 3933 lenociniismin'a
557 3869 601 3957 &ll
616 3884 677 3931 turn
692 3876 813 3946 scripsi:
836 3893 901 3931 curn
919 3875 973 3930 BR
988 3865 1001 3952 ll
1016 3872 1143 3931 lenociis
1166 3875 1192 3930 R
1208 3867 1221 3954 {l
1237 3882 1268 3931 et
1289 3876 1314 3929 B
1330 3882 1363 3930 ut

225 3962 251 4016 R
272 3980 325 4018 om.
350 3954 393 4040 gl}
408 3970 425 4021 8
439 3958 625 4036 hypocrisim
643 3957 686 4037 ςῖΙ
703 3980 738 4018 eo
751 3960 963 4035 pronuntiante
983 3952 1026 4039 ςΙΙ
1042 3968 1058 4019 9
1074 3958 1139 4016 sine
1154 3958 1207 4016 illc
1223 3978 1363 4017 arescere

225 4044 312 4125 qnasi
333 4054 430 4103 mutos
451 4049 494 4113 ςξῗ
512 4055 543 4105 10
560 4043 704 4103 dubitarit
724 4042 769 4125 ςΙΙ
787 4054 817 4105 m
843 4043 928 4102 Graii
949 4046 996 4112 Βς
1040 4053 1072 4104 13
1086 4054 1152 4116 post
1169 4044 1266 4102 Iliade
1287 4062 1362 4101 com-

223 4140 298 4188 mate
319 4127 518 4210 interpertati,
541 4138 572 4190 rt
585 4126 668 4207 nam]
689 4149 756 4188 curn
776 4131 835 4188 iam
858 4150 875 4198 ς
892 4130 996 4186 Daniel
1039 4128 1161 4187 abesset
1178 4138 1208 4187 et
1227 4150 1245 4198 ς
1261 4131 1365 4185 Daniel

224 4213 237 4297 ll
256 4229 286 4278 15
309 4215 493 4291 efflagitaret
516 4216 592 4284 Bag
613 4213 802 4291 efflagitabat
825 4216 852 4271 C.
885 4217 927 4272 W.
950 4216 1106 4285 Mullerur,
1134 4219 1184 4287 qui
1203 4233 1259 4272 aen
1282 4217 1362 4270 iulet

223 4307 341 4360 temeret
355 4300 537 4377 efflagitaret
549 4304 677 4373 pendere
694 4320 711 4355 a
729 4308 814 4358 tanta
832 4300 932 4357 extitit
947 4299 1029 4356 fama
1043 4306 1077 4357 ut
1090 4294 1104 4377 ll
1121 4306 1151 4359 17
1164 4296 1363 4376 hypographa

226 4409 257 4457 ςι
285 4386 456 4466 hypograt'a
478 4388 503 4443 R
522 4384 735 4464 hypographice
753 4387 779 4440 B
798 4379 811 4463 ΙΙ
834 4383 969 4463 quolibet
992 4385 1018 4439 R
1034 4378 1047 4465 ΙΙ
1062 4383 1193 4441 mitteret
1214 4385 1273 4450 Be.-
1298 4381 1362 4438 mit·

225 4482 339 4532 teretur
351 4474 378 4528 R
391 4467 405 4554 Η
421 4471 570 4542 mitteret,
587 4471 711 4547 negauit
727 4490 759 4527 se
775 4468 924 4527 iacturum
936 4468 1091 4546 Virgilius.
1109 4469 1156 4525 cul
1173 4486 1191 4537 ς
1352 4474 1354 4477 ’
