3218 5000
234 411 296 475 220
737 429 867 470 rasrvu

638 574 736 640 uelox
758 577 806 640 ibi
826 584 922 640 nocte
944 575 1081 661 Bootes,

234 680 311 766 quia
331 701 402 743 cum
419 685 490 743 orta
508 677 607 742 fuerit
627 679 691 743 cito
713 677 794 742 facit
813 680 990 762 occasum]
1026 686 1270 743 sursumsunt
1290 676 1371 741 mul-

233 790 286 845 tae
308 782 401 867 iuges
422 778 554 861 stellae,
577 801 658 867 quas
682 779 780 843 etiam
801 790 945 845 Boravu
965 780 1166 870 appellamus
1188 802 1210 843 a
1230 780 1372 845 multitu·

233 882 310 947 diue
345 880 521 947 stellarum.
570 902 646 945 nam
681 889 713 944 et
740 882 831 969 ipsae
857 891 981 969 septem
1009 904 1082 948 esse
1109 870 1274 965 dicuntur,
1313 881 1372 946 sed

232 983 371 1072 amplius
394 1004 490 1071 quam
513 1005 573 1047 sex
590 982 700 1047 nullus
722 985 911 1071 conspicere
931 993 1048 1071 potest.
1084 984 1165 1049 haec
1183 983 1225 1048 ab
1248 984 1394 1048 orientes

234 1095 372 1171 snrgunt
393 1094 425 1149 et
446 1083 727 1172 adpropinquante
746 1084 811 1151 diei
835 1086 983 1150 claritate
1013 1084 1180 1151 stellarum
1202 1087 1271 1151 eius
1293 1083 1371 1150 ordo

234 1187 439 1252 distenditur.
483 1184 616 1251 Pliades
637 1195 745 1251 autem
768 1210 788 1251 a
808 1186 997 1273 pluralitate
1019 1198 1154 1252 uocatae
1176 1197 1266 1271 sunt,
1296 1187 1373 1275 quia

233 1287 452 1378 pluralitatem
481 1287 601 1354 Graeci
629 1279 695 1352 eiad
722 1287 784 1355 τοῦ
810 1291 968 1354 πλείστου
997 1288 1173 1377 appellant.
1223 1289 1281 1354 has
1308 1288 1373 1352 La-

232 1392 292 1455 tini
313 1406 500 1455 veneratas
522 1389 769 1477 appellauerunt
784 1413 822 1455 eo
840 1391 927 1479 quod
948 1401 1022 1479 post
1040 1412 1098 1455 uer
1115 1393 1317 1474 exoriuntur,
1341 1399 1374 1455 et

233 1515 271 1557 eo
293 1496 398 1579 magis
421 1515 441 1557 a
463 1493 581 1557 ceteris
603 1492 848 1578 praedicantur,
872 1491 959 1581 quod
982 1493 1031 1557 his
1055 1494 1279 1559 exorientibus
1299 1515 1369 1558 aes·
1381 1507 1405 1548 ¹⁰

232 1604 284 1678 tas
321 1594 524 1679 significatur
556 1603 588 1658 et
614 1593 838 1659 occidentibus
866 1595 992 1682 hiemps
1020 1595 1210 1660 ostenditur.
1262 1611 1373 1659 oerore

234 1695 328 1761 stella
345 1706 394 1760 est
412 1722 483 1762 sss.
505 1695 559 1759 hie
571 1704 679 1760 autem
690 1693 792 1760 Orion
808 1696 952 1782 agladio
969 1696 1075 1762 dictus
1091 1705 1155 1779 est,
1171 1696 1258 1760 unde
1275 1698 1372 1761 etiam

235 1820 308 1864 eum
336 1797 446 1863 Latini
472 1808 632 1862 Ivovasu
656 1808 794 1883 uocant,
828 1798 919 1863 sidus
946 1807 983 1864 ut
1003 1799 1134 1864 uidetur
1161 1807 1319 1864 armatum
1342 1808 1374 1862 et

234 1990 370 2056 proximos
393 1990 441 2041 sed
466 1994 587 2054 tempore
606 1987 711 2039 diuisos
729 1989 773 2039 dei
790 1990 999 2055 praedicatores
1017 1990 1173 2041 ostendunt.
1209 1989 1315 2040 Orion

234 2059 449 2125 perturbant.
487 2056 605 2107 Orienes
624 2063 716 2107 sutem
734 2057 895 2123 significant
907 2064 1050 2124 martyres,
1068 2074 1132 2109 uam
1150 2060 1224 2108 sieut
1241 2059 1289 2108 isti
1309 2073 1372 2107 uas·

235 2132 333 2177 cuntur
350 2127 379 2176 in
398 2126 478 2176 caelo
497 2132 619 2192 tempore
638 2125 745 2187 hiemis,
765 2127 805 2176 ita
818 2127 847 2175 in
860 2127 982 2177 ecelesia
994 2132 1129 2191 martyres
1142 2127 1292 2192 procedunt
1304 2131 1372 2176 tem·

211 2218 213 2228 ·
234 2210 300 2260 pore
323 2194 533 2260 persecutionis.
574 2193 787 2259 procedentibus
809 2194 957 2247 Orionibus
985 2204 1060 2245 mare
1084 2196 1210 2244 turbatur
1237 2199 1266 2244 et
1288 2199 1371 2257 terra,

235 2263 340 2313 obortis
357 2278 423 2313 uero
442 2261 607 2324 martyribus
625 2266 795 2312 terrenorum
814 2266 842 2311 et
860 2263 1009 2313 infidelium
1028 2263 1112 2313 eorda
1129 2264 1296 2327 tempestate
1314 2263 1372 2312 iac·

234 2335 336 2381 tantur.
373 2330 488 2380 Lucifer
507 2328 589 2379 stella
606 2330 707 2393 nitens,
733 2345 803 2394 quae
822 2332 940 2381 omnium
959 2332 1076 2381 maxime
1095 2330 1196 2381 clarior
1214 2346 1274 2380 esse
1297 2330 1372 2380 uide-

235 2403 293 2462 tur;
312 2414 376 2448 uam
393 2397 618 2463 quemadmodum
641 2398 680 2449 sol
708 2404 736 2448 et
754 2398 832 2461 luna,
858 2400 898 2448 ito
922 2405 950 2449 et
972 2401 1043 2449 haec
1061 2400 1184 2449 umbram
1203 2399 1281 2449 facit.
1317 2399 1373 2449 ista

235 2468 320 2533 igitur
337 2468 471 2517 orientem
495 2465 579 2515 solem
604 2467 749 2531 praecedit
772 2467 861 2532 adque
885 2483 965 2517 mane
994 2469 1123 2517 nuntians
1151 2467 1281 2517 tenebras
1308 2482 1372 2516 noc-

234 2536 270 2585 tis
294 2534 403 2585 luminis
427 2535 469 2583 sui
492 2533 599 2597 fulgore
623 2535 738 2600 spargit.
780 2537 856 2584 cuius
880 2535 967 2601 ligura
991 2542 1034 2585 est
1056 2536 1195 2598 Christus,
1226 2536 1272 2652 qui
1296 2534 1374 2584 uelut

235 2604 336 2653 lucifer
352 2619 402 2668 per
419 2602 620 2651 incarnationis
638 2605 795 2665 mysterium
815 2603 981 2668 producitur,
1000 2620 1050 2669 per
1068 2619 1146 2668 quem
1165 2603 1210 2652 lux
1248 2603 1292 2652 dei
1304 2607 1373 2652 tam-

236 2688 316 2737 quam
340 2672 399 2719 dies
423 2675 551 2720 secutura
574 2676 748 2723 monstratur.
789 2671 903 2720 Lucifer
926 2678 1017 2721 autem
1046 2670 1193 2737 bipertitus
1218 2678 1272 2732 est,
1297 2672 1373 2720 cuius

236 2756 300 2807 pars
318 2744 416 2788 saneta
436 2744 486 2798 est,
505 2738 577 2787 sicut
595 2738 718 2787 dominus
736 2740 764 2787 in
783 2739 944 2803 apocalypsi
963 2739 997 2788 de
1016 2755 1045 2789 se
1065 2746 1092 2789 et
1109 2740 1143 2789 de
1158 2739 1278 2789 ecclesia
1290 2739 1372 2788 dicit:

235 2810 295 2871 Ego
314 2823 372 2855 sum
390 2821 476 2870 genus
496 2810 523 2853 et
541 2806 619 2855 radix
631 2807 731 2865 Dauid,
751 2806 833 2855 stella
845 2806 990 2872 splendida
1009 2814 1037 2857 et
1055 2808 1198 2867 matutina,
1219 2812 1247 2855 et
1260 2807 1373 2856 iterum:

236 2877 289 2937 Qui
306 2876 415 2936 uincet,
443 2873 515 2921 rlaho
534 2872 576 2921 illi
594 2873 703 2923 stellam
722 2876 894 2925 matutinam.
936 2891 1000 2940 pars
1025 2882 1115 2925 autem
1139 2874 1250 2925 luciferi
1278 2875 1374 2925 diabo-

235 2942 277 2992 lus
297 2957 357 2992 osse
376 2941 555 3005 dignoscitur,
575 2942 607 2990 dc
627 2957 678 3005 quo
697 2943 828 3007 seriptum
848 2948 903 2993 est:
929 2943 1068 3005 Quomodo
1093 2943 1219 2993 cecidisti
1243 2943 1276 2992 de
1295 2943 1374 2993 eaelo

235 3011 349 3069 lucifer,
370 3011 415 3074 qui
432 3024 511 3058 moue
531 3009 685 3058 oriebaris?
717 3011 762 3074 qui
782 3012 866 3060 etiam
886 3013 913 3060 in
933 3012 1012 3060 eaelo
1031 3027 1113 3076 super
1131 3011 1228 3060 stellas
1241 3011 1285 3061 dei
1306 3011 1375 3061 dicit

236 3094 266 3128 se
290 3078 383 3127 sedem
406 3078 556 3143 positurum
586 3082 614 3125 et
642 3077 745 3127 cutiens
769 3079 802 3128 de
832 3078 911 3128 caelo
935 3080 1126 3144 confringitur.
1171 3079 1308 3144 Vesperns
1332 3084 1375 3129 est

235 3146 319 3196 stella
343 3145 526 3195 occidentalis
549 3151 657 3195 noctem
681 3146 792 3196 dirceus.
833 3147 879 3195 hie
898 3147 982 3197 solem
1006 3147 1178 3197 occidentem
1201 3148 1324 3212 sequitur
1347 3151 1375 3197 et

235 3215 365 3264 tenebras
387 3213 567 3264 succedentes
590 3213 741 3278 praecedit.
785 3217 862 3264 cuius
890 3216 978 3279 figura
1002 3215 1158 3265 antichristi
1183 3215 1311 3281 exprimit
1332 3220 1373 3278 ty·

236 3298 307 3349 pum,
327 3283 372 3346 qui
390 3287 528 3346 tamquam
547 3297 646 3347 uesper
667 3287 698 3332 ut
722 3284 763 3332 ait
781 3283 830 3332 lob
853 3298 935 3348 super
958 3283 1029 3332 filios
1052 3289 1142 3333 terrae
1167 3283 1320 3348 consurgit,
1345 3288 1375 3332 ut

237 3366 339 3400 caecae
358 3350 448 3401 noctis
467 3365 597 3399 successu
616 3350 769 3400 camalium
782 3351 866 3401 corda
879 3350 1007 3410 offuscet;
1027 3351 1097 3417 quod
1110 3351 1172 3401 ideo
1191 3356 1304 3401 auctore
1322 3351 1373 3401 deo

235 3418 279 3479 fit,
310 3420 374 3484 quia
401 3434 449 3483 pro
480 3416 647 3467 infidelitate
671 3419 851 3483 praecedenti
880 3434 934 3484 qua
956 3425 1104 3469 renuerunt
1127 3420 1237 3469 Christo
1261 3419 1373 3469 credere

237 3486 429 3537 antichristum
460 3487 603 3550 succipere
628 3493 791 3537 meruerunt.
829 3490 976 3536 cometes
1058 3503 1209 3553 surgere.
1246 3488 1284 3537 de
1312 3503 1373 3552 quo

236 3555 401 3604 Prudentius
421 3554 474 3603 ait:
499 3555 599 3603 Tristis
618 3562 725 3604 cometa
744 3555 911 3604 intercidat.⁴
940 3561 968 3606 et
985 3559 1143 3606 Lucanus
1220 3553 1373 3621 tempus'

235 3622 363 3687 Hyginus
381 3623 411 3672 P.
431 3622 461 3671 Α.
481 3622 508 3671 ll
527 3623 557 3671 2:
578 3624 722 3688 ‘Vtrasque
743 3629 834 3671 arctos
853 3623 1010 3689 appellatas
1028 3640 1103 3687 esee,
1122 3640 1189 3690 quas
1207 3625 1295 3674 nostri
1313 3640 1373 3689 sep·

236 3692 388 3741 tentriones
412 3691 551 3740 dixerunt:
581 3691 630 3740 sed
658 3692 789 3740 maiorem
814 3698 909 3741 arcton
934 3693 1087 3758 complures
1110 3693 1233 3757 plaustro
1256 3692 1373 3742 similem

236 3759 375 3820 dixerunt,
401 3764 428 3808 ct
451 3745 567 3825 ἅμαξαν
591 3759 693 3809 Graeci
716 3759 928 3825 appellauerunt
951 3797 1107 3811 ........
1133 3762 1228 3825 itaque
1252 3765 1280 3810 et
1303 3761 1375 3827 quod

236 3877 438 3887 ——-

324 3958 334 4008 l
349 3946 440 4006 uelox
448 3945 499 4005 ubi
512 3955 618 4006 exorta
627 3946 719 4006 fuerit
730 3954 821 4007 nocte
834 3951 861 4006 B
875 3944 888 4030 Η
903 3949 1008 4006 boetes
1026 3950 1099 4006 BGD
1113 3941 1127 4030 Η
1143 3946 1253 4007 tcusB
1264 3944 1275 4028 Η
1289 3950 1375 4012 Setia

236 4036 264 4092 B
285 4026 298 4114 Η
319 4032 486 4112 apellamus
502 4035 529 4089 B
549 4029 562 4111 Η
582 4043 599 4093 t
618 4034 707 4112 *ipse
723 4035 749 4090 Β
763 4026 777 4115 Η
793 4045 809 4096 5
824 4035 882 4092 hae
906 4029 945 4091 B²
960 4029 973 4115 Η
988 4043 1005 4096 6
1022 4034 1284 4114 appropinquante
1300 4030 1341 4091 B²
1359 4030 1373 4116 Η

236 4118 376 4178 stellarii*
390 4121 415 4174 B
429 4112 443 4199 Η
457 4125 472 4178 7
490 4138 527 4176 ax
543 4112 594 4200 ΒΗ
609 4119 753 4196 pluritate
769 4122 817 4177 CI)
831 4114 844 4200 Η
859 4120 1060 4198 8pluritatem
1074 4121 1101 4176 Ι)
1125 4114 1129 4197 Η
1143 4109 1202 4177 ἀπὸ
1213 4116 1266 4176 τοῦ
1274 4117 1374 4176 πλείσ-

236 4222 288 4262 του
314 4205 476 4263 Beclreros:
500 4204 601 4280 aploto
622 4203 745 4282 pisthon
765 4205 1009 4284 Bapotopliston
1025 4206 1102 4261 CDE
1122 4200 1328 4284 {Ouirgilisas
1349 4208 1375 4262 Β

238 4286 252 4372 Η
268 4284 490 4348 exorianturB²
506 4283 519 4368 Η
536 4300 569 4351 10
579 4291 675 4347 maius
687 4292 743 4346 ΒΕ
756 4284 769 4371 Η
785 4310 803 4346 a
817 4310 871 4350 om.
889 4295 912 4348 Β
928 4286 941 4373 Η
956 4288 1100 4347 *secteris
1112 4292 1138 4346 B
1152 4284 1165 4372 Η
1181 4311 1240 4370 quo
1257 4286 1295 4345 B¹
1312 4286 1325 4370 Η
1344 4302 1372 4352 ιι

237 4384 267 4433 et
283 4394 336 4433 om.
356 4376 433 4432 CDE
445 4368 458 4454 Η
474 4372 682 4433 occidentibus
697 4393 770 4432 uero
783 4377 860 4433 CDE
873 4372 887 4458 Η
903 4385 936 4436 la
952 4374 1009 4452 est]
1021 4392 1096 4450 qrcae
1107 4377 1153 4433 hic
1167 4377 1375 4435 interciderunt

236 4469 313 4518 recte
334 4463 460 4518 Griolius
475 4477 515 4517 cu·
528 4462 618 4519 schol.
637 4462 732 4519 Germ.
748 4464 768 4518 1.
787 4479 812 4518 c.
829 4465 973 4537 supplevit

1531 654 1557 709 Ο
