3194 5004
255 389 317 450 498
671 413 704 452 ru
718 413 815 454 urrnu
831 411 978 454 rancura

254 559 397 619 habiliter
417 568 627 620 statuens—
650 562 707 622 Oet
695 572 807 623 teram·
814 565 874 623 alio
897 561 987 621 modo
1010 562 1092 621 idern
1113 565 1253 622 Caecilius
1276 585 1388 624 namen
1424 536 1429 546 ⁵

253 662 440 740 infrap.33,
460 673 486 723 11
506 673 750 744 corruptumest.

336 765 411 841 Peg.
427 763 482 836 28,
498 765 537 824 10
562 768 618 825 etei
635 768 740 825 mirum
756 776 802 826 est
823 768 854 824 in
870 771 964 825 dictus
982 776 1024 824 est
1046 767 1185 825 converti
1213 736 1389 845 potuisses

254 864 384 925 librariis
407 870 528 939 dicitur,
555 876 657 927 tamen
674 869 749 928 Suet
737 870 822 928 tenio
837 869 911 940 hoe,
934 889 996 927 non
1018 868 1094 928 illud
1115 866 1235 927 tribui
1226 889 1325 948 lpsam
1340 890 1387 929 ea·

253 988 324 1026 nam
340 969 490 1028 rationem
505 950 610 1028 iubere
626 972 831 1030 Mommseaus
848 973 945 1030 sensit
959 972 1128 1030 verissime.

335 1070 412 1149 Psg.
432 1071 486 1143 29,
508 1072 573 1130 lin
597 1074 859 1151 praepositionem
881 1072 1034 1132 addebam
1058 1082 1093 1132 ut
1117 1073 1258 1151 proxima
1284 1077 1386 1131 uestitu

251 1192 328 1231 uoce
348 1172 501 1247 haustam,
531 1175 602 1253 quia
628 1177 758 1233 subsellia
779 1178 907 1233 residens
928 1174 1100 1255 sentiebam
1119 1184 1293 1253 poetarum,
1323 1194 1387 1233 nan

252 1274 432 1352 scriptorum
448 1295 526 1333 esee.
562 1275 628 1360 ,Sed
645 1275 786 1335 Suetonii
807 1285 909 1335 tamen
933 1265 1065 1336 aetatem
1082 1297 1101 1334 a
1122 1275 1237 1334 talibus
1255 1296 1318 1336 non
1334 1274 1386 1333 ab·

251 1376 404 1436 horruisse
430 1378 498 1456 ipse
525 1380 712 1437 annotastis
733 1379 916 1438 certissimae
937 1378 1083 1457 prodeat,
1111 1378 1162 1457 qui
1185 1376 1283 1455 Ontig.
1306 1397 1331 1434 c.
1353 1387 1388 1438 50

251 1487 313 1536 tara
328 1483 458 1537 residens
474 1479 565 1551 dixit,
582 1481 655 1538 Ner.
667 1490 699 1543 13
713 1483 809 1538 curuli
823 1485 966 1549 residens,
984 1480 1117 1540 Claud?
1135 1489 1164 1537 ut
1177 1483 1275 1553 equita
1289 1483 1388 1537 deste-
1476 1542 1480 1547 ,

250 1584 328 1636 riore
348 1598 446 1637 umero
467 1584 639 1647 consideret,
667 1581 747 1659 Aug.
770 1590 804 1643 13
827 1586 925 1639 lectica
946 1585 1069 1659 cubans,
1097 1589 1132 1643 73
1156 1583 1286 1639 cubuisse
1316 1590 1386 1640 tara.

250 1682 328 1760 Non
338 1681 505 1741 imitabitur
519 1683 611 1760 igitur
627 1692 763 1743 nostrum
779 1685 952 1762 exemplam
968 1683 1021 1762 qui
1042 1683 1172 1762 posthac
1191 1683 1273 1741 hanc
1293 1681 1386 1742 edera

250 1784 345 1841 vitem
360 1784 534 1843 instituerit.
564 1785 689 1873 Diversi
704 1787 826 1862 generis
842 1794 913 1844 sunt
927 1790 957 1843 iu
969 1793 1102 1858 superte
1116 1780 1242 1843 consedit
1253 1785 1332 1862 Aug.
1342 1794 1385 1857 13,

250 1888 279 1942 in
297 1888 446 1943 orchestra
463 1889 610 1944 considere
626 1894 674 1959 11,
697 1905 760 1945 curn
776 1864 804 1944 in
821 1892 892 1946 aede
916 1889 1016 1945 Vestae
1031 1891 1181 1945 resedisset
1195 1888 1269 1946 Ner.
1288 1897 1334 1963 111,
1357 1891 1386 1945 in

250 1990 331 2067 danto
345 1989 523 2046 Maecenatis
536 1990 659 2046 cubabat
674 1988 754 2066 Aug.
770 1996 819 2063 71,
836 1993 866 2046 in
876 1993 1026 2064 peristylia
1044 1992 1166 2069 cubabat
1180 1987 1221 2048 ib.
1236 1998 1281 2053 81.

334 2092 432 2150 Versu
452 2089 472 2149 8
495 2086 739 2169 percucurrerat,
762 2090 1050 2170 Reduplientionem
1077 2075 1144 2150 'cum
1166 2090 1289 2150 codices
1311 2089 1385 2149 Sus·

248 2193 370 2250 toniuni
386 2193 503 2251 octiens
518 2201 642 2271 praeter
662 2193 721 2251 hoc
742 2193 915 2272 exemplum
935 2202 1079 2252 tueantur
1101 2194 1134 2251 in
1158 2201 1387 2251 accucurrerunt

251 2292 381 2366 01118,
404 2299 622 2352 concucurrisse
636 2294 694 2353 Iul.
713 2306 759 2368 15,
783 2300 948 2353 decucurrit
969 2296 1044 2354 Ner.
1064 2306 1107 2368 11,
1128 2299 1304 2353 discucurrit
1320 2294 1385 2354 Cal.

165 2418 166 2421 ¹
248 2404 296 2469 31,
324 2401 540 2454 excucurrisset
568 2395 659 2456 Galb.
687 2407 734 2470 18,
760 2400 949 2470 percucurrit
974 2398 1048 2456 Ner.
1074 2406 1106 2471 3,
1132 2401 1387 2470 procucurrissent

249 2496 359 2557 Claud.
376 2507 422 2573 19,
439 2504 700 2559 transcucurrisset
720 2498 850 2573 01111,
874 2498 957 2558 haud
978 2501 1040 2558 scio
1061 2519 1101 2558 an
1124 2518 1162 2558 ea
1183 2500 1234 2558 hia
1254 2501 1385 2578 scriptor

248 2600 288 2657 sit
303 2609 481 2659 constanter
495 2622 576 2672 usus.
615 2601 805 2680 Quamquam
825 2600 986 2660 fatendum
1007 2588 1053 2661 sit
1072 2603 1146 2660 item
1168 2603 1284 2661 octiens
1312 2620 1385 2658 een·

249 2700 319 2759 dem
334 2701 428 2761 libros
444 2704 586 2781 ignorare
603 2704 636 2761 in
651 2708 812 2779 accurrisse
827 2705 900 2764 Ner.
917 2712 960 2764 11.
977 2713 1024 2777 st,
1046 2712 1258 2762 concurrerunt
1275 2702 1384 2762 Claud.

247 2811 291 2863 11.
323 2801 459 2876 011111,
480 2809 697 2864 concurrissent
721 2806 780 2864 Iul.
797 2814 844 2880 31,
868 2811 1041 2865 occurrisset
1064 2805 1143 2883 Aug.
1159 2814 1203 2870 96.
1234 2803 1342 2864 Claud.
1357 2812 1383 2875 8,
1400 2824 1409 2843 ·

246 2909 395 2978 procurrit
409 2906 482 2964 Ner.
499 2914 542 2967 47.
1305 2919 1313 2933 ⁶

325 3006 407 3082 Peg.
423 3007 480 3080 ab,
494 3007 514 3066 b
528 3024 595 3086 sqq.
618 3026 636 3066 a
657 3009 770 3068 veteris
791 3009 859 3069 libri
881 3010 1181 3087 Parisiniaememoria
1202 3027 1282 3089 qaae
1308 3009 1385 3067 haee
1473 3018 1481 3035 ‘

248 3117 310 3168 eet:
332 3113 465 3182 qrramuis
480 3114 624 3167 uulcatius
637 3115 672 3169 de
690 3116 888 3170 numeratione
905 3117 1028 3171 omniurn
1050 3118 1091 3170 ita
1108 3115 1216 3170 scribat
1241 3116 1385 3169 ‘sumetur

246 3212 347 3299 becira
363 3219 449 3268 senta
463 3229 503 3269 ex
522 3214 567 3271 bis
583 3214 711 3287 sabula',
736 3216 779 3273 ita
794 3213 863 3294 libri
879 3215 993 3274 novicii
1010 3214 1188 3293 discrepant
1203 3207 1236 3271 ut
1258 3216 1293 3270 de
1314 3229 1383 3269 enu-

246 3316 403 3370 meratione
420 3322 451 3371 et
471 3318 569 3374 scribit
584 3316 765 3391 exhibeant,
787 3318 902 3376 maiore
919 3336 959 3375 ex
978 3326 1066 3395 parte
1088 3320 1212 3373 omniurn
1234 3315 1382 3387 omittant,

246 3434 302 3495 pro
318 3424 447 3474 sumetur
464 3427 564 3477 autem
580 3420 630 3478 vel
646 3429 809 3477 sumeretur
825 3419 1010 3479 substituunt
1024 3418 1076 3477 vel
1096 3421 1232 3475 submett‘
1252 3418 1304 3476 vel
1318 3418 1383 3474 sub-

244 3517 342 3577 mdtur
360 3520 412 3578 vel
426 3523 576 3579 submerct.
621 3523 811 3581 Etnuureris
828 3521 1029 3602 quidamque
1051 3521 1126 3580 estis
1147 3522 1248 3593 fieret,
1273 3527 1325 3578 aut
1345 3536 1384 3575 ex

246 3624 323 3679 truce
337 3624 528 3701 propositum
544 3633 592 3682 est
607 3624 713 3683 aut‘ea
727 3627 771 3681 bis
788 3625 980 3703 transposita¹
989 3632 1062 3681 ante
1074 3625 1208 3697 Hecura:
1223 3630 1383 3700 utrumque

245 3725 319 3783 satis
336 3725 456 3784 exiliter
472 3734 502 3784 et
515 3734 549 3784 ut
564 3708 612 3783 ad·
619 3728 664 3785 rei
679 3732 824 3787 summam
839 3726 958 3785 animus
974 3744 1014 3784 ne
1028 3725 1239 3784 adverteretur
1250 3722 1382 3802 quidem.

246 3827 325 3885 Nam
346 3826 420 3906 quid
444 3828 570 3887 tandem
595 3828 654 3887 sibi
679 3829 761 3887 veile
782 3828 859 3887 illud
880 3829 981 3907 ipsum
1000 3836 1143 3897 sumetur,
1165 3827 1232 3886 sive
1252 3831 1384 3883 sumatur

244 3929 467 3988 substituerunt
482 3931 548 4005 alii,
565 3930 760 4009 putabimus?
787 3930 879 4009 Quod
895 3950 962 3988 eum
977 3929 1106 3989 Rothius
1121 3950 1152 4008 p.
1166 3938 1217 3991 180
1231 3929 1275 3987 sic
1290 3929 1383 3985 inter·

245 4039 383 4110 pretatur
399 4034 478 4109 ‘mag
492 4033 732 4110 hingenommen
747 4032 894 4107 werden’,
918 4042 949 4091 et
964 4050 1071 4092 sanam
1085 4031 1273 4095 sententiam
1288 4037 1319 4087 et
1339 4028 1383 4086 ln·

245 4134 397 4192 unitatem
414 4133 631 4193 desideremus
677 4135 744 4193 Nea
759 4134 828 4213 plus
844 4135 1043 4213 profecerunt
1058 4136 1084 4193 si
1100 4134 1153 4213 qui
1168 4152 1224 4211 pro
1241 4134 1384 4189 eximetur

245 4243 447 4313 aeceperunt:
474 4255 532 4294 nes
557 4238 639 4295 enim
665 4236 744 4295 hane
768 4238 833 4295 vim
852 4254 966 4294 sumere
985 4236 1112 4295 uerbum
1134 4234 1227 4293 habet
1249 4233 1382 4304 omuino,

245 4356 304 4393 nea
318 4336 401 4395 unde
419 4336 584 4396 eximenda
597 4337 703 4396 fabula
717 4340 759 4398 sit
770 4358 871 4418 quave
886 4357 995 4397 causes
1011 4357 1141 4418 quemve
1157 4335 1304 4395 adfinem
1320 4334 1384 4392 uxi·

243 4439 371 4512 aranda,
398 4440 597 4517 intellegitur.
647 4440 739 4518 Quod
772 4450 873 4499 autern
901 4460 998 4499 nexus
1022 4439 1244 4498 sententiarum
1266 4437 1385 4514 flagitat
