3202 4998
675 507 679 515 ,
694 444 797 486 csrvr
812 443 850 485 ιιι
1274 422 1336 487 stt

203 599 370 661 Varronem
385 606 507 659 secutus
524 606 573 659 est
590 605 623 657 ut
640 598 705 657 iure
721 615 790 657 aum
806 596 974 656 Varronem
991 593 1146 655 rettulisse
1161 593 1262 668 dicas,
1281 592 1337 655 sed

203 710 304 762 tamen
321 722 382 762 nen
396 702 441 760 ita
454 710 487 760 ut
499 701 564 761 eius
579 699 732 761 breviator
749 707 866 759 tautum
880 695 969 758 mede
985 700 1124 759 armarit
1148 700 1337 760 contraxisse
1391 729 1395 737 ·

203 803 326 884 quidem
341 811 372 865 at
387 805 418 864 iu
433 803 555 864 brevius
571 803 711 881 coegisse
727 800 827 863 studia
838 801 1010 882 antiquaria
1019 801 1232 882 Tranquillum
1247 800 1336 862 intel·

203 907 289 984 leges
304 907 330 967 si
344 907 534 986 reputaveris
549 905 716 966 Varronem
732 903 771 964 de
785 904 852 965 iure
867 903 951 964 civili
964 902 1188 984 quindecimis
1203 906 1268 964 vita
1282 925 1336 986 po·

203 1008 267 1089 pali
276 1010 407 1070 Romani
422 1016 563 1091 quattuor
572 1007 665 1067 libros
677 1006 849 1087 scripsisse,
863 1004 1042 1069 Suetonium
1053 1014 1158 1066 centra
1172 1005 1211 1068 (le
1223 1006 1337 1067 endem

203 1109 294 1170 rebus
323 1109 440 1173 duobus
465 1110 551 1171 libris
576 1111 686 1188 egisse.
727 1107 782 1171 ssd
806 1108 955 1188 peculiari
979 1117 1081 1169 tamen
1106 1109 1234 1169 consilio
1258 1109 1335 1170 haec

201 1212 454 1274 strrdiatractarit
464 1213 577 1294 quippe
592 1231 672 1293 quae
685 1212 724 1271 ad
735 1231 856 1272 suerum
870 1220 1037 1293 temporum
1046 1211 1192 1272 rationem
1208 1222 1239 1273 et
1249 1233 1336 1274 usum

203 1313 466 1376 accommodaret·
489 1315 533 1375 sie
548 1314 657 1375 librum
673 1313 712 1375 ds
729 1314 919 1402 institutione
936 1314 1105 1374 officiorum
1121 1323 1152 1374 et
1165 1333 1221 1374 sue
1241 1315 1335 1394 ipsius

203 1418 303 1477 efficio
316 1426 347 1477 et
357 1416 508 1477 Hadriani
519 1416 755 1478 institutionibus
766 1416 916 1477 adductus
932 1417 1119 1496 conscripsit.
1134 1437 1214 1477 nova
1224 1416 1337 1478 deiude

201 1521 319 1580 ratione
331 1519 422 1580 etiam
432 1512 572 1580 ludern'm
580 1520 785 1582 Romanorum
798 1518 954 1580 historiam
969 1519 1144 1599 conposuit:
1156 1540 1226 1579 nam
1238 1540 1306 1580 cum
1317 1541 1337 1581 a

202 1622 340 1682 Varrone
364 1623 577 1702 antiquitatum
600 1621 769 1682 divinarum
790 1621 869 1682 libre
891 1642 969 1681 nono
993 1621 1031 1681 de
1051 1621 1235 1683 circensibus
1256 1621 1336 1684 ludis

203 1723 321 1785 decimo
340 1723 379 1784 de
393 1724 544 1786 scaenicis
565 1724 748 1803 disputatum
773 1732 872 1797 esset,
896 1725 963 1804 ipse
984 1733 1107 1803 praeter
1121 1723 1336 1804 gladiatorium

201 1847 308 1887 munus
323 1826 355 1887 id
371 1836 417 1888 est
432 1826 521 1887 ludes
536 1826 804 1907 amphitheatrales
820 1845 935 1905 agones
953 1836 1022 1906 pest
1036 1826 1204 1887 Varronem
1222 1835 1253 1887 et
1268 1827 1335 1889 Sin·

200 1930 283 1990 nium
300 1927 479 2008 Capitonem
494 1949 514 1988 a
526 1929 671 1990 liemarus
691 1937 831 2009 receptes
847 1925 975 1987 addidit.

209 2106 213 2115 Ι
287 2029 350 2091 Sed
362 2050 423 2090 uon
437 2030 534 2091 solum
549 2030 712 2111 antiquarii
734 2038 765 2089 et
780 2030 915 2089 historici
935 2038 1037 2108 partes
1058 2029 1200 2089 sustinuit
1221 2029 1276 2090 sed
1297 2031 1336 2090 si-

201 2133 263 2193 mul
284 2132 413 2214 physica
432 2130 534 2192 studia
554 2152 573 2191 a
591 2132 738 2191 Romanis
760 2129 926 2192 (laesarum
951 2141 1052 2191 aetate
1074 2150 1188 2191 summe
1215 2131 1337 2193 fervere

201 2242 333 2296 tractata
347 2232 449 2294 coluit.
476 2253 555 2314 quae
572 2231 722 2293 Hadriani
735 2242 869 2312 tempere
879 2253 940 2295 neu
955 2233 1188 2293 extincteimme
1205 2234 1337 2296 fortasse
1426 2250 1430 2259 '

200 2338 297 2417 ipsius
313 2335 456 2397 Caesaris
468 2334 608 2413 exemplo
624 2345 714 2395 aucta
727 2354 795 2395 esse
807 2334 961 2415 Spartiani
978 2333 1177 2395 iuHadriane
1195 2345 1227 2399 13
1242 2336 1337 2397 verbs

202 2437 338 2499 indicare
354 2436 510 2498 videntur:
536 2449 601 2513 pest
613 2443 642 2496 ia
660 2436 780 2496 Sterir'em
794 2441 948 2513 acciperit,
966 2443 995 2496 tu
1015 2457 1071 2512 qua
1085 2443 1200 2496 Aetnam
1221 2448 1336 2499 monum

201 2544 371 2614 reaccendit,
386 2552 416 2600 ut
429 2544 494 2600 mro
508 2549 598 2599 ertum
613 2542 718 2598 smeret
730 2556 816 2598 erere
829 2544 921 2615 speeie
933 2548 964 2598 ut
977 2542 1076 2598 αἰσίαν
1091 2545 1211 2600 aarum.
1241 2550 1272 2603 et
1289 2552 1335 2605 lt:

201 2648 251 2704 sert
264 2648 293 2702 in
303 2652 392 2703 moute
404 2646 498 2702 Cerne
510 2661 573 2702 eum
586 2645 698 2702 meandi
709 2645 861 2701 soliterius
873 2646 965 2719 pretia
975 2649 1054 2700 metr
1064 2645 1240 2714 memoriast,
1252 2647 1339 2704 inbre

201 2754 260 2805 erte
278 2765 305 2806 e.
326 2766 356 2827 q.
374 2766 398 2805 s.
427 2742 481 2804 sed
497 2744 576 2804 utin
595 2744 653 2805 hac
668 2763 702 2804 re
723 2764 785 2803 neu
801 2744 919 2804 alienus
941 2744 1035 2804 fuisse
1052 2742 1217 2806 Suetonius
1233 2743 1342 2825 prodi·-

200 2856 250 2907 tur
265 2847 302 2907 ab
319 2847 491 2926 aequalium
506 2845 628 2920 studiis,
649 2847 692 2907 ita
707 2844 926 2926 aspernabatur
947 2844 1031 2905 aliud
1051 2848 1161 2908 aetatis
1180 2868 1255 2910 suae
1275 2857 1337 2910 stu·

203 2948 284 3009 dium
303 2947 440 3009 eiusdem
465 2950 655 3028 imperatoris
673 2948 823 3009 Hadriani
845 2951 896 3030 qui
917 2949 1082 3029 Spartiaue
1103 2958 1182 3010 testa
1203 2951 1337 3014 Ennium

201 3050 339 3131 Vergilio
354 3049 497 3112 Ciceroni
518 3050 664 3111 Catonem
677 3049 816 3111 (laelium
831 3051 978 3112 Sallustio
993 3052 1138 3131 praetulit
1158 3055 1337 3116 auctoritate

201 3155 401 3228 concitatum,
418 3174 477 3235 quo
491 3163 526 3214 ut
540 3164 660 3215 veteres
671 3155 781 3215 formas
794 3174 833 3213 ex
846 3155 1035 3235 antiquorum
1050 3155 1170 3233 scriptis
1189 3165 1290 3216 erutas
1305 3158 1336 3217 iu

200 3276 287 3316 usum
310 3276 496 3317 communem
516 3266 700 3317 revocarent
720 3255 905 3316 nitebantur.
936 3254 984 3316 his
1004 3256 1083 3314 euim
1107 3276 1140 3316 se
1158 3258 1337 3336 opposuisse

200 3359 412 3439 Tranquillum
426 3378 519 3439 supra
531 3378 598 3418 cum
612 3361 679 3438 ipse
695 3359 760 3418 eius
776 3356 928 3419 scribendi
944 3376 1058 3435 genere
1081 3366 1112 3416 et
1127 3357 1272 3437 adpositis
1291 3361 1337 3441 ip·

200 3462 262 3522 sius
274 3461 452 3521 testimoniis
468 3472 531 3521 tum
547 3461 682 3535 consilio,
695 3459 775 3540 qued
789 3460 821 3520 in
838 3459 923 3519 libris
936 3468 967 3519 ct
982 3460 1113 3520 virerum
1127 3460 1336 3539 intueremur)

201 3574 232 3624 et
246 3572 398 3643 pratorum
414 3560 586 3641 dispicitur,
602 3562 806 3642 probavimus.

285 3666 374 3744 Quae
388 3684 454 3724 cnm
471 3664 514 3723 ita
529 3683 563 3723 se
574 3663 737 3738 haherent,
753 3663 820 3723 fieri
835 3683 895 3723 nen
907 3671 1027 3742 peterat
1036 3664 1109 3742 quin
1122 3662 1273 3725 Hadriani
1285 3648 1336 3725 ae·

200 3776 264 3828 tate
277 3778 308 3828 et
319 3788 358 3829 es
368 3786 448 3848 quas
460 3766 597 3846 proxime
609 3773 716 3825 secuta
727 3775 782 3842 est,
792 3774 826 3825 ut
838 3784 900 3847 qua
909 3766 1111 3845 antiquarium
1123 3767 1202 3846 qued
1216 3768 1336 3847 proprie

201 3871 246 3930 sic
265 3879 390 3930 vocatur
404 3867 535 3930 studium
552 3867 604 3928 vel
618 3869 750 3929 maxime
770 3870 904 3947 vigeret,
924 3864 1177 3927 Sueteuianerum
1191 3868 1336 3929 librorum

267 4068 295 4135 *l
307 4071 412 4122 Eadem
426 4066 518 4123 aetate
532 4072 616 4129 etiarn
626 4071 780 4132 luvenalis,
794 4086 854 4123 cum
867 4085 919 4136 qne
932 4070 1089 4122 Suetonium
1101 4071 1130 4120 in
1143 4072 1337 4124 constituendis

200 4157 354 4207 litterarum
366 4156 512 4222 &neribus
524 4156 679 4206 consentire
691 4155 822 4217 vidimus,
840 4156 1002 4207 Ciceronem
1019 4171 1068 4221 pre
1083 4155 1207 4221 exemplo
1219 4157 1337 4222 perlecti

201 4241 319 4313 oratoris
332 4241 430 4303 habet,
442 4241 528 4291 veluti
538 4246 592 4291 sat
605 4241 658 4291 VH
672 4239 719 4291 las
731 4242 756 4290 X
770 4239 827 4290 114.
851 4242 917 4291 item
931 4241 990 4291 aius
1002 4240 1139 4291 scribendi
1157 4257 1243 4306 genus
1255 4241 1336 4307 lenge

202 4327 236 4377 ab
251 4326 464 4393 antiquariorum
478 4325 664 4376 adfectatione
678 4325 765 4376 abest.
788 4342 842 4376 nce
854 4327 941 4392 ipsum
958 4326 1115 4375 Terentium
1129 4324 1273 4390 Scaurum,
1291 4329 1336 4392 qui

201 4410 336 4460 Hadriani
348 4411 480 4475 magister
492 4410 558 4471 fuit,
577 4425 636 4460 cum
649 4409 704 4460 illis
717 4410 818 4461 fecisse
831 4410 1001 4476 intellegitur
1019 4426 1051 4460 ex
1070 4410 1206 4475 excerptis
1222 4409 1284 4460 libri
1302 4411 1336 4462 dc

201 4495 410 4562 orthographia,
424 4493 453 4543 in
465 4495 562 4559 qulbus
574 4494 643 4545 nihil
655 4499 788 4561 conparet
800 4495 871 4560 qued
884 4512 900 4545 a
913 4500 979 4546 neta
991 4494 1131 4545 latinitate
1144 4494 1264 4545 recedat.
