3202 4998
707 424 812 471 orror
834 426 847 470 r
1282 402 1345 472 393

203 580 387 643 scholiastae
399 580 496 640 ritum
508 581 598 659 poni,
618 580 708 660 sequi
721 579 951 642 Suetonisnsns.
983 579 1089 660 itaque
1108 588 1346 641 uomentaneurn

144 671 164 695 '⁵
204 691 265 758 est,
290 682 322 741 iu
346 681 447 761 eapite
469 682 552 741 vitae
572 691 695 761 praeter
715 681 839 743 nornine
862 689 991 761 msere,
1016 699 1096 762 quae
1118 679 1150 739 in
1172 678 1346 761 Montepes·

203 783 313 843 sularo
329 781 409 842 libro
427 784 486 861 (Μ)
499 800 539 843 ex
549 783 738 865 Hieronymo
753 780 859 843 addita
873 790 959 857 sunt,
975 784 1103 845 omissas
1116 801 1184 845 esse
1200 801 1219 842 a
1235 782 1347 861 spboli·

205 892 272 946 asos
284 892 451 966 temporum
462 885 646 959 notationes,
659 904 735 967 quas
747 884 839 964 plene
850 892 1030 966 persecutus
1043 885 1166 945 essetis
1177 884 1348 967 vitapriori

204 985 273 1047 loeo
287 986 398 1066 posita.
425 987 510 1049 ouius
522 987 652 1066 scriptor
670 986 818 1049 Suetonio
834 995 942 1066 aperte
957 1005 1035 1046 usus
1050 994 1113 1061 est,
1137 985 1193 1046 sed
1217 986 1261 1046 ita
1280 986 1347 1068 qui-

206 1086 290 1161 dem,
305 1099 339 1148 ut
354 1086 473 1170 patroni
485 1096 588 1168 partes
604 1097 710 1149 oonua
723 1086 904 1151 Suetonium
917 1084 1150 1149 obtrectatorem
1162 1097 1242 1166 agat
1266 1086 1349 1168 quod

206 1198 240 1249 ut
260 1189 404 1270 probaret
418 1189 573 1251 Weberus
592 1198 665 1270 apto
685 1189 764 1250 inter
782 1209 817 1250 se
838 1189 917 1251 baeu
936 1191 1109 1270 oonposuit:
1139 1190 1245 1251 Vsooa
1258 1208 1286 1271 p.
1300 1197 1348 1261 ii,

208 1294 330 1372 lisqq.:
362 1295 512 1351 camurae
528 1297 715 1367 peaueteriro
732 1301 795 1351 acto
812 1336 819 1351 .
836 1336 842 1352 .
861 1294 1012 1373 ‚taribus
1030 1292 1151 1351 recitatis
1164 1294 1192 1350 in
1211 1294 1349 1351 Neronem

204 1394 303 1467 iberae
320 1401 471 1453 emorrotsu
484 1403 510 1451 et
530 1410 568 1453 ea
584 1402 707 1468 tempore
726 1394 840 1468 Orphea
856 1399 991 1469 scriptas
1014 1398 1044 1452 in
1056 1396 1275 1469 experimentum
1290 1437 1298 1452 .
1316 1436 1323 1453 .
1340 1436 1348 1453 .

206 1497 303 1571 retium
333 1492 499 1556 Suetonius
519 1514 549 1573 p.
565 1506 616 1569 eo,
635 1505 720 1575 3sq.:
749 1498 844 1571 prima
863 1499 965 1570 aperti
983 1499 1215 1570 experimentato
1231 1497 1351 1556 Neronis

206 1598 333 1655 Mustius
355 1598 436 1660 dedit.
476 1595 532 1657 sed
557 1616 620 1656 non
648 1597 713 1656 solo
737 1597 884 1659 Suetonio
911 1616 981 1657 eum
1005 1616 1091 1658 usum
1116 1614 1184 1657 esse
1211 1596 1349 1678 adparet,

208 1712 277 1757 oum
295 1696 346 1757 hie
370 1696 434 1757 illio
455 1697 548 1757 multo
566 1696 709 1778 pleniora
728 1697 846 1776 tradat,
867 1707 901 1758 ut
915 1718 984 1761 euru
1000 1700 1142 1760 cautione
1158 1698 1351 1760 adhibendus

206 1799 261 1869 sit,
278 1798 364 1861 ouius
379 1800 570 1863 testimoniis·
581 1800 646 1861 vita
662 1800 792 1861 Suetoni
807 1801 996 1880 suppleatur.
1026 1780 1120 1881 atoue
1134 1800 1237 1882 potuit
1258 1800 1352 1862 laoilo

208 1902 275 1961 eius
294 1901 424 1981 scriptor
441 1900 622 1981 antiquioris
645 1901 830 1962 scholiastae
852 1903 945 1962 vitam
969 1902 1160 1974 exscribere,
1193 1921 1261 1961 oum
1282 1920 1350 1963 euru

208 2001 343 2065 vascam
359 2021 426 2063 esse
441 2010 708 2063 uornmentatorosu
719 2002 838 2063 Lucani
854 2003 988 2063 feliciter
1004 2001 1180 2081 indagatum
1195 2003 1235 2065 sit
1246 2022 1265 2062 a
1276 2002 1351 2064 We·

208 2101 281 2165 bero
295 2102 317 2163 1.
333 2122 361 2162 o.
375 2125 410 2184 p.
430 2115 514 2184 losq.
542 2122 645 2184 neque
667 2102 745 2165 adeo
766 2103 871 2164 dubito
892 2102 1028 2181 fabulas,
1049 2103 1159 2185 quibus
1177 2104 1260 2185 apud
1282 2124 1352 2166 eum

208 2203 329 2265 natales
340 2204 459 2265 Lucani
475 2213 677 2280 exornantur,
689 2224 727 2266 ox
739 2205 904 2287 antiquiori
916 2205 999 2267 sonte
1009 2214 1167 2286 repetere,
1179 2222 1249 2266 nam
1260 2226 1351 2286 quarn

209 2307 313 2387 inepte
329 2306 449 2365 Luouni
463 2306 596 2365 earmina
611 2307 674 2366 ium
688 2306 726 2366 ab
742 2307 922 2386 aequalibus
935 2306 1117 2388 praedicata
1129 2307 1191 2369 sint
1206 2306 1261 2386 (of.
1273 2307 1350 2369 Sne·

209 2409 311 2470 tonius
326 2418 361 2487 pi
372 2417 422 2482 52,
437 2407 538 2488 3sq.),
553 2406 725 2468 laonienter
740 2406 821 2468 Stati
838 2409 1032 2488 genethliaco
1048 2406 1233 2471 inlustratur.
1331 2436 1339 2457 ·

295 2510 399 2571 Vitam
421 2510 514 2588 igitur
534 2508 663 2570 Suetoni
681 2511 712 2569 ln
734 2511 821 2569 initio
841 2511 1010 2571 mutilatam
1033 2529 1102 2572 osso
1123 2509 1264 2571 vidimus.
1294 2529 1353 2575 nee

210 2613 308 2693 magis
330 2602 538 2690 integritatem
559 2630 645 2671 suom
666 2611 783 2672 relicua
804 2632 874 2693 pars
897 2614 1041 2675 seruault.
1077 2613 1124 2673 sie
1141 2630 1253 2691 magno
1268 2612 1353 2673 lriatu

210 2713 343 2794 insignia
369 2722 443 2774 sunt
467 2732 548 2792 quse
572 2734 604 2794 p.
624 2725 673 2787 ott,
697 2725 766 2795 usq.
788 2715 948 2793 leguntur,
966 2732 1035 2774 euru
1054 2734 1115 2775 non
1138 2712 1355 2795 habeamque

210 2816 383 2878 rstnsntsn
396 2815 491 2876 verbu
514 2823 545 2873 ut
562 2818 743 2891 praefatione
765 2819 886 2891 quadam
906 2837 934 2877 e.
951 2838 981 2897 q.
1002 2837 1027 2877 s.
1072 2815 1128 2879 sad
1153 2834 1235 2877 nuno
1260 2814 1354 2876 valde

211 2910 366 3000 paenitet,
393 2915 476 2997 quod
501 2915 522 2981 l.
551 2938 577 2979 o
601 2926 671 2999 post
695 2920 823 2977 recitauit
848 2919 990 2979 lacunam
1016 2918 1155 2996 signavi,
1180 2932 1261 3000 quae
1282 2926 1357 2978 ante

211 3018 245 3083 id
262 3018 390 3081 verbum
413 3017 576 3080 statuenda
593 3026 668 3081 erat,
703 3039 778 3080 nam
794 3040 856 3085 non
876 3016 957 3080 bene
978 3014 1064 3079 dieas
1082 3023 1163 3079 cisiis
1182 3022 1280 3079 uttan
1295 3062 1303 3079 .
1320 3063 1352 3082 ..

212 3126 352 3195 radiauit,
378 3141 446 3181 oum
471 3129 524 3182 aut
550 3126 631 3183 drale
659 3125 756 3183 bellum
776 3168 783 3182 .
806 3165 814 3181 .
838 3169 844 3182 .
867 3127 944 3199 epr'co
968 3126 1093 3180 carusise
1115 3122 1282 3197 perscriprsit
1302 3128 1356 3180 aut

213 3226 392 3285 Pharsaliam
413 3227 539 3285 recitarat
567 3222 761 3283 scribendum
786 3225 835 3283 sit.
875 3221 958 3283 uncle
982 3222 1145 3301 conligitur
1168 3227 1297 3281 musar
1314 3220 1355 3295 ad

215 3344 252 3386 oa
271 3323 436 3387 referenda
453 3344 537 3399 essa,
568 3324 677 3403 quibus
698 3324 880 3385 insolentem
901 3343 963 3404 qus
983 3324 1125 3384 Luoanus
1143 3323 1175 3385 in
1195 3321 1356 3383 renitando

213 3447 286 3488 usus
309 3434 357 3487 eat
378 3422 587 3505 adrogantiam
614 3426 820 3504 castigaverat
839 3423 1020 3487 Suetoniusr
1056 3442 1183 3504 quornm
1206 3442 1288 3482 nune
1307 3442 1354 3483 so·

214 3529 276 3590 lunr
299 3528 472 3608 exemplum
493 3546 553 3607 quo
573 3548 642 3588 eam
662 3527 838 3588 inlustravit
860 3546 951 3607 super
975 3536 1030 3587 est
1066 3525 1137 3586 item
1157 3525 1356 3601 hiulcusunt,

214 3631 299 3712 quod
313 3629 352 3691 ab
363 3628 508 3695 Ernestio
522 3627 712 3689 intellectum
724 3636 787 3703 est,
801 3647 930 3709 eaquae
944 3627 1123 3709 paulopost
1138 3635 1295 3689 secuntur:
1311 3627 1357 3685 irio

214 3737 288 3792 initio
305 3736 523 3801 adstruentes,
550 3749 613 3789 eum
632 3732 664 3789 ab
689 3732 819 3805 asarum
840 3734 1040 3793 matrimonium
1057 3736 1168 3803 perirem
1188 3745 1270 3787 mssa
1293 3731 1358 3786 ruri

215 3852 300 3912 apere
324 3839 480 3911 superare
503 3837 674 3908 maerores
696 3841 843 3892 rmoeuuo
864 3832 977 3891 aaut
1003 3852 1021 3889 a
1043 3833 1154 3889 Nersae
1174 3847 1199 3889 e.
1224 3850 1255 3911 q.
1273 3849 1298 3889 s.
1324 3829 1356 3889 iu

216 3932 326 4018 qrribus
342 3956 422 4018 quse
435 3933 669 4010 interoldernnt,
689 3934 717 3994 si
729 3934 913 3995 sententiam
934 3950 995 3993 non
1015 3932 1084 4012 ipsa
1102 3929 1198 3991 rerba
1216 3929 1355 4012 requiris,

217 4038 262 4105 sio
276 4036 476 4123 probabiliter
497 4038 699 4117 refinganrus:
730 4040 913 4112 opposuisset,
933 4039 963 4093 iu
986 4037 1134 4094 Graeciam
1151 4036 1270 4093 amri.
1308 4030 1360 4090 teri

217 4162 283 4203 moa
304 4143 422 4201 Rostrum
446 4159 476 4200 se
498 4143 610 4201 coruum
632 4148 779 4198 reuocetur
801 4156 828 4199 e.
846 4157 875 4219 q.
900 4156 924 4196 s.
963 4133 1061 4198 rerba
1082 4154 1131 4197 nra
1156 4150 1358 4214 recuperasse

217 4252 291 4324 puto
313 4243 405 4303 tertio
427 4241 495 4303 loeo
518 4262 548 4321 p.
570 4252 624 4316 51,
646 4250 681 4315 4,
701 4238 755 4299 ubi
776 4238 914 4300 oodiouur
935 4229 1178 4317 seripturalraeo
1199 4244 1268 4294 ests
1302 4252 1358 4295 aaa

218 4354 309 4404 tosuert
338 4349 496 4420 persuasit
529 4346 558 4402 iu
587 4348 695 4423 oratio.-
747 4344 879 4418 είᾳιύάαιι
910 4356 995 4416 repre
1019 4341 1119 4414 [neus
1150 4340 1284 4397 recitante
1309 4350 1358 4393 aaa

99 4444 102 4449 ’
217 4450 270 4506 bito
296 4465 333 4535 so
358 4448 435 4506 uuita
467 4449 523 4505 uiri
543 4447 735 4524 resrrperaadi
762 4448 807 4503 rai
832 4461 920 4503 causa
944 4445 1045 4500 induto
1069 4449 1166 4501 rotatu
1193 4440 1357 4510 resurrect,
