3202 4998
703 365 809 405 sarrs
833 366 856 403 11
1283 344 1344 401 457

205 516 290 574 libris
313 516 351 574 de
373 517 486 574 naturis
507 536 605 573 rerum
627 515 786 594 copulatus
811 515 915 585 fuerit,
939 513 1019 594 quod
1034 535 1113 572 nune
1135 513 1257 593 quidem
1275 534 1344 572 eon·

207 618 322 675 iectura
343 617 470 697 adsequi
484 639 544 676 non
561 619 641 676 lieet.

292 693 495 778 Etianihuius
510 718 579 777 libri
593 718 761 797 particulae
777 717 816 776 ad
833 717 983 775 Isidorum
998 718 1175 796 pervenisse
1193 717 1344 789 videntur,

206 821 257 898 qui
274 820 368 895 origg.
384 821 432 878 XI
451 831 480 892 1,
499 822 546 877 cui
562 821 654 898 capiti
668 825 702 878 da
717 823 828 878 homine
844 830 871 877 et
886 823 1019 892 partibus
1030 824 1091 877 eius
1101 819 1271 897 inscripsit,
1285 840 1345 876 uno
1369 874 1373 886 s

205 920 272 978 loco
288 920 308 979 1.
321 941 344 978 e.
362 931 396 982 95
414 921 451 980 de
464 942 551 980 saara
562 925 649 1001 spina
664 922 815 980 disserens
827 896 892 999 ipsa
908 921 1034 979 Suetoni
1046 920 1141 978 verba
1158 921 1245 1000 sequi
1261 920 1345 978 virle·

205 1030 261 1080 tur.
293 1022 347 1081 sed
372 1023 445 1081 alibi
473 1022 661 1081 Suetoniana
681 1025 723 1081 ita
740 1025 836 1082 refert
850 1032 883 1080 ut
902 1023 1097 1080 manifestum
1112 1024 1150 1079 sit
1172 1042 1208 1080 aa
1229 1043 1290 1080 non
1307 1042 1345 1080 ex

206 1125 270 1202 ipso
292 1123 369 1182 libro
394 1133 521 1203 recepta
545 1142 614 1183 essa
637 1124 698 1183 sed.
713 1124 803 1183 Servi
826 1123 975 1182 beneficia
999 1123 1112 1182 deberi.
1154 1124 1193 1182 cf.
1220 1124 1242 1182 1.
1263 1144 1289 1183 e.
1314 1134 1347 1185 14

206 1244 274 1283 cum
297 1226 403 1301 fragm.
428 1232 476 1289 171
501 1225 639 1304 (Servius
662 1227 717 1285 ecl,
740 1225 856 1303 1118),
878 1235 912 1288 64
935 1245 1002 1283 cum
1018 1227 1124 1302 fragm.
1141 1231 1190 1286 172
1206 1224 1346 1302 (Servius

206 1346 309 1403 georg.
330 1327 378 1385 III
397 1326 472 1404 355).
502 1328 627 1386 arvinae
645 1347 718 1386 vero
741 1326 945 1385 definitionem
965 1326 1018 1404 (ef.
1036 1327 1143 1404 fragm.
1168 1326 1228 1403 170)
1248 1326 1345 1384 Isido-

205 1448 256 1485 rus
272 1428 292 1486 l.
310 1448 336 1485 c.
352 1440 384 1490 81
401 1430 485 1487 Festi
503 1428 556 1507 (ef.
569 1429 684 1488 Paulus
699 1451 729 1508 p.
746 1428 793 1506 20)
809 1429 911 1487 verbis
925 1428 1041 1487 referre
1057 1428 1178 1501 maluit,
1197 1427 1346 1507 siquidem

207 1528 396 1588 Suetoniana
411 1532 438 1588 ai
453 1542 575 1609 praesto
591 1524 723 1589 fuerurit.

289 1632 339 1689 De
360 1651 395 1688 eo
412 1632 528 1705 studio,
548 1653 607 1711 quo
623 1632 710 1711 plura
724 1641 876 1711 pratorum
896 1632 997 1711 capita
1016 1631 1155 1691 versibus
1174 1633 1347 1709 conscripta

206 1733 281 1804 sint,
303 1752 341 1789 ne
359 1732 407 1791 bis
423 1732 502 1791 idem
519 1732 712 1793 dicam'infra
727 1753 829 1811 agam,
852 1734 902 1792 ubi
917 1733 955 1792 de
971 1736 1151 1793 auctoritate
1174 1732 1300 1792 Stratoni
1311 1722 1346 1791 in

107 1863 112 1872 ·
205 1835 380 1893 universum
399 1834 570 1913 disputabo.
