3202 4998
262 405 325 466 476
590 424 815 475 ovsssrronns
840 424 1079 468 svuroumuas‘

189 656 192 661 θ
262 577 383 639 mediae
400 579 508 638 notatis
522 579 676 656 ingenium
692 588 723 640 et
737 578 934 639 latinitatem:
951 586 1043 658 atque
1061 579 1300 658 conpositionem
1314 579 1400 641 illem

262 681 409 759 horologii
425 679 677 741 wandalbertum
693 681 902 742 Prumienscm
919 683 1077 765 Aqui-eirca
1093 701 1120 742 a.
1135 691 1188 746 85⁰
1202 683 1282 745 vixit
1303 683 1398 764 scrip·

263 785 339 844 sisse
354 792 480 843 constat.
911 774 927 797 ”
1114 842 1117 847 ,

348 884 463 964 Quinto
483 886 607 946 saeculo
630 885 823 947 scholiastam
840 886 997 945 quenalis
1018 884 1057 945 ael
1079 883 1256 946 Suetonium
1276 887 1397 968 potissi·

231 989 238 1001 '
263 1009 343 1048 rnurn
358 997 511 1047 auctorem
528 1007 562 1047 se
577 989 764 1049 convertisse
779 1004 871 1067 supra
886 988 965 1066 aptis
981 988 1130 1067 exemplis
1144 988 1282 1067 probavi.
1320 990 1397 1050 eius-

264 1088 332 1151 dem
347 1092 490 1171 temporis
506 1090 688 1164 scholiastae
703 1091 813 1150 Horati
829 1089 971 1150 videntur
986 1110 1069 1163 esse,
1085 1110 1142 1150 nec
1157 1091 1283 1151 multum
1299 1090 1338 1151 ab
1361 1112 1397 1152 eo

263 1202 380 1254 remota
394 1193 457 1252 sint
477 1202 624 1273 excerpta
639 1193 693 1252 illa
710 1188 944 1253 Suetoninna‘in
959 1191 1082 1252 scholiis
1099 1192 1274 1273 Germanici
1289 1194 1398 1272 posita.

349 1295 472 1356 Summa
487 1315 559 1355 vero
575 1297 753 1356 auctoritato
763 1295 860 1354 valuit
872 1295 1035 1357 Suetonius
1047 1294 1129 1376 apud
1142 1296 1330 1376 Byzantinos
1346 1298 1399 1377 qui

265 1396 375 1478 cupide
394 1418 462 1467 erm
485 1396 688 1472 adhibuerunt
708 1418 748 1458 ex
771 1418 831 1478 quo
848 1407 880 1458 et
895 1397 1046 1459 Graecam
1068 1408 1099 1458 et
1112 1398 1281 1459 Romanam
1298 1398 1399 1459 erudi·

263 1503 378 1562 tionem
399 1500 568 1560 haurirent:
596 1501 641 1560 sic
656 1499 778 1581 Lydus,
807 1520 897 1581 quem
911 1503 1071 1561 maximam
1086 1510 1202 1579 partem
1221 1521 1238 1561 e
1253 1500 1399 1561 Suetonio

263 1602 399 1685 pendere
415 1610 562 1680 excerpta
577 1601 632 1661 illa
648 1600 687 1661 do
703 1603 858 1663 mensibus
875 1602 928 1663 vel
945 1623 981 1663 eo
996 1604 1126 1684 probant
1149 1600 1230 1683 quod
1249 1623 1400 1684 nusquam

265 1708 297 1766 iu
311 1704 386 1784 ipsis
400 1724 509 1764 nomen
524 1705 588 1765 eius
601 1712 761 1784 conparet,
778 1725 845 1765 cum
859 1706 936 1766 iales
951 1704 1260 1784 scriptoreslaudarit
1273 1726 1400 1786 quorum

263 1807 358 1868 libros
378 1826 533 1887 nunquam
551 1800 650 1887 ipsum
671 1805 787 1867 vidisse
812 1816 927 1868 eertum
946 1808 1019 1867 licet
1042 1806 1218 1881 adfirmare,
1239 1808 1335 1868 veluti
1355 1808 1400 1870 M.

264 1911 445 1971 Varronem.
481 1908 669 1969 luculentum
684 1929 755 1969 vero
771 1910 996 1983 testimonium,
1018 1910 1098 1969 unde
1123 1910 1321 1988 intellegatur
1339 1930 1400 1991 qua

264 2014 382 2073 ratione
403 2012 570 2091 Byzantini
591 2011 729 2072 homines
744 2012 893 2072 Suetonio
918 2013 969 2072 usi*
986 2022 1069 2085 sunt,
1086 2011 1201 2074 Suidae
1221 2028 1314 2091 opera
1330 2033 1353 2073 a.
1369 2034 1399 2073 v.

266 2107 456 2193 Τράγιινλλος
469 2122 623 2174 servatum
634 2122 690 2188 est,
708 2115 791 2174 cuius
806 2115 979 2175 memoriam
995 2134 1056 2175 ere
1068 2114 1190 2174 videtur
1204 2115 1254 2174 hio
1270 2116 1399 2195 perseri-

263 2217 354 2278 bere:
385 2208 586 2296 Τρᾰγιιυλλος,
602 2208 817 2293 ὁΣενητολνιος
827 2214 1022 2294 χρηματίσας,
1037 2206 1238 2295 γραμματικὸς
1249 2209 1399 2294 Ῥωμαῖος,

265 2317 377 2398 ἔγραψε
398 2315 465 2396 τιερλ
486 2317 546 2378 τῶν
563 2309 635 2394 παρ’
653 2308 778 2394 Ἕλλησι
798 2316 926 2378 παιδιῶν
941 2318 1059 2397 βιβλίον
1076 2312 1120 2377 α’·
1154 2315 1300 2396 περὶτῶν
1318 2308 1401 2397 παρὰ

260 2409 409 2498 Ῥωμαίοις
427 2419 564 2499 emptor
579 2416 629 2479 κοιλ
649 2409 773 2498 ιἰγοίνων
795 2419 896 2497 βιβλία
916 2414 945 2498 β
953 2440 959 2452 ·
994 2416 1062 2498 ιτερλ
1079 2421 1132 2480 τοῦ
1154 2411 1228 2480 κατα
1243 2411 1402 2497 Ῥωμαίους

264 2520 402 2584 ίνιαντοῦ
414 2520 532 2600 βιβλίον
549 2515 591 2580 α’·
626 2518 693 2598 ττερλ
709 2518 820 2582 cointe
838 2526 899 2594 τοῖς
917 2522 1043 2600 βιβλίοις
1056 2522 1185 2601 σημείων
1199 2516 1242 2581 α’·
1266 2521 1401 2600 περὶτῆς
1447 2564 1450 2571 ·

265 2622 433 2702 Κικέρωνος
446 2594 647 2698 πολιτείαςά’,
662 2606 808 2702 Mityn
822 2620 854 2684 tl
869 2624 911 2707 spi
930 2619 1072 2707 Διδύμην·
1098 2621 1166 2702 περὶ
1181 2615 1333 2702 ὀνομάτων
1347 2632 1400 2684 air-

264 2727 336 2807 ρίων
354 2724 404 2786 καί
419 2724 498 2799 ἰδίας
513 2717 690 2803 ἐσθημάτων
704 2723 755 2784 καὶ
768 2715 967 2803 ὑποδημάτων
981 2722 1031 2784 καί
1047 2726 1106 2786 τῶν
1119 2720 1216 2791 ἄλλων
1228 2718 1275 2798 οἷς
1289 2748 1334 2799 τις
1344 2717 1400 2804 ἆμ-

264 2827 433 2906 premar·
464 2824 531 2907 περλ
544 2821 709 2904 δυσφήμων
724 2824 828 2900 λέξεων
842 2820 908 2905 ἤτοι
924 2826 1120 2906 βλασφημιῶν
1133 2827 1184 2888 καλ
1199 2822 1298 2889 πόθεν
1314 2822 1400 2889 ἑκάσ-

264 2952 314 3008 τη·
342 2928 411 3012 περὶ
427 2919 604 3007 ‘Potuerunt
619 2929 679 2988 τῶν
693 2926 725 2988 ἐν
739 2919 817 3012 αὐτῇ
832 2929 966 3008 νομίμων
980 2928 1030 2990 καί
1045 2923 1135 3007 ἠθῶν
1152 2930 1255 3010 βιβλία
1265 2926 1310 3007 β’·
1329 2947 1400 3010 σομ-

264 3022 384 3113 μενιιιὸν
401 3022 560 3110 Καισάρων
576 3067 613 3076 -
630 3029 755 3110 περιέχει
770 3029 803 3093 ὄλ
817 3031 903 3109 βίονς
920 3031 970 3092 καί
985 3024 1122 3111 διαδοχὰς
1136 3024 1237 3094 αὐτῶν
1251 3024 1308 3095 cirri
1326 3022 1402 3094 Ἰου-

265 3136 330 3196 λίου
350 3131 404 3206 ἕως
425 3135 610 3212 Δομετιανοῦ
624 3169 665 3177 -
681 3134 781 3212 βιβλία
796 3125 840 3211 η’·
868 3131 978 3213 στέμμα
988 3126 1137 3215 Ῥωμαίων
1158 3126 1277 3215 ανδρων
1297 3127 1401 3212 ἐπισή-

264 3259 337 3315 μων.
362 3256 434 3297 nam
448 3247 482 3297 nt
495 3237 631 3297 omittam
645 3237 726 3298 hunc
741 3237 910 3316 catalogum
921 3239 1065 3298 librorum
1077 3236 1251 3318 Tranquilli
1266 3239 1402 3299 indicare

265 3363 302 3402 eo
325 3350 460 3420 ternpore
480 3359 539 3420 quo
557 3340 715 3400 confectus
738 3340 777 3400 sit
794 3340 901 3401 multos
925 3341 1053 3402 Suetoni
1075 3339 1166 3401 libros
1186 3342 1245 3400 iarn
1261 3341 1399 3420 periisse,

265 3445 350 3524 ipsae
366 3443 439 3502 illae
449 3442 679 3521 inscriptionum
690 3430 882 3516 mutationes,
897 3442 994 3502 veluti
1007 3442 1113 3525 horum
1127 3444 1282 3503 titulorum
1294 3447 1402 3502 ludicra

264 3550 393 3618 thuorin,
412 3547 446 3603 de
458 3562 559 3620 putere
572 3550 703 3616 uectum,
719 3547 753 3603 cie
766 3547 1001 3615 anacreontem,
1017 3549 1050 3604 dc
1063 3550 1222 3605 inlustretur
1235 3550 1304 3605 uirr'a
1319 3542 1402 3624 apud

264 3647 453 3729 Byzantinos
466 3667 527 3707 non
544 3645 639 3705 solum
661 3646 819 3707 versiones
840 3646 895 3706 sed
921 3647 1013 3707 etiam
1033 3648 1226 3707 recensiones
1241 3647 1402 3708 Suetoniu-

264 3770 370 3810 norum
390 3748 535 3808 librorum
549 3749 693 3820 ,extitisse
715 3746 856 3828 probant
888 3749 945 3809 hae
968 3748 1042 3809 c'uru
1060 3749 1175 3810 factum
1194 3758 1241 3809 est
1262 3751 1353 3809 etiam
1368 3760 1402 3809 ut

265 3861 296 3912 et
308 3850 547 3912 dissolverentur
567 3851 599 3910 in
619 3858 722 3931 partes
741 3870 810 3912 suas
831 3852 948 3911 maiora
971 3852 1096 3912 Suetoni
1114 3870 1207 3932 opera
1228 3859 1258 3910 ct
1276 3850 1403 3912 Suetoni

264 3956 410 4014 memoria
427 3972 525 4034 usque
542 3952 583 4013 ad
597 3953 703 4013 ultima
724 3952 963 4031 Byzantinorum
984 3962 1120 4034 tempore
1142 3954 1301 4015 haereret:
1330 3974 1401 4013 nam

263 4057 396 4117 Tuetees
411 4066 443 4139 et
459 4040 638 4116 Eustath'rus
653 4075 689 4115 eo
704 4056 751 4116 usi
767 4065 846 4116 sunta

319 4204 323 4209 .
348 4158 411 4218 Sed
425 4167 458 4219 ut
472 4178 491 4216 a
502 4157 683 4238 Byzantinie
697 4155 736 4217 ad
749 4134 867 4219 litteras
882 4157 1089 4219 occidentales
1103 4168 1257 4231 revertar,
1273 4158 1401 4238 septimo

265 4261 388 4320 saeculo
405 4260 508 4320 extitit
522 4254 866 4341 Isidorus‘Hispalensis
884 4280 974 4341 quem
991 4261 1056 4321 iure
1080 4254 1207 4321 alteru'm
1223 4261 1402 4320 Suetonium

264 4363 409 4421 nomines.
440 4362 490 4422 hic
504 4362 584 4422 enirn
599 4382 666 4422 cnm
682 4371 836 4441 pratorum
852 4383 925 4443 opus
941 4363 1032 4423 etiam
1054 4364 1083 4423 in
1099 4362 1257 4423 occidente
1277 4363 1309 4421 in
1330 4380 1400 4441 par·

265 4475 312 4524 tes
323 4483 393 4524 suas
409 4462 586 4526 dissolutum
602 4474 700 4539 esset,
715 4484 841 4545 quarum
855 4465 1004 4545 plurimae
1015 4464 1215 4541 interiissent,
1231 4465 1323 4544 ipsse
1339 4483 1401 4522 me·
1456 4525 1462 4536 ⁸
