3202 4998
280 461 341 518 4111
610 484 835 530 qvansrrouus
860 487 1086 528 svarosrnusn

198 670 204 681 .
279 633 397 702 origines
410 634 579 704 stupidorum
594 640 831 707 spectaculorum,
847 641 943 712 quibus
959 644 986 696 in
1002 631 1148 697 creriulrulis
1161 647 1190 699 iu
1203 646 1313 700 saecule
1325 648 1390 701 udol
1407 677 1416 685 ·

277 735 369 787 crerint
375 777 381 801 ,
394 737 495 789 ceirrdc
506 738 595 791 titulos
609 738 814 811 [perorandum]
825 744 920 813 picibus
931 744 1083 798 rroroinilms
1093 754 1305 817 nuumrpcutur,
1317 750 1418 803 exinde

277 835 447 904 orlpuratru,
463 839 559 908 qerimc
572 842 807 910 superstitionibus
822 830 1009 907 arctarentur.
1027 851 1082 901 turn
1098 848 1172 915 locu,
1194 849 1293 920 quibus
1301 853 1412 920 proesi-

276 936 353 990 dr‘lrus
372 938 514 1005 (licuntur,
533 947 588 994 tum
603 948 694 1011 arteS,
710 943 806 1014 quibus
821 946 979 999 electoribus
997 948 1169 1019 deputentur.

362 1038 397 1095 ln
413 1039 655 1116 spectaculorum
672 1041 763 1117 igitur
779 1041 848 1099 libri
869 1053 954 1121 parte
979 1046 1090 1120 altera,
1120 1068 1182 1125 qua
1203 1048 1241 1107 de
1264 1052 1414 1109 scaenicis

274 1141 355 1199 ludis
371 1140 569 1228 Tranquillus
586 1142 664 1218 egit,
680 1142 722 1200 ibi
738 1144 769 1200 ni
787 1144 891 1217 fallor,
905 1146 957 1203 ubi
974 1158 1137 1227 apparatus
1153 1170 1257 1208 eorum
1270 1151 1412 1209 inlustra-

228 1296 229 1299 ,
273 1244 333 1315 vit,
366 1262 403 1301 ea
424 1243 618 1319 legebantur,
649 1265 728 1323 quae
751 1244 877 1304 Servius
899 1228 1001 1327 georg.
1026 1250 1124 1311 illas
1148 1251 1266 1329 (fragm.
1289 1252 1349 1331 191)
1375 1253 1412 1311 de

274 1344 387 1402 theatri
407 1343 551 1420 gradibus
575 1345 744 1404 Varronem
768 1356 798 1404 et
820 1345 998 1407 Suetonium
1023 1351 1185 1410 tradidisse
1210 1354 1292 1413 dicit.
1324 1355 1410 1413 vides

273 1468 340 1505 eum
356 1447 519 1518 nominari,
537 1467 627 1525 quem
643 1449 842 1525 Tranquillus
859 1460 981 1527 praeter
1002 1451 1091 1511 Sinni
1111 1452 1269 1531 Capitonis
1290 1467 1408 1534 specta·

273 1549 407 1606 culorum
422 1547 514 1605 libros
527 1558 649 1607 secutus
662 1549 792 1621 videtur,
805 1550 972 1610 Varronem
985 1556 1118 1627 scilicet,
1131 1557 1183 1635 qui
1196 1559 1410 1637 antiquitatum

247 1698 257 1717 ,
272 1649 442 1708 divinarum
453 1670 532 1707 neno
545 1650 582 1709 de
595 1651 781 1709 circensibus
794 1651 884 1725 ludis,
898 1652 1015 1714 decimo
1025 1655 1061 1714 de
1070 1658 1220 1716 scaenicis
1231 1659 1417 1738 disputavit:

355 1751 419 1809 Iam
435 1753 466 1809 in
482 1760 590 1831 quarta
601 1764 697 1832 parte,
715 1773 775 1831 qua
787 1755 1084 1834 amphitheatralium
1094 1758 1230 1818 ludorum
1244 1761 1409 1841 descriptio

270 1862 301 1911 et
326 1853 451 1911 historia
472 1853 698 1927 continebatur,
728 1875 763 1913 eo
787 1855 853 1913 loco
876 1877 935 1935 quo
961 1857 999 1916 ‹le
1016 1862 1214 1938 apparatibus
1231 1862 1407 1940 disputavit,

269 1957 402 2034 ineptum
421 1955 495 2014 illud
512 1956 594 2014 sicae
609 1957 809 2035 veriloquium
822 1968 966 2036 posuerat
982 1960 1099 2037 (fragm.
1119 1962 1192 2040 195).
1209 1964 1291 2035 Bithi
1307 1974 1407 2027 autem

270 2058 432 2115 etBacchi
450 2056 650 2133 gladiatorum
673 2056 793 2135 (fragm.
818 2059 878 2138 196)
901 2062 1074 2121 meminisse
1094 2065 1217 2124 videtur
1237 2066 1275 2125 de
1293 2068 1407 2127 artibus

268 2159 746 2237 amphitheatralibusdisserens.
856 2240 858 2244 Α

352 2260 469 2337 Quarto
489 2260 625 2319 ludicrae
646 2261 792 2320 historiae
810 2260 887 2320 libro
905 2263 1108 2323 Romanorum
1129 2267 1211 2328 lusus
1227 2281 1405 2348 persecutus

265 2364 298 2421 in
313 2364 445 2440 origines
468 2362 680 2421 simulacrum
704 2362 873 2443 inquisivit.
905 2360 1035 2424 testatur
1054 2365 1178 2429 Servius
1201 2370 1322 2448 (fragm.
1342 2373 1404 2450 197)

266 2466 304 2524 de
319 2466 433 2524 'I'roiae
449 2465 556 2524 saltem
571 2465 654 2546 lusu:
683 2469 761 2523 cutus
774 2471 907 2540 originem
925 2474 1065 2541 expressit
1079 2475 1107 2527 in
1121 2470 1239 2530 libro'de
1253 2492 1404 2547 puerorum

262 2570 374 2625 trucibus.
408 2566 447 2627 de
461 2587 520 2646 quo
536 2565 594 2624 diro
609 2573 724 2624 tantum
736 2567 909 2644 fragmenta
923 2589 1015 2649 snper
1031 2591 1099 2630 esse
1117 2572 1278 2632 delendum
1295 2583 1351 2635 est.

348 2670 385 2727 In
401 2669 520 2728 ludicra
533 2670 624 2746 igitur
641 2668 766 2726 historia
781 2690 843 2727 nen
863 2670 960 2729 solum
977 2671 1181 2732 doctissimum
1198 2678 1403 2755 antiquarium

263 2794 295 2831 se
309 2773 514 2850 praestitisse,
544 2771 599 2831 sed
622 2771 709 2830 simul
728 2770 802 2830 data
817 2775 1039 2849 opportunitate
1055 2774 1198 2855 physicas
1216 2777 1401 2837 observatio·
1432 2796 1440 2801 ·

261 2895 316 2933 nes
331 2874 495 2953 protulisse
510 2872 641 2932 videtur.
660 2873 698 2932 cf.
715 2873 822 2950 fragm.
842 2884 896 2936 181.
926 2896 1032 2933 verum
1050 2877 1130 2934 enim
1147 2897 1219 2936 vero
1240 2880 1270 2937 in
1285 2889 1402 2938 tantum

261 2984 324 3034 tota
334 2974 459 3035 Sueteni
473 2975 549 3032 ratio
561 2974 691 3054 physica
705 2974 867 3053 disciplina
878 2977 1014 3055 inprimis
1024 2977 1300 3058 pythagoricisillis
1313 2984 1401 3059 parvi

261 3080 424 3158 magnique
439 3075 544 3134 mundi
563 3076 736 3135 notionibus
751 3076 928 3154 regebatur,
948 3088 981 3136 ut
998 3078 1028 3136 in
1044 3079 1118 3157 ipsis
1135 3079 1212 3139 adeo
1228 3080 1308 3141 ludis
1323 3082 1400 3141 haec

260 3199 372 3237 arcane
383 3178 488 3237 mundi
500 3188 667 3257 quaereret.
686 3180 730 3237 sic
743 3201 801 3238 non
813 3179 986 3239 sinestudie
995 3181 1100 3257 fragm.
1112 3182 1214 3259 182*p.
1223 3192 1283 3253 316,
1294 3193 1398 3263 ltsqq.

260 3280 387 3339 Diodori
404 3280 553 3357 Megarici
574 3289 604 3338 et
620 3278 764 3340 Olearehi
780 3283 938 3359 opiniones
959 3282 1097 3353 rettulit,
1117 3302 1244 3360 quorum
1256 3284 1309 3343 ille
1323 3305 1397 3362 peu-

217 3368 232 3451 ',
259 3394 440 3461 tagramma,
464 3402 523 3462 quo
543 3381 576 3439 ot
592 3375 781 3452 πεττεύοντες
802 3383 980 3452 utebantur,
1008 3385 1171 3461 imaginem
1191 3405 1258 3444 esse
1274 3384 1398 3458 τῆςτῶν

257 3477 373 3563 ἄστρων
388 3484 502 3563 χορείας
516 3486 637 3557 statuit,
655 3484 705 3542 hic
720 3484 818 3543 eidem
835 3486 970 3565 quinque
986 3486 1127 3564 planetas
1141 3486 1325 3567 respondere
1344 3508 1396 3545 vo-

257 3588 322 3649 luit.
355 3588 436 3667 quod
451 3586 611 3646 consilium
628 3588 719 3645 etiam
736 3588 871 3665 apertius
890 3607 1067 3665 expressum
1085 3598 1131 3647 est
1147 3589 1253 3665 fragm.
1277 3590 1349 3651 iss*
1366 3609 1395 3666 p.

256 3700 317 3763 339,
335 3689 385 3746 ubi
400 3688 589 3769 quadrifaria
605 3689 739 3747 colorum
752 3689 782 3748 in
798 3690 878 3747 circo
895 3689 1004 3748 divisio
1017 3701 1160 3771 quattuor
1175 3691 1246 3749 anni
1259 3699 1396 3769 tempora

257 3799 288 3849 et
309 3791 462 3849 elementa
481 3792 597 3849 referre
613 3789 732 3851 dicitur.
755 3789 809 3850 sed
832 3791 1045 3851 Tertullianus
1063 3813 1128 3850 cum
1153 3801 1186 3849 ut
1205 3792 1395 3852 Christianus

257 3893 349 3951 ctiam
362 3892 442 3951 hanc
463 3891 656 3951 idololatriae
678 3894 812 3971 speciem
834 3912 914 3971 qnae
928 3892 1307 3952 clementismundialibus
1324 3915 1393 3973 pre·

256 3995 377 4052 sanetur
395 4002 533 4071 respuat,
564 3994 642 4053 hacc
657 3995 802 4073 persequi
818 3994 929 4069 noluit;
958 3994 1137 4072 plenissima
1152 4002 1254 4053 tamen
1268 3996 1394 4055 rationis

254 4095 430 4174 huiusque
448 4094 568 4171 singula
588 4096 659 4153 circi
680 4096 817 4154 instituta
838 4104 869 4154 et
889 4105 970 4155 artes
985 4095 1148 4172 imaginem
1161 4095 1265 4154 mundi
1287 4095 1393 4157 ludere

255 4196 476 4265 credebantur,
499 4199 644 4255 memoria
660 4196 740 4275 apud
759 4195 984 4255 Cassiodorium
1000 4216 1064 4258 var.
1080 4196 1174 4259 11151
1196 4207 1227 4256 et
1241 4196 1391 4257 Isidorum

255 4300 347 4376 origg.
371 4298 484 4356 XVIII
510 4308 617 4362 att—41
644 4299 762 4369 haesit,
795 4318 919 4376 quorum
937 4298 1086 4358 beneficio
1104 4298 1217 4357 claram
1239 4301 1391 4379 mysticae

253 4400 340 4459 lurius
356 4401 568 4479 explicationis
586 4402 715 4458 sortasse
730 4399 768 4457 ab
781 4400 1049 4477 investigatoribus
1065 4401 1186 4459 'I'useac
1200 4399 1391 4479 antiquitatis

254 4503 446 4579 exangitatae
472 4536 510 4545 -
527 4503 624 4559 circus
648 4502 725 4558 enim
748 4501 940 4559 Etruscorum
957 4501 1127 4560 institutum
1144 4511 1210 4560 erat
1227 4534 1266 4543 -
1284 4502 1388 4577 irnagi-
