3200 4992
642 404 685 443 Da
708 403 913 447 onnroalavs

740 556 808 617 XII

293 668 431 718 casatus
454 670 607 718 savaevs
627 662 737 719 orator
756 655 924 740 egregius,
952 656 1007 741 qui
1030 655 1242 736 Quintianum
1264 656 1431 730 illudes*

207 755 414 841 prouerbium
437 756 575 856 luserat,
597 754 698 820 XXV
722 753 815 820 exilii
834 757 886 825 aui
908 778 994 822 anno
1019 759 1053 821 in
1083 779 1208 823 summa
1236 759 1346 844 inopia

208 857 344 922 moritur
361 859 419 921 uix
440 880 549 945 panno
572 857 717 923 uerenda
738 866 906 937 contectus
930 865 970 935 (a.
997 860 1081 943 785).

208 1039 285 1111 adep
300 1050 460 1113 ποροισχειν
470 1064 526 1114 par
529 1039 721 1100 ’ἀποθανεῖν
734 1064 822 1099 αοτον
834 1040 900 1099 ἔον
923 1048 1006 1101 τοῦτο
1019 1043 1073 1115 γὰρ
1086 1066 1122 1116 ην
1134 1066 1166 1100 το
1179 1043 1345 1101 δεινότατον

208 1115 244 1178 (ιι.
263 1116 339 1179 783).
359 1117 434 1166 Idem
449 1115 499 1195 58,
516 1116 568 1195 23,
587 1115 617 1167 ll:
636 1106 720 1167 lvt'
738 1103 791 1166 adv
811 1119 871 1175 τοῖς
888 1108 950 1168 τότε
968 1108 1153 1169 ἀποθανοῦσι
1169 1115 1218 1169 uel
1237 1111 1345 1177 Γάλλος

208 1177 346 1266 ἐγένετο
346 1198 409 1234 τοτε
421 1200 476 1250 γορ
486 1200 563 1235 aare
553 1175 715 1265 μολις,ιος
727 1200 813 1243 ουτος
824 1178 887 1236 εἷπε
895 1179 1086 1267 ,κατηλλάγη
1100 1177 1173 1237 οὕτω
1183 1201 1239 1266 που
1245 1179 1344 1251 ,παρὰ

207 1270 238 1305 το
249 1245 448 1318 νομιζόμενον,
468 1248 517 1304 καὶ
535 1245 588 1318 τὴν
605 1245 678 1319 ξοην
690 1252 829 1347 renuptae
846 1250 901 1304 τισὶ
913 1248 1002 1305 ael
973 1270 1024 1305 rev
1035 1249 1168 1306 θάνατον
1180 1246 1345 1319 εοεργεσιόιν

208 1314 308 1373 ἐποίει.
328 1322 520 1370 'lacitusann
533 1322 572 1369 VI
584 1320 617 1372 23
629 1320 677 1383 (cf
690 1321 748 1385 25):
763 1321 858 1375 ‘isdem
873 1323 1031 1373 consulibua
1044 1321 1079 1386 (a
1094 1322 1154 1388 788)
1167 1324 1257 1374 Aaron
1270 1323 1344 1373 Galli

206 1405 278 1441 mors
295 1388 438 1454 uolgatur,
457 1404 536 1454 quem
555 1393 691 1453 egestate
700 1390 757 1439 cibi
774 1394 943 1455 peremptum
959 1390 1033 1441 hand
1050 1391 1173 1455 dubium,
1188 1396 1284 1457 sponte
1298 1390 1344 1441 uel

206 1458 378 1508 necessitate
390 1458 526 1507 incertum
537 1457 701 1507 habebatur.
731 1457 925 1523 consultusque
941 1458 1045 1509 Caesar
1058 1475 1094 1509 an
1105 1459 1217 1524 sepeliri
1229 1460 1344 1523 sineret,

206 1542 260 1577 non
279 1525 388 1575 erubuit
411 1526 569 1590 permittere
587 1525 713 1589 ultroque
735 1526 863 1575 incusare
882 1542 962 1577 casua
985 1528 1031 1591 qui
1054 1543 1129 1577 reum
1154 1528 1344 1591 abstulissent,

207 1598 355 1659 antequam
374 1608 466 1643 eoram
484 1594 703 1643 conuinceretur.
745 1593 855 1643 scilieet
871 1595 961 1645 medio
983 1596 1103 1646 triennio
1126 1595 1254 1646 defuerat
1275 1601 1343 1645 tem·

121 1668 123 1671 ’
205 1677 257 1728 pus
280 1661 414 1712 subeundi
437 1661 569 1711 iudicium
592 1660 732 1711 consulari
754 1661 828 1724 seni,
853 1667 894 1711 tot
917 1663 1099 1715 consularium
1117 1662 1247 1728 parenti’
1283 1663 1344 1712 dira

207 1732 266 1781 eius
284 1729 422 1794 supplicia
445 1729 505 1779 eine
523 1729 606 1779 dubio
624 1730 765 1779 'lucitus'
758 1745 787 1778 m
804 1729 948 1795 deperdita
965 1731 1030 1781 libri
1054 1732 1143 1796 quinti
1160 1736 1239 1796 parte
1264 1746 1343 1781 enar-

205 1802 347 1848 raret-
371 1796 498 1847 Ceternm
521 1797 637 1863 adparet
658 1798 855 1861 Hieronymum
878 1804 926 1848 aut
948 1797 1090 1849 librarium
1113 1800 1253 1866 ingentem
1277 1816 1342 1849 ana-

206 1866 387 1917 chronismum
401 1864 557 1915 admisisse.
586 1876 649 1915 nam
667 1866 791 1915 Asinium
810 1881 834 1914 a.
854 1866 904 1914 788
922 1866 1029 1916 demum
1047 1868 1149 1918 obiisse
1169 1871 1291 1927 constat3
1315 1867 1342 1916 id

206 1939 298 1985 antem
316 1934 423 1999 tempus
434 1934 620 1999 significatum
639 1939 694 1997 est,
720 1948 772 1997 quo
790 1934 905 1997 primum
917 1934 1023 1985 liberii
1036 1937 1155 1984 animum
1169 1934 1243 1985 Galli
1260 1905 1342 1985 liber-

206 2009 250 2052 tas
278 2001 404 2063 offendit,
435 2000 575 2051 scillcet
566 2016 626 2066 lpse
651 2017 737 2051 annus
763 2000 821 2051 767.
864 2018 948 2067 quare
976 2010 1025 2052 aut
1046 2004 1229 2066 Hieronymus
1257 2003 1343 2053 mirae

205 2070 402 2135 neglegentiae
425 2069 605 2133 ineusandus,
636 2074 684 2118 aut
706 2069 792 2119 verba
816 2071 875 2120 eius
897 2070 1080 2135 probabiliter
1102 2072 1144 2121 sic
1172 2070 1344 2120 emendanda

204 2143 282 2189 snut:
307 2136 346 2187 ⁴0.
364 2137 476 2187 Asinius
495 2136 591 2187 Gallus
609 2142 701 2187 orator
718 2137 796 2187 Asini
813 2138 946 2189 Pollionis
963 2138 1050 2199 filius,
1078 2140 1155 2188 euius
1174 2139 1258 2188 etiarn
1276 2139 1344 2187 Ver·

205 2206 289 2273 gilius
306 2206 444 2266 meminit
464 2204 737 2269 clarushabeturlo.
757 2205 834 2271 767):
865 2207 911 2270 qui
928 2212 1026 2272 postea
1041 2206 1108 2256 diris
1126 2207 1268 2256 aTiberio
1280 2221 1342 2272 sup

204 2274 304 2354 pliciis
317 2271 485 2324 eneestnrffl

290 2338 344 2395 69*
360 2342 542 2405 Hieronymus
567 2340 609 2391 01.
628 2339 693 2404 202,
715 2342 741 2392 4
775 2342 882 2393 Seneca
901 2357 961 2391 exe.
981 2346 1102 2393 controv.
1126 2342 1183 2391 IIII
1200 2341 1342 2459 prepi.—

205 2411 321 2461 Tacitus
333 2409 398 2459 dial.
414 2408 491 2459 192*
497 2425 561 2458 nam
580 2414 715 2474 quatenns
734 2411 906 2475 antiquorum
920 2410 1100 2460 admiratores
1111 2408 1183 2460 hune
1199 2409 1244 2459 nel
1266 2415 1342 2459 tter-

206 2479 307 2529 minnm
331 2478 507 2543 antiquitatis
529 2478 698 2529 constituere
721 2478 824 2541 solent,
855 2493 934 2544 quem
957 2494 1042 2544 usque
1062 2478 1097 2527 ad
1115 2478 1241 2528 Cassium
1259 2477 1342 2529 Seue-

205 2562 265 2597 rum
283 2548 406 2607 faciunt,
430 2547 641 2611 quamprimum
666 2545 812 2596 adfirmant
833 2547 942 2595 flexisse
966 2545 1070 2595 abillo
1088 2551 1181 2596 uetere
1201 2551 1284 2611 atque
1302 2546 1341 2595 di·
1393 2582 1399 2601 .

206 2620 283 2665 recta
296 2613 405 2665 dicendi
417 2615 479 2675 uia,
498 2629 551 2663 non
569 2614 728 2663 infirmitate
746 2614 852 2680 ingenii
866 2629 916 2663 nec
930 2615 1043 2663 inscitia
1055 2613 1209 2663 litterarum
1221 2618 1341 2663 transtu-

205 2683 271 2733 lisse
289 2699 319 2733 se
339 2681 374 2731 ad
392 2681 460 2730 illud
478 2681 589 2731 dicendi
606 2697 693 2748 genus
706 2682 841 2732 contendo
861 2682 908 2732 sed
927 2682 1029 2731 iudicio
1049 2687 1077 2731 et
1094 2681 1258 2732 intellectu)
1293 2680 1340 2730 ⁶26:

206 2752 347 2817 ‘equidem
365 2766 419 2799 non
438 2751 598 2814 negauerim
623 2748 748 2800 Cassium
766 2752 911 2811 Seuerum,
940 2765 1020 2815 quern
1043 2749 1130 2799 solum
1152 2751 1226 2816 Aper
1247 2754 1343 2799 noster

206 2820 346 2869 nominare
366 2832 449 2868 ansus
468 2824 523 2879 est,
543 2818 568 2866 si
587 2819 622 2867 iis
641 2823 828 2883 comparetur,
854 2819 899 2883 qui
917 2824 1015 2883 postea
1034 2818 1159 2880 fuerunt,
1181 2832 1263 2884 posse
1282 2833 1341 2868 ora·

205 2886 418 2947 torem-uocari,
439 2900 601 2950 quamquam
621 2886 648 2934 in
667 2902 768 2952 magna
783 2891 862 2952 parte
880 2886 1010 2936 librorum
1028 2901 1136 2938 suorum
1154 2885 1215 2952 plus
1233 2886 1275 2935 uis
1293 2886 1342 2935 ha-

205 2956 271 3005 beat
294 2970 375 3020 quarn
399 2954 551 3019 sangoinis.
592 2955 694 3020 primus
719 2954 791 3003 enim
814 2958 970 3019 contempto
994 2954 1088 3004 ordine
1111 2970 1214 3017 rerum,
1240 2955 1342 3004 omissa

205 3023 341 3073 modestia
359 3038 393 3072 ac
411 3021 513 3087 pudore
532 3022 691 3077 uerborum.
719 3023 787 3087 ipsis
807 3024 891 3071 etiam
915 3022 1012 3086 quibus
1034 3023 1122 3072 utitur
1139 3023 1222 3072 armis
1239 3023 1342 3072 incom-

205 3092 310 3157 positus
329 3095 358 3140 et
374 3089 465 3140 studio
483 3090 600 3140 feriendi
618 3088 777 3155 plerumque
804 3090 928 3140 deiectus
951 3105 1005 3140 non
1028 3095 1135 3155 pugnat
1156 3091 1205 3140 sed
1227 3091 1341 3140 rixatur.

206 3165 329 3210 ceterum
345 3162 378 3207 nt
396 3157 452 3207 dixi
470 3157 649 3222 sequentibus
667 3163 840 3223 comparatus
860 3162 887 3206 et
909 3161 1047 3207 uarietate
1068 3158 1229 3209 eruditionis
1253 3164 1281 3208 et
1304 3157 1341 3208 le-

205 3243 270 3293 pore
289 3227 458 3276 urbanitatis
471 3232 499 3275 et
518 3226 638 3290 ipsarum
650 3226 750 3275 uirium
769 3226 865 3276 robore
878 3226 991 3274 multum
1005 3232 1113 3276 ceteros
1131 3231 1257 3291 superat,
1277 3241 1341 3290 quo·

205 3312 263 3345 rum
281 3295 418 3345 neminem
474 3309 503 3343 er
514 3308 654 3342 nominare
674 3298 702 3343 et
720 3293 821 3343 uelnt'
813 3309 843 3342 ιιι
855 3310 944 3343 acrem
958 3294 1075 3343 educere
1087 3293 1237 3344 sustinurt
1255 3294 1341 3356 Quin·

205 3361 398 3423 tilianule,
414 3294 502 3410 lld‘
496 3362 528 3411 οι
542 3377 602 3411 cum
616 3361 853 3427 ludicrolegatnr
873 3361 952 3410 dabrt
963 3362 1117 3411 imitatione
1131 3361 1216 3426 digna
1229 3360 1343 3411 Cassius

205 3432 338 3494 Seuerus,
365 3431 412 3495 qui
434 3430 459 3478 si
477 3430 578 3479 ceteris
600 3429 748 3479 uirtutibus
767 3429 885 3479 colorem
908 3434 936 3478 et
954 3429 1119 3495 grauitatem
1143 3430 1276 3479 orationis
1295 3428 1341 3478 ad·

205 3501 331 3559 iecisset,
351 3497 493 3563 ponendus
511 3499 584 3546 inter
596 3498 756 3563 praecipuos
774 3498 860 3559 foret3
889 3513 954 3547 nam
972 3501 1000 3546 et
1018 3498 1124 3563 ingenii
1136 3497 1280 3562 plurimum
1299 3501 1343 3545 est

205 3570 234 3617 in
253 3583 285 3618 eo
304 3570 333 3618 et
351 3564 490 3615 acerbitas
509 3566 578 3615 mira
602 3569 630 3614 et
651 3565 796 3615 urbanitas
820 3566 878 3614 eius
901 3580 1018 3627 summa,
1044 3565 1092 3615 sed
1114 3565 1175 3630 plns
1199 3563 1341 3614 stomacho

206 3651 287 3702 qnam
306 3634 422 3685 consilio
440 3632 536 3683 dedit'
556 3632 663 3683 Seneca
680 3637 803 3684 controv.
822 3632 918 3699 Vle.
938 3631 999 3691 206,
1020 3632 1096 3697 7sq.·
1117 3632 1239 3682 Cassius
1257 3631 1340 3681 Sene·

204 3718 251 3754 rus
272 3718 391 3754 summus
407 3701 512 3751 Publili
536 3700 662 3751 amator',
680 3701 845 3750 -Tacitus
865 3716 927 3751 anu.
948 3701 1029 3749 172:
1067 3701 1183 3765 ‘primus
1201 3700 1341 3764 Augustus

206 3771 392 3838 cognitionem
405 3770 438 3819 de
452 3770 564 3820 famosis
577 3768 680 3819 libellis
692 3764 786 3833 spe'cie
804 3768 912 3835 legis
888 3784 947 3818 erus
960 3768 1093 3818 tractauit
1111 3772 1259 3818 commotus
1273 3768 1340 3818 Cas

205 3840 241 3891 sii
260 3839 356 3889 Seueri
373 3837 504 3900 libidine,
528 3852 582 3902 qua
599 3838 674 3887 uiros
692 3837 864 3902 feminasque
888 3836 1019 3886 inlustres
1041 3837 1205 3901 procacibus
1229 3838 1341 3903 scriptis

205 3907 411 3967 diffamauerat3
447 3920 509 3955 mox
533 3904 662 3955 Tiberius
679 3903 853 3955 consultante
872 3906 1002 3970 Pompeio
1020 3906 1115 3954 Macro
1138 3908 1280 3970 praetore,
1305 3921 1340 3954 au

205 3976 310 4025 iudicia
322 3975 478 4025 maiestatis
490 3973 677 4036 redderentur,
692 3973 859 4022 exercendae
871 3973 1014 4037 legesesse
1026 3973 1178 4038 respondit
1190 3972 1262 4022 hunc
1274 3989 1339 4037 quo·

206 4060 257 4109 que
276 4058 441 4107 asperanere
460 4043 583 4091 earmina
600 4041 714 4091 incertis
731 4041 890 4091 auctoribus
906 4040 1066 4132 uolgatam
1084 4042 1232 4091 saeuitiam
1247 4056 1340 4107 supcr-

192 4112 332 4176 ‚bisinque
344 4112 404 4161 eius
416 4114 444 4159 et
455 4109 609 4160 discordem
623 4125 683 4159 cnm
695 4116 782 4159 matre
795 4110 923 4158 animum.
926 4106 988 4158 ’.ci
1002 4108 1166 4159 Plutarchus
1179 4109 1212 4159 de
1225 4108 1341 4159 adulat

207 4177 433 4244 amio.18p..60e
440 4178 595 4229 -Taeitus
609 4193 672 4227 ann
686 4177 800 4227 111121:
814 4177 939 4227 ‘relatum
953 4177 1238 4227 etdeCaasioSeuero
1251 4175 1339 4238 exule,

206 4249 253 4311 qui
275 4247 401 4299 sordidae
423 4247 538 4313 originis
559 4245 703 4297 maleficae
721 4246 797 4296 uitae
810 4245 859 4295 sed
876 4245 973 4296 orandi
990 4245 1098 4295 ualidus
1114 4262 1163 4310 per
1181 4244 1339 4294 immodicas

262 4498 267 4507 ,
292 4450 304 4502 1
322 4436 518 4516 Quintianum
535 4434 567 4494 in
582 4433 653 4493 ludo
668 4431 842 4513 prourbinm
855 4433 971 4492 luserat
986 4435 1060 4492 coni.
1073 4433 1150 4491 θοοὶ.

304 4672 314 4701 t
