3194 5004
535 422 562 461 r.
576 418 756 463 nrrscuanrr
773 420 1013 462 couuuuraarvs
1281 396 1343 457 493

208 572 261 650 plo
284 569 376 631 valde
401 570 570 630 delectatur
591 572 648 632 hac
671 571 820 631 societate
845 572 1015 643 nominum,
1044 571 1180 631 Gellius:
1206 574 1235 628 in
1264 578 1347 628 terra

210 675 332 731 Graecia
347 683 375 746 1,
394 684 419 735 l.
436 654 525 745 nvn,
542 681 568 735 3.
598 684 688 740 XVII,
706 681 741 734 Ἢ
758 671 778 749 ξ
794 680 828 735 16
850 682 881 732 et
896 682 942 746 23,
965 677 995 730 ia
1010 681 1092 730 terra
1113 673 1227 730 Vmbria
1242 683 1295 743 111,
1318 679 1344 745 ἓ,

207 777 237 831 in
258 782 339 831 terra
353 776 457 848 Africa
471 786 517 847 Iv,
542 783 582 838 18.
612 786 689 847 xvi,
710 784 753 847 ll,
775 778 805 831 in
826 783 906 832 {erra
920 776 1022 847 ltalia,
1045 779 1204 832 interram
1227 777 1346 831 Laconi·

208 895 272 934 cam
292 887 369 949 ΠΙ,
397 886 447 947 19,
473 894 512 933 ea
538 885 618 934 terra
639 878 785 948 Hispania
808 886 898 949 xvii,
923 887 955 950 ¹3,
982 885 1100 933 eterra
1120 879 1189 934 Asia
1213 886 1291 947 xlx,
1318 883 1344 937 9.

210 976 326 1036 Contra
340 978 462 1056 poetico
479 978 582 1037 colore
597 978 823 1052 tinctusTaciti
837 997 936 1038 sermo
952 998 1016 1037 non
1030 976 1203 1054 refugiebat
1219 978 1347 1050 Capreas

207 1097 239 1138 se
255 1084 283 1138 in
301 1083 425 1138 insulam
438 1073 712 1151 abdiditAnn.'1V,
735 1087 786 1147 67,
814 1087 844 1140 et
865 1081 891 1140 si
914 1100 993 1160 quae
1013 1088 1084 1139 sunt
1104 1080 1243 1139 similiter
1264 1078 1346 1137 dicta

208 1183 332 1242 inverso
355 1181 464 1242 ordine
483 1189 516 1240 ut
535 1185 639 1255 oppida
660 1202 678 1239 a
695 1182 810 1255 Canopo
836 1194 877 1255 ΙΙ,
900 1189 948 1250 60,
974 1189 1095 1239 merrtem
1119 1185 1200 1255 apud
1217 1183 1347 1253 Erycum

209 1294 255 1357 lv,
271 1292 315 1346 43.
352 1283 495 1343 Ceterum
509 1303 570 1341 uno
585 1281 681 1342 verbo
696 1284 871 1363 repellendi
886 1293 957 1343 sunt
973 1285 1024 1363 qui
1041 1285 1181 1342 Graeciae
1195 1288 1347 1341 interram

209 1385 462 1445 commendarunt
489 1405 553 1444 non
585 1393 748 1464 perspecta
773 1386 804 1444 vi
831 1386 1035 1464 appositionis
1064 1404 1155 1465 qaam
1183 1384 1345 1444 sanissimo

208 1486 321 1547 iudicio
345 1487 472 1547 Carolus
493 1486 704 1567 Nipperdeius
730 1506 830 1566 nuper
857 1488 1023 1566 explicarit
1049 1486 1194 1566 Spieileg.
1221 1487 1286 1545 crit.
1312 1488 1345 1545 in

210 1586 333 1649 (lornei.
349 1591 430 1668 Nep.
446 1609 478 1668 p.
491 1598 525 1651 35
540 1609 587 1669 sq.
602 1620 643 1630 ——
657 1590 760 1649 Vnum
774 1597 883 1662 restat,
901 1587 985 1668 quod
1002 1589 1059 1647 etsi
1078 1587 1261 1648 dubitationi
1277 1608 1346 1648 esse

209 1691 375 1751 obnoxium
400 1691 517 1764 sentio,
546 1698 650 1751 tamen
675 1691 799 1750 silentio
824 1690 1067 1770 praetermittere
1093 1691 1236 1768 religioni
1262 1689 1345 1750 duxi.

207 1794 332 1853 Etenim
347 1812 512 1872 numquam
527 1813 590 1851 non
607 1793 771 1852 offensioni
787 1793 880 1852 fuisse
895 1792 996 1851 fateor
1011 1791 1109 1872 quod,
1132 1813 1192 1872 quo
1213 1812 1247 1851 se
1263 1813 1345 1851 rece·

158 1890 162 1898 ’
208 1880 290 1975 perit
304 1895 484 1967 Terentius,
508 1892 640 1955 Graecia
655 1876 791 1953 altimo
809 1894 932 1953 dicitnr:
955 1893 1178 1974 uniusquidem
1195 1893 1345 1953 definitio·

209 1997 256 2056 nis
272 2016 383 2055 vereor
396 2005 430 2055 ut
444 1996 538 2054 ullam
550 2006 663 2056 certam
678 1998 836 2055 notionem
846 1997 944 2055 menti
958 2016 1032 2055 suae
1047 1996 1213 2062 informare
1223 2005 1345 2055 veteres

208 2098 268 2177 ipsi
285 2098 455 2175 potuerint:
481 2105 543 2155 tam
569 2098 622 2157 illa
643 2106 674 2157 et
694 2098 731 2157 ab
752 2118 807 2156 usu
828 2097 947 2156 recedit
966 2107 1010 2169 et,
1038 2099 1128 2156 situm
1150 2098 1299 2159 Graeciae
1320 2098 1347 2156 si
1405 2168 1409 2175 ,

210 2199 309 2279 qualis
331 2199 371 2258 sit
390 2200 598 2277 reparaveris,
620 2209 728 2278 suapte
749 2193 858 2259 'natura
881 2200 988 2258 mirum
1007 2200 1040 2257 in
1061 2199 1183 2259 modum
1208 2208 1346 2277 vagatur.

209 2300 443 2360 Remotissimae
459 2300 497 2358 ab
519 2300 594 2359 urbe
608 2302 706 2360 Roma
728 2300 792 2379 (vel
813 2301 904 2361 etiam
924 2300 1102 2378 Brundisio)
1126 2308 1228 2380 partes
1251 2299 1346 2361 Grae·

210 2404 276 2461 aiae
291 2400 509 2479 navigantibus
526 2401 650 2481 quidem
666 2423 729 2461 non
746 2404 869 2463 fuerunt
889 2403 969 2461 aliae
992 2404 1054 2461 nisi
1067 2403 1185 2475 Attio-a,
1207 2401 1345 2475 Euboea,

208 2504 388 2564 'Phessaliar
415 2523 541 2583 quarum
566 2504 634 2562 illas
656 2504 748 2577 duas,
776 2505 828 2583 qui
851 2504 1032 2564 delitescere
1054 2504 1164 2577 vellet,
1191 2524 1254 2565 non
1276 2523 1346 2581 pro·

209 2606 289 2665 fecto
305 2606 454 2684 petiturus
471 2612 536 2664 erat
557 2613 681 2684 praeter
701 2606 790 2678 alias,
814 2625 914 2665 rursus
938 2616 1040 2665 antem
1058 2607 1148 2678 baec,
1172 2606 1344 2679 Thessalia,

209 2727 266 2787 per
279 2708 406 2786 Epirum
424 2708 485 2765 iter
510 2706 693 2766 facientibus
713 2708 807 2766 multo
830 2726 920 2787 quam
942 2709 1010 2787 ipsa
1024 2708 1127 2767 Attica
1147 2708 1198 2765 vel
1217 2706 1347 2765 Euboea

209 2810 411 2889 propinquior
440 2818 513 2868 erat.
562 2810 646 2887 Ergo
678 2829 868 2890 quocumque
893 2818 924 2869 te
954 2810 1102 2882 verteris,
1131 2828 1198 2867 curn
1223 2828 1346 2888 semper

184 2956 186 2960 -
209 2911 326 2992 aliquid
347 2910 463 2970 insoliti
485 2910 670 2990 multumque
692 2910 824 2989 ambigui
847 2911 961 2970 habeat
983 2914 1121 2970 Graeciae
1145 2906 1269 2970 aliumue
1292 2930 1347 2989 ap·

208 3014 351 3093 pallatio,
369 3032 432 3071 non
447 3012 524 3071 levis
540 3013 668 3092 suspitio
685 3015 820 3074 nascitur
839 3018 869 3073 in
886 3016 1036 3072 Graeciam
1054 3024 1162 3073 terram
1176 3019 1283 3071 ineam
1294 3030 1346 3070 ara

208 3117 324 3195 potins,
346 3136 407 3194 quo
423 3130 439 3172 e
456 3124 626 3193 conspectu
639 3117 773 3174 omnium
787 3136 821 3174 se
837 3115 1034 3189 subduceret,
1051 3117 1230 3175 Terentium
1245 3134 1345 3173 reces-

209 3219 285 3277 sisse
307 3228 431 3275 auctore
451 3216 561 3275 Porcio
584 3218 614 3275 b.
638 3236 665 3276 e.
690 3236 757 3275 cam
782 3218 815 3275 in
837 3226 949 3276 terram
969 3219 1001 3275 in
1024 3237 1085 3297 qua
1108 3218 1200 3277 etiarn
1219 3225 1346 3275 mortem

188 3319 300 3406 tabiit,
330 3338 409 3398 quae
431 3317 490 3376 fuit
510 3318 655 3377 Arcadia.
690 3320 770 3377 Nam
791 3318 869 3377 nibil
893 3319 952 3377 huc
975 3320 1123 3397 pertinet,
1153 3317 1236 3398 quod
1262 3318 1346 3376 illum

208 3420 401 3479 alii-omnino
418 3418 528 3478 nonin
546 3417 726 3492 Graeciam,
746 3419 801 3478 sed
822 3420 855 3478 in
870 3421 977 3478 Asiam
992 3421 1161 3497 profectum
1178 3405 1345 3490 tradidere,
1365 3494 1371 3506 ι

208 3530 242 3581 ut
256 3521 412 3583 Volcatius
429 3518 585 3597 Sedigitas
601 3519 683 3579 infra
698 3529 946 3580 commemoratus
962 3541 981 3578 a
996 3521 1154 3580 Suetonio.

209 3615 216 3631 ⁸
292 3622 367 3699 Peg.
389 3620 445 3694 28,
468 3621 488 3681 3
509 3620 553 3680 sio
568 3622 725 3681 Parisinus
743 3627 780 3681 ri:
802 3632 931 3681 mortuas
950 3631 993 3679 cat
1006 3624 1099 3696 insola
1120 3625 1278 3679 archadiae
1294 3641 1345 3695 aa

206 3708 274 3798 pido
297 3745 324 3784 e.
348 3744 377 3804 q.
400 3744 425 3783 s.
469 3722 530 3782 Vbi
556 3727 585 3780 iu
611 3726 699 3796 pbalo
724 3723 792 3783 libri
815 3725 928 3783 novicii
951 3724 1107 3803 plerique,
1136 3729 1166 3781 in
1185 3726 1345 3797 ..temptato

210 3845 277 3884 cum
285 3824 427 3885 Vrbinati
444 3824 537 3884 editio
554 3826 718 3905 princeps,
734 3827 815 3905 turpi
831 3835 864 3885 ut
879 3834 1010 3905 apparet
1024 3827 1213 3888 soloecismo.
1251 3823 1344 3903 Quod

209 3927 395 4004 intellegens
410 3928 540 3987 Rothius
556 3927 767 3986 soloecismum
784 3938 888 3987 tamen
904 3948 944 3986 nc
960 3930 1027 4007 ipse
1043 3927 1168 4008 quidem
1183 3929 1264 3987 cavit
1280 3948 1347 3986 curn

209 4028 319 4088 Porcio
335 4029 412 4087 haec
426 4028 522 4088 verba
535 4028 655 4088 tribuit:
678 4031 823 4088 Mdrluurt
837 4030 1006 4104 Stymplbiio
1021 4033 1163 4088 Arcadiae
1182 4034 1212 4088 iu
1232 4032 1345 4103 cippido.

209 4131 354 4205 Tolerari
365 4139 481 4211 potest,
500 4150 590 4211 quam
606 4131 659 4189 ille
675 4132 880 4190 necessariam
896 4132 973 4190 dixit
987 4142 1111 4211 praeter
1124 4132 1300 4204 veritatem,
1316 4135 1347 4188 irs

209 4224 414 4311 praepositio:
431 4253 495 4295 non
510 4242 614 4312 potest
630 4234 661 4291 in
677 4233 759 4291 bono
776 4235 925 4313 scriptore
941 4235 1108 4309 Stymphala
1124 4236 1221 4295 forma
1236 4254 1291 4313 pro
1308 4252 1346 4292 ea

210 4353 300 4413 quam
322 4334 488 4413 antiquitas
509 4335 607 4395 solam
626 4335 769 4415 probavit
785 4336 945 4411 Stymphali
952 4359 959 4395 :
980 4336 1063 4416 quod
1086 4357 1183 4415 genus
1204 4347 1344 4398 accurata

208 4445 242 4494 ut
260 4436 339 4495 solet
355 4434 494 4495 doctrina
516 4437 599 4497 idem
619 4438 672 4497 ille
687 4437 896 4518 Nipperdeius
912 4440 932 4498 l.
948 4460 972 4498 s.
989 4459 1013 4496 s.
1034 4440 1176 4499 tractavit
1201 4460 1232 4519 p.
1252 4451 1281 4502 15
1297 4461 1345 4519 sq.
