3194 5004
514 449 543 489 r.
558 445 740 489 errsomsnn
755 443 998 489 commuranrvs
1261 420 1324 483 527

191 599 217 658 si
238 598 440 678 praecederet
459 602 564 657 comico
578 601 673 673 pomus
688 596 741 657 val
761 593 909 655 eiusmodi
924 592 1083 675 quiddam:
1114 591 1260 653 absonum
1277 600 1326 653 est

192 710 294 761 autem
312 700 488 780 despectam
502 701 604 760 iacere
621 703 747 759 sirionem
766 697 836 758 dici.
1009 752 1012 757 .

274 803 350 881 Peg.
370 802 425 875 34,
449 801 484 863 la
505 821 540 862 oo
554 804 644 873 doleo,
664 800 747 881 quod
762 801 855 860 etiam
869 797 965 860 codex
978 798 1162 877 Baginensis
1176 797 1327 879 praebuit,

192 906 358 965 eParisiui
374 905 524 983 scriptura
538 906 651 962 audolco
667 902 797 962 Rothius
814 902 940 963 eruebat
953 914 1061 982 pro‘eo
1071 900 1164 982 'qnod
1183 900 1327 979 vulgatur

192 1014 220 1064 et
235 1009 323 1065 doleo.
362 1004 425 1066 Sed
447 1004 644 1085 acquiescere
666 1004 805 1084 profecto
824 1024 865 1065 ne
880 1004 912 1064 iu
933 1004 986 1063 illo
1003 1002 1126 1084 quidem
1139 1003 1252 1081 poterit
1264 1003 1326 1084 qui,

193 1117 381 1187 quantopere
396 1107 562 1184 langueant
576 1107 621 1168 sio
636 1114 667 1165 et
681 1107 844 1193 coniuncta
858 1117 889 1167 et
905 1105 1065 1166 conlocata
1082 1122 1211 1163 maceror
1228 1123 1263 1163 oc
1277 1108 1325 1163 do·

192 1214 234 1268 leo
256 1208 407 1270 vocabula
431 1209 484 1267 uni
507 1210 622 1268 notioni
646 1209 863 1283 inservientia,
889 1227 993 1268 secum
1016 1205 1215 1286 reputaverit.
1258 1206 1326 1265 Ali·

192 1319 306 1391 quanto
322 1311 392 1391 plns
409 1312 568 1389 gravitatis
583 1309 754 1370 habiturum
770 1330 838 1371 esse
854 1330 940 1369 mum
956 1312 1008 1367 lsoc
1021 1326 1158 1376 muneror,
1172 1310 1238 1367 hoc
1251 1311 1328 1367 doleo

194 1412 406 1488 concedimus,
433 1413 516 1494 qnod
538 1412 745 1472 Buechelerus
768 1412 971 1493 proponebat:
1010 1411 1066 1471 sed
1085 1408 1137 1469 vel
1158 1409 1203 1468 sic
1225 1419 1328 1469 tamen

192 1515 314 1576 inverso
329 1515 427 1595 potius
443 1514 549 1575 ordine
564 1517 617 1573 loos
635 1517 724 1587 doleo,
742 1517 793 1573 hoc
807 1532 939 1573 maceror
954 1512 994 1573 ad
1009 1513 1116 1572 lortius
1131 1511 1329 1590 progredien-

193 1617 266 1677 dum
290 1617 386 1677 fnisse
412 1617 633 1694 intellegimus,
660 1615 700 1676 ad
719 1616 856 1698 aliquam
875 1613 1101 1677 similitudinem
1124 1632 1328 1694 eorumquae

193 1727 263 1780 sunt
280 1720 312 1779 in
328 1718 466 1800 Captivis
481 1741 511 1778 v.
528 1728 580 1783 928
598 1723 667 1777 sotis
686 1724 742 1777 iam
763 1722 839 1778 dolat
858 1736 897 1778 en
916 1722 1007 1776 animo
1024 1727 1051 1775 et
1071 1736 1142 1777 curu
1160 1722 1228 1776 satta
1247 1735 1290 1776 me
1304 1725 1331 1774 et

193 1827 325 1881 lacrumis
339 1827 484 1881 macereas·
504 1819 585 1901 (cnm
599 1841 659 1903 quo
674 1840 790 1899 genere
805 1818 936 1881 mucore
948 1804 1015 1878 noli
1034 1818 1116 1900 quod
1130 1838 1250 1898 prorsus
1266 1818 1329 1879 dis·
1382 1796 1390 1813 ’

192 1924 261 2004 pari
276 1923 514 1984 conformatione
539 1924 756 1983 sententiarum
775 1923 888 1983 dictum
908 1932 955 1982 est
970 1921 1088 1985 Cistell.
1110 1932 1138 1995 1,
1160 1929 1237 1992 1,61
1259 1926 1330 1980 mola

193 2029 261 2084 meur
274 2035 323 2099 eat,
341 2030 412 2085 mole
428 2043 573 2084 maceror.-
591 2029 667 2085 doleo
681 2029 716 2083 ab
731 2031 831 2098 cauno,
848 2029 925 2084 doleo
940 2026 974 2080 ab
989 2026 1084 2092 ocum,
1099 2025 1175 2082 doleo
1190 2026 1225 2080 ab
1238 2027 1330 2098 oequ-

70 2098 79 2112 ⁶
126 2164 130 2172 ·
195 2127 314 2205 maline).
346 2126 446 2187 Recte
464 2126 684 2187 idem'Plantus
706 2136 737 2187 et
751 2126 969 2186 convenienter
982 2122 1093 2183 rationi
1111 2135 1268 2199 eqomctm
1283 2144 1329 2185 co·
1419 2121 1423 2128 ’

194 2249 249 2306 quo
262 2238 289 2287 et
302 2246 414 2287 macero
428 2238 454 2287 et
466 2230 582 2303 desetipo
592 2228 763 2288 Trinummi
776 2248 805 2288 v.
819 2237 886 2291 225:
905 2228 978 2286 item
995 2232 1079 2285 recte
1093 2228 1145 2284 lroo
1159 2243 1201 2284 me
1216 2228 1330 2301 fucinus
1401 2278 1403 2282 Α

194 2336 326 2390 munaus
339 2338 464 2388 mucercu
477 2347 618 2406 meumque
634 2349 684 2389 cnr
701 2348 856 2406 corpusque
872 2334 979 2389 cruciat
994 2328 1127 2389 Gloriosi
1145 2349 1175 2388 v.
1188 2337 1256 2403 616,
1279 2329 1331 2389 vel

196 2434 289 2496 etiam
309 2432 476 2512 simplicius
500 2442 531 2492 et
554 2433 705 2499 contrario
726 2430 832 2492 ordine
849 2431 1012 2491 Terentius
1036 2432 1068 2489 in
1089 2429 1209 2490 Andria
1229 2452 1258 2490 v.
1278 2438 1331 2494 886

194 2555 267 2611 quor
280 2553 325 2594 me
338 2539 492 2594 munem?
513 2554 585 2609 quor
602 2553 645 2594 me
658 2546 803 2593 maceror:
827 2555 897 2594 nam
918 2534 974 2592 has
995 2531 1119 2614 quidem
1137 2534 1277 2593 notiones
1298 2539 1332 2591 ut

197 2636 312 2718 dispari
334 2637 465 2714 origine,
495 2637 539 2695 ita
559 2636 627 2716 pari
646 2636 724 2696 inter
744 2657 779 2697 se
799 2637 951 2714 gravitate
975 2655 1043 2696 esse
1064 2636 1196 2695 omnium
1219 2635 1332 2714 optime

198 2738 329 2800 Casinas
343 2756 449 2799 versus
465 2737 555 2798 docet
569 2749 611 2817 11,
628 2748 661 2812 8,
675 2747 692 2802 9
712 2742 823 2797 illorum
838 2756 882 2797 me
895 2742 965 2796 alter
979 2742 1099 2812 cranei,
1113 2742 1183 2796 alter
1198 2746 1331 2796 monaca

196 2842 239 2902 Vt
252 2861 313 2901 non
327 2843 418 2901 mirer
433 2843 459 2901 si
477 2843 544 2921 quis
561 2839 642 2920 apud
658 2841 839 2901 Suetonium
856 2839 991 2900 secundo
1007 2840 1075 2899 loco
1094 2841 1225 2921 positum
1238 2840 1331 2899 multo

197 2943 308 3004 exilius
323 2947 399 3003 doleo
415 2943 542 3004 verbnm
556 2962 594 3003 ex
610 2943 877 3023 interpretamento
889 2952 1031 3022 repetere
1048 2942 1235 3025 Caesarique
1248 2963 1332 3001 uuum

196 3047 249 3105 hoc
262 3064 399 3115 maceror,
414 3049 466 3105 hoc
480 3051 592 3105 crucior
609 3044 743 3107 tribuere
760 3047 893 3107 animum
905 3045 1040 3107 inducat.
1062 3047 1176 3107 Verum
1191 3046 1217 3105 is
1231 3054 1333 3105 tamen

197 3147 250 3207 vix
266 3147 392 3208 habebit
412 3168 464 3209 cur
481 3148 566 3208 illum
583 3156 667 3207 tanto
684 3148 776 3209 animi
788 3151 898 3209 affectu
912 3158 1036 3229 tamque
1052 3151 1204 3209 concitato
1219 3166 1333 3225 genere

192 3248 342 3332 *loquendi
353 3270 441 3311 usum
453 3271 519 3312 esse
531 3253 563 3311 in
576 3259 639 3311 tam
651 3251 715 3311 leni
729 3259 760 3312 et
773 3252 904 3331 simplici
920 3272 1030 3311 caussa
1042 3250 1132 3311 dicat.
1155 3251 1186 3309 N
1187 3271 1235 3309 am
1246 3260 1281 3310 nt
1294 3249 1334 3309 ad

196 3352 353 3431 perfectae
375 3354 448 3413 artis
470 3361 502 3412 et
519 3353 726 3433 praestantiae
749 3354 905 3430 exemplar
925 3351 1042 3433 aliquid
1063 3351 1172 3413 deesse
1187 3353 1332 3411 Terentio

198 3454 399 3529 indicaretur,
416 3454 468 3514 vel
485 3472 570 3512 unum
586 3457 638 3513 doc
660 3458 738 3514 doleo
760 3453 820 3514 dici
836 3456 911 3515 satis
929 3464 1009 3516 erat:
1031 3455 1131 3534 potuit
1144 3454 1226 3514 hand
1243 3451 1334 3514 dubie

198 3557 353 3638 aliquanto
369 3555 478 3615 fortius
495 3556 587 3615 etiam
601 3575 685 3614 uuum
696 3558 749 3616 hoc
759 3546 886 3616 maceror
900 3557 952 3617 vel
968 3570 1054 3615 uuum
1065 3560 1117 3615 lace
1132 3563 1243 3616 cremor
1257 3556 1333 3616 dici:

134 3656 138 3662 ⁴
198 3658 254 3719 sed
268 3657 392 3718 nimium
408 3665 474 3717 erat
487 3656 626 3737 prolecto
648 3666 679 3717 et
692 3677 789 3738 prope
805 3657 946 3737 putidum
962 3659 1014 3720 vel
1033 3662 1190 3729 modales,
1208 3662 1260 3718 hoc
1275 3679 1334 3747 ma-

199 3780 280 3822 ceror
293 3761 344 3822 vel
360 3760 437 3821 adeo
452 3762 505 3818 hoc
525 3777 661 3833 moeror,
676 3763 728 3819 lroc
748 3766 868 3821 munior.
912 3763 995 3840 Ergo
1017 3781 1053 3822 eo
1069 3760 1205 3822 ducimur
1224 3771 1258 3821 nt
1277 3761 1334 3820 fal·

198 3862 264 3923 lere
289 3861 376 3923 verbi
404 3862 434 3926 h.
463 3882 491 3922 e.
518 3851 648 3949 ῥήματος
677 3863 813 3942 speciem
839 3866 1097 3943 pe'rseutiscamns
1132 3872 1224 3944 atque
1251 3861 1335 3923 aliud

200 3963 345 4044 quiddam
369 3963 466 4025 latere
493 3966 525 4024 in
545 3966 692 4025 memoria
714 3964 860 4025 librorum
889 3968 1084 4047 suspicemur.
1128 3965 1246 4044 Quodsi
1267 3966 1335 4046 quis

200 4065 239 4126 de
265 4065 376 4126 talibus
409 4069 539 4146 cogitet,
572 4067 675 4147 qualia
707 4067 811 4126 futura
838 4069 899 4128 siut
925 4088 1011 4127 unum
1037 4070 1089 4129 ooo
1112 4087 1254 4138 maceror,
1283 4071 1336 4126 hoc

200 4171 278 4227 docto
291 4171 338 4226 tibi
352 4198 411 4241 -,
435 4171 486 4231 rel
506 4173 558 4230 laoc
579 4174 661 4244 ecto,
685 4171 736 4229 sel
751 4173 803 4229 loco
818 4173 905 4242 dulci,
928 4179 959 4231 et
979 4172 1006 4230 si
1025 4169 1106 4252 quae
1123 4179 1193 4231 snut
1208 4169 1334 4244 similia,
1353 4212 1357 4225 .

200 4268 278 4330 haec
303 4280 405 4332 tamen
430 4273 530 4333 omnia
555 4271 617 4333 suis
636 4272 758 4351 singula
776 4272 975 4333 incommodis
997 4275 1102 4355 eisque
1121 4283 1168 4334 sat
1191 4271 1335 4351 gravibus

170 4394 175 4399 ·
199 4370 340 4433 laborare
366 4374 458 4435 facile
485 4375 677 4456 perspicitur.
722 4374 789 4436 Nec
815 4374 1057 4436 obliviscendum
1083 4376 1123 4437 ad
1147 4378 1200 4435 hoc
1225 4393 1335 4454 prouo-

200 4495 271 4536 meu
302 4492 357 4535 uos
389 4475 533 4557 delapsos
559 4476 599 4537 ab
628 4498 664 4539 eo
694 4497 818 4557 prorsus
844 4477 1001 4539 aberrasse
1030 4477 1113 4538 unde
1139 4478 1335 4558 proficiscen·
