3186 4996
242 423 263 488 4
618 446 660 487 bs
684 444 770 488 vmrs
795 446 1008 492 ruussrnrnvs

206 584 227 653 2
327 592 410 656 Cum
432 594 570 677 primum
593 593 739 656 homines
761 604 861 656 exuta
883 594 1013 657 feritate
1040 596 1198 660 rationem
1220 596 1309 658 uitae
1329 593 1385 657 ha·

242 693 319 756 bere
337 695 520 779 coepissent
538 716 637 777 seque
659 716 698 757 ac
720 695 796 757 deos
819 695 918 779 [suos]
945 718 1055 777 nosse,
1079 696 1240 759 modicum
1263 696 1383 759 cultum

242 817 280 857 ac
304 816 485 857 sermonem
509 797 736 858 necessarium
758 798 930 858 commenti
957 796 1037 877 sibi,
1066 800 1233 882 utriusque
1260 798 1384 880 magni·

242 895 405 958 licentiam
422 896 463 958 ad
482 895 672 978 religionem
694 897 828 959 deorum
846 896 1001 983 [suorum]
1020 900 1300 981 excogitauerunt.
1325 899 1384 980 igi·

242 1006 295 1059 tur
314 1008 351 1059 ut
373 995 494 1081 templa
522 996 587 1059 illis
610 997 760 1060 domibus
783 997 970 1082 pulchriora
992 1009 1024 1060 et
1047 997 1221 1062 simulacra
1244 999 1406 1083 corpori-e

65 1120 74 1134 ·
159 1176 165 1189 ,
242 1097 302 1160 bus
334 1097 492 1183 ampliora
519 1097 701 1179 faciebant,
728 1100 773 1162 ita
802 1098 928 1185 eloquio
957 1101 1051 1162 etiam
1075 1092 1168 1184 quasi
1198 1093 1384 1182 augustiore

243 1198 448 1263 honorandos
475 1208 674 1283 putauerunt
696 1198 874 1286 laudesque
903 1223 1012 1263 eorum
1041 1211 1073 1263 et
1098 1199 1210 1263 uerbis
1241 1199 1385 1262 inlustri-

242 1300 354 1363 oribus
378 1309 410 1362 et
436 1299 682 1363 iucundioribus
706 1305 850 1365 numeris
873 1301 1069 1365 extulerunt.
1121 1300 1155 1363 id
1181 1322 1285 1384 genus
1309 1301 1386 1384 quia

243 1402 348 1464 forma
376 1400 515 1486 quadarn
546 1401 701 1483 eflicitur,
730 1425 815 1488 quae
837 1398 973 1484 ποιότης
994 1402 1130 1481 dieitur,
1160 1422 1276 1487 poema
1299 1401 1385 1464 uoci-

241 1512 346 1566 tatum
370 1512 434 1581 est,
456 1503 590 1587 eiusque
614 1502 754 1567 factores
777 1501 902 1591 poetae.
1395 1520 1420 1558 ¹⁰

178 1696 228 1769 3*
330 1705 503 1769 Poematos
532 1727 653 1790 genera
681 1717 758 1770 sunt
785 1710 857 1770 tria.
907 1715 963 1770 aut
986 1709 1071 1770 enim
1095 1707 1238 1775 uotiuum
1261 1714 1311 1766 est
1333 1702 1385 1767 uel

242 1808 452 1887 imitatiuum,
470 1806 556 1890 quod
573 1806 693 1871 Graeci
712 1807 914 1871 dramaticon
929 1806 982 1871 uel
1001 1807 1206 1885 mimeticon,
1222 1813 1278 1868 aut
1293 1816 1385 1867 onor-

242 1979 372 2028 siderium
385 1985 449 2027 tom.
466 1978 477 2026 l
491 1995 517 2044 p.
532 1978 674 2028 ‘llIVsllz
690 1979 803 2043 ‘Scripsi
817 1980 915 2030 librum
927 1979 961 2029 da
976 1979 1128 2029 illustribus
1140 1979 1217 2039 uiris,
1232 1978 1266 2027 ab
1277 1984 1386 2041 aposto

242 2048 276 2096 lis
291 2063 376 2110 usque
396 2045 430 2095 sd
442 2054 563 2096 nostram
581 2054 716 2107 aetatem,
736 2048 859 2097 imitatus
871 2048 1063 2112 Tranquillum
1076 2047 1264 2109 Graecumque
1278 2044 1386 2108 Apollo-

241 2112 338 2164 nIum.'
350 2116 533 2178 Hieronymus
546 2116 626 2179 epist.
647 2115 695 2164 112
708 2115 743 2164 ad
759 2116 939 2180 Augustinum
952 2124 1015 2165 tom.
1030 2116 1043 2164 I
1055 2132 1081 2180 p.
1096 2113 1146 2164 738
1160 2112 1247 2161 Valh:
1267 2113 1385 2175 ‘Legisti

243 2184 361 2233 enimet
379 2182 499 2232 Graecos
520 2189 547 2231 et
564 2183 696 2241 Latinos,
715 2184 762 2247 qui
779 2184 852 2232 uitas
869 2185 988 2232 uirorum
1007 2182 1152 2232 illustrium
1171 2181 1384 2244 descripserunt,

242 2251 313 2316 quod
325 2265 470 2314 numquam
481 2250 650 2314 epitaphium
660 2251 770 2301 titulum
781 2251 939 2311 indiderint,
950 2251 998 2299 sed
1008 2251 1041 2299 de
1052 2248 1204 2299 illustribus
1218 2249 1295 2310 uiris,
1307 2247 1384 2296 uerbi

241 2319 333 2383 gratia
350 2318 465 2367 ducibus
482 2317 650 2382 philosophis
668 2319 822 2369 oratoribus
838 2319 978 2368 historicis
997 2320 1087 2382 poetis
1101 2318 1188 2381 epicis
1206 2316 1322 2379 tragicis
1339 2332 1384 2364 eo·

242 2384 346 2436 micis.'
360 2386 543 2448 Hieronymus
562 2387 680 2450 praelat.
700 2387 729 2435 in
748 2386 880 2437 chronica
892 2393 956 2436 tom.
977 2387 1043 2434 VIII
1062 2403 1087 2450 p.
1107 2384 1122 2432 7
1142 2384 1165 2431 V
1168 2383 1229 2432 alh:
1250 2384 1281 2431 ‘sl
1301 2383 1386 2431 Trois

242 2470 327 2518 usque
347 2454 380 2502 nd
400 2454 560 2502 uicesimum
579 2454 754 2504 Constantini
778 2471 879 2503 anirum
901 2470 973 2503 nune
998 2453 1092 2502 addita
1115 2467 1187 2500 nune
1212 2452 1298 2499 mixto
1322 2455 1386 2499 sunt

241 2521 372 2586 plurima,
387 2536 458 2584 quae
471 2520 504 2569 de
517 2521 678 2585 Tranquillo
692 2528 720 2573 et
733 2525 834 2572 octaris
847 2522 998 2571 illustribus
1014 2520 1154 2569 historicis
1173 2516 1385 2583 excerpsimus.’

326 2584 342 2639 2
361 2588 481 2637 Isidorus
494 2589 582 2651 orIgg.
597 2590 663 2638 VIII
681 2590 711 2651 7,
733 2589 814 2638 1-2.
836 2591 892 2638 ‘he
905 2590 1003 2654 poetis.
1029 2590 1132 2637 Poetae
1146 2587 1217 2636 uude
1230 2588 1287 2635 sint
1305 2586 1383 2647 dicti,

241 2658 282 2705 sic
301 2654 384 2719 (sieut
398 2657 443 2704 θοι.
462 2654 493 2721 2)
513 2657 553 2707 sit
566 2656 756 2721 Tranquillus:
778 2662 864 2706 eum'
883 2674 907 2706 e.
928 2673 952 2721 q.
973 2673 994 2705 s.
1015 2656 1052 2704 cl.
1069 2655 1201 2704 Rabsuus
1214 2655 1325 2703 Maurus
1339 2669 1384 2701 ex-

242 2730 328 2788 cerpt.
357 2724 391 2771 de
416 2729 474 2773 arte
498 2740 611 2787 gramm.
631 2726 767 2775 Prisciani
793 2727 818 2774 II
838 2742 863 2788 p.
884 2725 916 2773 46
935 2724 976 2773 ed.
998 2723 1091 2771 Goion.
1117 2722 1163 2786 qui
1186 2720 1320 2771 Isidorum
1339 2736 1385 2768 ex·

241 2793 361 2856 scrIpsit.
375 2792 467 2856 pergit
484 2792 525 2840 sic
544 2792 665 2841 Isidorus
684 2793 701 2842 l.
717 2809 741 2841 c.
755 2792 782 2842 3:
810 2794 908 2841 ‘Vates
926 2792 988 2840 arri
1006 2791 1106 2840 mentis
1125 2789 1279 2854 appellatos
1297 2789 1384 2836 Varro

241 2869 337 2909 auctor
356 2866 398 2909 est
415 2859 461 2907 uel
474 2876 491 2908 a
508 2860 616 2908 uiendis
629 2861 796 2910 carminibus
815 2860 897 2909 idest
915 2858 1058 2907 flectendis
1075 2856 1126 2906 hoc
1144 2855 1385 2915 estmodulandis3

242 2935 270 2977 ct
292 2927 405 2992 proinde
429 2933 527 2992 poetae
552 2928 653 2977 Latino
677 2934 757 2977 uates
781 2927 845 2977 olim
865 2934 893 2976 ct
916 2928 1020 2991 scripta
1044 2940 1136 2976 eorum
1154 2924 1290 2973 usticIuia
1308 2923 1383 2971 dice·
1469 2960 1474 2969 .

241 2995 351 3058 buntur,
370 2995 440 3059 quod
460 2995 487 3042 ui
510 2994 627 3057 quodam
652 3002 680 3043 et
698 2996 777 3060 quasi
795 2996 911 3044 uesania
929 2995 957 3043 in
976 2993 1121 3042 scribendo
1141 2998 1386 3052 commonerentur,

241 3064 286 3113 uel
305 3063 376 3128 quod
394 3062 481 3111 modis
500 3062 586 3110 uerba
604 3070 828 3121 concuterentur,
847 3064 922 3111 ulere
942 3062 1064 3125 antiquis
1083 3077 1130 3125 pro
1153 3060 1259 3108 uincire
1283 3074 1384 3124 ponen-

241 3129 339 3180 tibus.’
360 3132 395 3179 cl.
412 3131 498 3179 Varro
516 3129 549 3178 de
563 3130 629 3191 ling.
650 3131 711 3178 Lat.
732 3131 783 3179 VII
797 3130 830 3179 36
847 3147 872 3194 p.
884 3128 933 3179 32¹3
947 3131 1007 3193 Sp:
1028 3129 1177 3193 ‘Antiquos
1189 3135 1286 3191 poetes
1305 3132 1385 3175 uates

242 3198 422 3263 appellabant
441 3214 457 3247 a
475 3198 600 3246 uersibus
619 3197 742 3259 uieudis,
761 3204 791 3245 ut
810 3198 842 3246 de
861 3199 997 3261 poematis
1016 3212 1076 3245 eum
1090 3197 1209 3245 scribam
1222 3191 1385 3243 ostendam)

242 3268 353 3316 Scrqus
372 3267 440 3315 hen.
461 3266 502 3314 III
521 3264 583 3312 Its:
609 3266 703 3313 ‘uates
722 3280 739 3312 a
757 3265 786 3313 ui
803 3266 903 3314 mentis
927 3264 1083 3328 appellatos
1101 3265 1189 3312 Varro
1207 3268 1304 3312 urretor
1323 3258 1385 3311 est.’

326 3332 368 3386 3*
386 3333 534 3383 Diomedes
548 3332 616 3379 artis
648 3346 742 3379 ramm.
762 3331 809 3380 lib.
824 3332 866 3380 III
884 3349 909 3396 p.
930 3333 995 3391 482,
1017 3331 1157 3393 14-492,
1174 3331 1213 3380 14.
1227 3331 1304 3379 ΑΒΜ
1323 3334 1386 3377 sunt

241 3403 352 3452 codices
377 3400 518 3449 DiomedIs
542 3414 557 3445 s
582 3348 673 3446 acilio
697 3398 801 3447 conlati
825 3400 1047 3461 (szl‘oristnus
1066 3398 1147 3461 7494,
1173 3398 1385 3447 le‘arisinus

241 3469 321 3533 7493,
341 3466 615 3525 Mzhlonacensisl‚
636 3465 869 3515 ahm=codicum
889 3468 964 3515 ΑΒΜ
978 3483 1074 3516 manus
1092 3468 1245 3527 secundae,
1266 3464 1385 3520 §zedi-

241 3539 331 3589 tiones
350 3535 535 3599 interpolatae
554 3548 571 3580 a
585 3531 676 3581 licilio
690 3533 842 3583 adhibitae.
869 3540 991 3584 ceterum
1005 3542 1033 3584 ct
1046 3536 1169 3584 ordinem
1187 3533 1384 3600 Suetonianum

241 3605 323 3671 plane
343 3604 456 3654 invertit
474 3600 623 3649 Diomedes
641 3606 671 3649 et
689 3601 871 3666 disputationi
886 3603 945 3651 cius
964 3600 1185 3652 sus'immiseuit.
1201 3602 1300 3666 quade
1314 3600 1384 3649 rein

241 3672 459 3735 eraestionibus
477 3668 625 3732 disputavi.

311 3741 401 3804 II—p.
414 3738 439 3801 5,
455 3735 487 3784 12
498 3735 579 3787 Plato
590 3735 623 3785 de
634 3752 662 3786 re
676 3737 788 3802 publiea
798 3739 840 3788 ΙΙΙ
852 3737 902 3788 394
919 3740 940 3787 B
951 3740 985 3788 O:
998 3731 1167 3803 Ὁρθότατα,
1182 3731 1266 3802 ἔφην,
1278 3726 1384 3785 dusta-

328 3893 438 3970 lprimi
452 3896 504 3951 Gu.
521 3897 536 3948 1
555 3886 568 3972 ΙΙ
589 3900 688 3951 ‘Issos
703 3897 809 3949 seclusi
828 3887 841 3972 Η
862 3892 1012 3951 modicum
1037 3893 1149 3951 cultum
1172 3895 1225 3950 Gu.
1244 3888 1385 3947 Icultum

239 3977 390 4037 modicum
405 3982 486 4051 vulpe
508 3971 522 4059 ΙΙ
542 3988 559 4039 3
577 3976 752 4035 commentis
766 3980 820 4035 Gn.
838 3983 855 4043 2
876 3972 889 4058 ΙΙ
911 3979 1045 4057 utrisque
1061 3982 1113 4035 Gu.
1133 3985 1159 4045 1,
1178 3978 1252 4034 ted.
1264 3978 1361 4047 princ.
1377 3968 1386 4051 ll

239 4074 257 4125 4
275 4084 294 4121 a
312 4062 459 4138 religione
475 4065 527 4121 Gu.
555 4070 569 4120 1
589 4057 603 4143 ll
626 4062 813 4138 relegioueru
827 4063 940 4120 Monac.
961 4069 1040 4121 6250
1055 4058 1067 4142 ll
1084 4081 1203 4119 suorum
1219 4062 1326 4115 seclusi
1338 4053 1382 4135 ΗῚ

1334 4154 1345 4177 ,.

239 4197 346 4257 laudes
362 4219 464 4258 eorum
481 4204 533 4258 Gu.
555 4206 569 4257 1
586 4192 599 4281 ΙΙ
614 4197 740 4259 uerbum
754 4201 868 4261 Monac.
896 4193 910 4279 ll
934 4196 1100 4255 illustribus
1119 4200 1171 4255 Gu.
1196 4202 1213 4252 2
1234 4190 1246 4275 ll
1267 4203 1384 4271 epotos

239 4285 354 4341 Monac.
371 4287 472 4361 poesis
489 4290 630 4344 Areoulus
646 4282 659 4367 Η
674 4294 818 4343 uocatum
835 4287 888 4343 Ga.
910 4289 925 4339 1
950 4277 955 4361 i
971 4291 1004 4343 lb
1019 4282 1152 4338 factores
1168 4282 1285 4336 Reburri
1303 4282 1382 4335 selec·

238 4373 293 4426 due
308 4372 474 4429 I'osoubouo
490 4382 575 4428 osu:
592 4372 712 4431 fictores
729 4373 860 4427 Isidorus
876 4367 916 4443 (t)
932 4364 936 4448 1
965 4377 991 4427 Il
1009 4367 1173 4423 Poematus
1189 4366 1241 4420 AB
1255 4365 1380 4423 I'oema·

237 4464 301 4513 tum
317 4458 352 4513 M
