3218 5000
136 1215 235 1289 143*

243 388 304 451 222
744 405 876 471 enarra

242 572 315 615 mae
335 550 525 632 eandorem,
554 550 641 638 qupd
663 550 821 615 eiusmodi
844 551 887 616 sit
911 561 948 616 ut
973 573 1051 637 prae
1072 552 1189 615 ceteris
1208 550 1316 616 lucere
1334 553 1381 616 ui·

244 651 369 717 deatur.
414 651 493 716 haec
517 653 625 717 oriens
647 653 805 717 mundum
826 653 941 717 ardore
969 654 1069 719 nimio
1092 653 1210 718 caloris
1236 652 1383 718 incendit

243 762 276 818 et
296 764 389 819 aestu
413 775 471 819 suo
494 753 620 818 fructus
641 755 764 831 exurit,
789 754 953 820 interdum
981 765 1013 819 et
1035 755 1147 821 morbo
1176 753 1288 823 adficit
1314 777 1382 819 eor·-

242 878 323 942 pora
341 876 549 942 corrumpens
570 877 677 921 aerem
699 854 874 941 flagrantia
891 857 989 942 ignis.
1033 857 1075 921 ab
1098 857 1157 921 hac
1180 857 1265 920 enirn
1288 855 1383 920 stella

244 957 313 1022 dies
336 955 539 1022 caniculares
561 958 785 1039 nominantur,
809 959 961 1044 quoniam
985 958 1018 1023 hi
1039 959 1113 1046 plus
1127 958 1268 1043 flagrant
1289 958 1403 1023 ardo-a

241 1058 334 1125 ribus
354 1060 569 1146 quamtotius
591 1060 726 1125 aestatis
748 1068 887 1146 tempus.

328 1245 505 1294 Tonrunvs
540 1250 583 1294 ex
618 1228 748 1315 fragore
776 1228 910 1293 nubium
937 1239 1145 1315 generantur.
1199 1231 1233 1293 in
1261 1251 1382 1293 morem

245 1329 449 1395 exilientium
471 1330 510 1394 de
533 1329 670 1395 stabulis
694 1329 926 1417 quadrigarum
951 1354 1050 1396 sonus
1078 1331 1218 1417 fragoris
1242 1333 1312 1395 eius
1339 1330 1382 1394 ad

242 1454 337 1497 aurea
361 1443 490 1496 nostras
512 1434 678 1496 emittitur.

242 1606 330 1671 origg.
349 1606 392 1655 111
411 1604 456 1667 70,
478 1605 554 1670 ldsq.
574 1622 600 1671 p.
620 1605 666 1654 77:
692 1605 793 1656 ‘Sirius
811 1606 893 1656 atella
912 1611 954 1656 eat
973 1607 1001 1655 in
1020 1606 1109 1655 medio
1127 1611 1223 1656 centro
1242 1605 1326 1667 caeli,
1347 1603 1382 1653 ad

242 1689 323 1739 quam
342 1689 402 1723 cnm
420 1673 460 1725 sol
485 1674 648 1735 accesserit,
673 1673 829 1739 duplicatur
853 1675 929 1725 calor
947 1675 1034 1740 ipsius
1052 1681 1081 1725 et
1098 1674 1230 1739 languore
1250 1673 1380 1723 afficiun-

241 1748 285 1792 tur
314 1757 429 1806 corpora
457 1742 585 1792 humana.
627 1741 727 1791 Sirium
752 1748 842 1792 autem
866 1742 976 1793 stellam
999 1748 1128 1792 uocatam
1148 1747 1249 1807 putant
1271 1747 1383 1806 propter

241 1810 368 1859 flammae
392 1810 548 1860 eandorem.
594 1810 690 1859 Latini
715 1815 806 1860 autem
830 1810 905 1860 illam
929 1810 1089 1860 Caniculam
1113 1816 1228 1871 uocant,
1258 1809 1329 1859 unde
1354 1813 1382 1858 et

241 1878 302 1929 dios
320 1877 496 1929 caniculares
515 1879 657 1941 dicuntur,
681 1880 746 1943 qnia
765 1879 883 1943 quandiu
906 1879 947 1927 sol
965 1879 995 1927 in
1013 1879 1074 1943 ipsa
1093 1884 1146 1939 est,
1170 1878 1306 1944 pestifera
1330 1881 1381 1939 est,

241 1946 289 1996 sed
307 1963 357 2012 pro
375 1946 511 2011 qualitate
530 1945 718 1996 adiacentium
737 1953 926 1997 commutatur.
958 1961 1021 1996 narn
1041 1951 1088 1997 aut
1110 1947 1230 1995 uincitur
1247 1950 1293 1994 ant
1311 1960 1380 1993 mor-

240 2014 317 2064 bosis
334 2014 421 2063 utitur
438 2015 553 2064 uiribus.
577 2014 642 2063 hiae
663 2020 704 2064 est
723 2014 867 2079 quodcum
893 2020 968 2064 certo
993 2022 1113 2080 ternpore
1127 2015 1225 2075 oritur,
1238 2028 1292 2063 non
1310 2027 1380 2063 aem·

240 2098 290 2148 par
307 2087 350 2131 est
367 2081 469 2131 noxia)
500 2084 535 2132 cf.
555 2083 675 2133 Isidorus
694 2083 780 2148 origg.
801 2082 907 2145 11170,
928 2082 967 2132 II.
987 2083 1108 2132 Isidorus
1125 2081 1142 2131 l.
1163 2100 1186 2131 c.
1209 2079 1299 2145 liisq.:
1319 2080 1379 2129 ‘Co-

240 2156 327 2201 metes
346 2149 429 2200 stella
448 2156 490 2201 eat
508 2150 598 2213 dicta,
619 2166 651 2201 co
671 2151 741 2216 quod
760 2166 852 2200 comas
872 2150 981 2200 luminis
1000 2168 1033 2200 ex
1052 2166 1081 2201 se
1100 2149 1207 2200 fundat.
1244 2148 1315 2213 qnod
1333 2164 1381 2214 ge·

240 2234 291 2269 nris
314 2217 413 2270 sideris
435 2219 543 2284 quando
567 2220 728 2285 apparuerit
751 2225 798 2268 aut
824 2218 1013 2284 pestilentiam
1042 2225 1089 2267 arat
1112 2219 1211 2267 famem
1235 2221 1283 2266 arrt
1306 2215 1381 2265 bella

240 2286 388 2354 signifieat.
427 2293 551 2338 cometae
571 2296 662 2337 autern
681 2288 781 2336 Latine
801 2288 921 2336 crinitae
941 2285 1129 2352 appellantur,
1149 2287 1214 2350 qnia
1232 2285 1260 2334 in
1273 2283 1380 2333 modum

218 2356 357 2405 ·erinium
376 2356 499 2405 flammas
518 2361 666 2436 spargunt,
687 2371 754 2419 quas
772 2355 853 2404 stoici
872 2355 968 2404 ‹lierrnt
986 2370 1047 2403 essa
1066 2355 1139 2404 ultra
1157 2354 1246 2415 XXX,
1267 2367 1380 2417 quarrun

240 2425 351 2475 nomina
369 2428 398 2473 et
417 2422 532 2473 effectus
550 2424 659 2488 quidam
680 2423 811 2488 astrologi
831 2420 1018 2486 seripserunt*
1038 2449 1070 2457 -
1087 2421 1229 2487 Ampelius
1249 2422 1290 2469 III
1297 2438 1303 2468 z
1329 2419 1380 2468 ‘De

240 2492 385 2542 sideribus.
409 2494 525 2541 Praeter
542 2492 686 2543 duodecim
703 2492 784 2555 sigua
796 2492 989 2556 potentissima
1005 2490 1097 2539 sidera
1111 2491 1139 2538 in
1158 2489 1249 2538 caelo:
1269 2492 1379 2553 septen·

240 2561 344 2610 triones
362 2559 427 2621 duo,
452 2560 539 2609 maior
558 2567 586 2609 et
604 2561 704 2622 minor,
733 2561 778 2623 qui
797 2575 941 2624 numquam
961 2565 1118 2621 merguntur
1136 2558 1251 2621 ideoque
1269 2557 1381 2606 nauium

241 2643 336 2677 cursus
354 2632 466 2693 regunt,
491 2643 604 2693 quonun
623 2628 694 2677 alter
712 2628 854 2691 Cynosura
871 2626 972 2676 dicitur
989 2648 1002 2674 s
1022 2645 1038 2674 a
1072 2626 1198 2688 (tacianum
1222 2642 1267 2689 epo
1290 2626 1381 2689 statui)

239 2697 356 2758 Bootes,
380 2696 452 2745 idern
469 2695 609 2746 Arcturus.
646 2695 732 2745 Orion
750 2696 796 2758 qui
809 2696 998 2759 magnitudine
1011 2709 1062 2744 sua
1074 2694 1213 2742 dimidiam
1227 2692 1300 2742 caeli
1312 2692 1381 2741 obti-

240 2769 289 2815 net
301 2769 415 2829 partem.
442 2764 553 2814 Pliades
567 2780 636 2829 qnae
655 2764 755 2813 Latine
770 2763 904 2827 uergiliae
918 2763 1052 2813 dicuntur.
1077 2761 1190 2825 Hyades
1203 2776 1272 2825 quae
1286 2761 1321 2809 ab
1334 2776 1381 2809 no-

241 2832 283 2881 bia
297 2831 415 2881 buculae
429 2832 569 2893 dicuntur,
583 2847 694 2896 quorum
708 2836 782 2880 ortus
795 2838 823 2879 et
836 2847 952 2881 occasus
966 2848 982 2880 a
995 2830 1087 2880 nautis
1101 2838 1128 2879 et
1142 2829 1176 2878 ab
1191 2828 1321 2893 agricolis
1334 2828 1380 2877 ob-

241 2904 395 2950 seruantur.
425 2898 574 2960 Canicula,
595 2901 672 2949 cuius
689 2900 732 2948 uis
746 2899 895 2963 praecipue
914 2899 1034 2948 solstitio
1048 2895 1107 2947 est'
1121 2923 1153 2932 -
1176 2897 1283 2947 Plinius
1301 2897 1333 2945 N.
1346 2896 1380 2944 H.

240 2969 268 3018 II
280 2966 327 3018 ut:
351 2966 531 3033 ‘sparguntur
549 2966 697 3032 aliquando
710 2972 738 3017 ct
751 2968 905 3017 errantibus
918 2966 1006 3016 stellis
1019 2966 1174 3030 ceterisque
1188 2963 1297 3014 crinea)

328 3032 400 3089 lid*
412 3037 532 3085 isidorus
551 3035 584 3084 de
602 3040 701 3085 natura
720 3051 808 3084 rerurn
827 3036 969 3085 XXVIIII:
991 3035 1041 3083 ‘lle
1055 3035 1184 3083 tonitruo.
1215 3032 1382 3082 'I‘onitrua

242 3109 334 3155 autern
347 3122 386 3155 cx
449 3110 669 3169 generantur.
695 3104 824 3169 concepti
837 3105 910 3153 eninr
923 3104 995 3152 intra
1008 3103 1096 3152 sinum
1109 3101 1220 3151 nubium
1238 3105 1381 3150 uentorum

240 3175 352 3238 spiritus
364 3178 509 3223 uersentur
520 3171 636 3234 ibidem,
655 3188 770 3237 cunique
788 3171 965 3221 uclrerncnter
977 3186 1038 3220 sese
1058 3176 1200 3235 erupturos
1212 3168 1337 3218 eliserint
1353 3172 1382 3215 et

241 3243 352 3292 uirtutis
365 3257 431 3291 suae
445 3239 600 3290 mobilitate
615 3241 642 3289 in
656 3239 808 3304 quamlibet
819 3245 925 3305 partem
935 3237 1087 3304 eruperint,
1101 3254 1200 3303 magno
1213 3240 1382 3302 concrepant

242 3325 376 3360 murmure
391 3317 417 3359 et
434 3310 468 3358 in
481 3325 652 3358 morem
667 3308 842 3358 emittitur
857 3307 953 3369 (adlatae
970 3308 1086 3357 uidentur
1099 3314 1194 3370 poetae
1212 3307 1310 3371 antiqua·
1326 3320 1380 3352 ease

242 3395 312 3444 quem
330 3378 464 3428 Suetonius
481 3393 550 3427 more
572 3394 617 3426 arro
641 3376 802 3440 aditiones-u).
833 3376 904 3424 aliae
918 3380 1007 3424 autem
1021 3375 1167 3423 tonitruum
1180 3374 1257 3423 uocis
1269 3373 1379 3422 diuinae

242 3462 360 3512 superna
379 3451 421 3495 est
438 3445 592 3510 increpatio
610 3444 668 3494 siue
688 3445 765 3494 clara
781 3443 956 3509 praedicatio
977 3447 1147 3504 sanctorum,
1171 3458 1240 3506 «puae
1260 3440 1379 3490 clamore

242 3514 307 3564 forti
325 3518 476 3580 portatum
495 3513 588 3562 orbern
606 3518 740 3562 terrarum
759 3513 787 3560 in
806 3511 917 3561 auribus
934 3511 1056 3561 fidelium
1068 3512 1231 3577 perstrepit,
1243 3524 1293 3575 per
1310 3507 1381 3573 quod

241 3585 330 3649 possit
349 3581 458 3647 culpam
476 3597 554 3633 suam
572 3580 726 3634 admonitus
744 3596 895 3645 agnoscere
914 3578 1047 3629 mundus.’
1072 3580 1193 3630 Isidorus
1211 3585 1298 3644 origg.
1312 3576 1380 3626 XIII

241 3650 292 3714 al.
303 3652 426 3701 Andiros.
441 3650 510 3700 H.H
521 3650 545 3711 4,
561 3648 604 3701 lss:
616 3650 701 3699 ‘Vnde
715 3654 743 3698 et
755 3648 788 3697 dc
802 3648 964 3710 tonitrubus,
978 3663 1047 3713 quae
1062 3651 1196 3712 concepto
1209 3647 1281 3696 intra
1293 3648 1380 3695 sinum

241 3721 353 3769 nutrium
372 3720 471 3785 spiritu
491 3736 550 3770 cunr
569 3734 599 3769 se
617 3719 797 3769 uehementer
809 3722 952 3782 erupturus
972 3717 1077 3766 eliserit
1094 3731 1193 3779 magno
1212 3717 1381 3779 concrepant

241 3789 346 3849 sonitu,
361 3790 401 3837 ait
418 3789 568 3852 scriptura:
596 3787 717 3836 ‘firmans
735 3783 875 3835 tonitrum!
911 3801 944 3835 ex
961 3784 1051 3835 Basili
1068 3784 1130 3833 hex.
1150 3800 1175 3848 p.
1194 3783 1227 3832 25
1244 3785 1270 3832 d.
1289 3810 1320 3819 -
1338 3782 1380 3830 De

241 3873 270 3905 ro
289 3857 325 3905 cf.
350 3856 451 3906 Ideleri
469 3855 647 3921 meteorolog.
666 3860 721 3905 vot.
742 3853 841 3905 Graec.
862 3858 890 3903 ct
907 3853 1021 3903 Roman.
1040 3869 1065 3917 p.
1088 3852 1135 3901 159
1152 3868 1211 3915 sqq.

327 4027 339 4076 I
354 4017 425 4096 quia
442 4018 469 4073 B
483 4008 497 4096 Η
511 4014 546 4072 fit
564 4008 603 4072 Βι
624 4007 638 4091 Η
659 4021 781 4091 praeter
799 4012 827 4069 Β
839 4009 938 4090 priter
954 4014 979 4066 A
994 4003 1006 4088 Η
1023 4017 1125 4067 cetera
1143 4002 1182 4065 B¹
1200 4016 1319 4069 ceteras
1342 4001 1380 4066 13²

242 4099 254 4183 Η
272 4102 367 4161 lucirc
383 4098 421 4159 B¹
438 4097 450 4179 Η
467 4109 483 4160 I
502 4098 646 4158 mundum
662 4101 684 4156 A
701 4119 778 4158 corr.
795 4103 859 4155 aad.
879 4116 916 4154 rn.
940 4096 953 4176 Η
973 4093 1111 4153 ardorem
1129 4092 1192 4151 ΑΒ1
1208 4092 1222 4174 Η
1237 4094 1380 4154 incendet

240 4193 268 4247 Β
282 4182 295 4270 Η
309 4194 327 4247 3
345 4186 529 4245 et-exurit
546 4205 599 4243 am.
619 4181 655 4242 A¹
672 4181 685 4265 Η
701 4182 823 4243 datestu
841 4178 877 4239 B¹
895 4192 995 4241 atestu
1012 4175 1052 4237 Bl
1068 4174 1081 4259 Η
1096 4180 1211 4240 fructos
1226 4177 1264 4239 Α2
1279 4175 1293 4263 Η
1308 4200 1379 4239 exu-

240 4282 287 4334 ret
300 4268 339 4330 Α2
352 4269 366 4354 Η
383 4270 470 4331 adii&
485 4273 510 4327 Α
525 4271 641 4331 adfecit
655 4267 694 4328 Βι
710 4269 812 4343 afficit
828 4266 867 4327 13²
883 4263 896 4348 Η
912 4266 1030 4347 corpori
1055 4262 1091 4325 13²
1112 4262 1125 4349 Η
1146 4277 1212 4327 eac
1229 4270 1254 4323 Α
1268 4261 1282 4348 Η
1297 4266 1381 4327 stilla

240 4355 278 4418 θ’
295 4379 348 4416 om.
368 4354 403 4414 Α1
422 4353 435 4435 Η
449 4368 465 4418 t
478 4355 556 4414 hiiA
571 4351 584 4438 Η
599 4366 616 4419 6
630 4357 722 4414 tutius
736 4357 761 4412 Β
775 4351 788 4433 Η
803 4353 934 4433 tempus]
951 4364 1069 4432 tempus
1086 4354 1148 4413 XV
1163 4352 1230 4412 dies
1252 4351 1291 4411 de
1306 4352 1379 4415 iulio

241 4454 271 4504 et
283 4445 346 4503 XX
359 4442 397 4501 de
409 4450 538 4518 augusto
549 4446 585 4500 al.
602 4435 615 4523 Η
629 4450 645 4505 7
661 4442 774 4517 flagore
790 4437 830 4497 B¹
846 4435 859 4520 Η
874 4440 905 4498 ni
921 4438 1002 4498 bium
1019 4433 1055 4496 Αι
1072 4434 1085 4522 Η
1101 4459 1184 4499 more
1200 4444 1224 4496 Α
