3220 5022
257 407 319 469 ³24
535 417 731 459 emmam
754 415 920 455 ιιιιιιοιιιιι
943 414 1119 462 amoma

257 556 474 652 κυβευτικήνΙ
491 555 631 627 παιδιάν
655 559 799 643 παράγει
830 557 1050 642 Σοφοκλέους
1075 553 1138 639 μὲν
1174 555 1211 621 ἐκ
1235 558 1401 640 Παλάμη-

258 668 356 747 δους,
379 656 564 748 ὁμωνύμου
586 662 632 751 τῷ
654 654 738 744 ἥρωι
760 659 944 743 δράματος,
968 654 1022 722 τά·
1064 657 1192 733 ἐκεῖνος
1215 656 1337 740 ἐφεῦρε

409 758 555 839 πεσσούς
577 758 705 845 κύβους
725 782 777 841 τε,
802 753 949 843 τερπνὸν
970 752 1089 842 άργίας
1110 752 1206 834 άκος·

257 862 312 933 καί
340 865 564 949 Εὐφορίωνος
593 858 648 928 τό·
693 855 801 926 πεσσδι
823 855 1060 926 Ναυπλιάδαο.
1101 857 1191 941 λέγει
1217 853 1253 923 δὲ
1280 854 1335 922 καί
1364 854 1402 920 ἐν

256 964 319 1053 μέν
341 961 423 1055 'nego
446 968 647 1030 δείκνυσθαι
669 965 771 1039 λίθον
791 954 846 1045 ἐφ’
871 946 913 1025 ού
938 959 1123 1025 ἐπέσσευον
1145 961 1180 1023 οί
1195 950 1337 1041 Ἀχαιοί,
1365 957 1425 1023 ε’νι

257 1066 294 1135 δέ
307 1063 421 1152 ’Ἀργει
444 1059 504 1131 τόν
527 1059 711 1148 λεγόμενον
731 1057 959 1146 Παλαμήδους
981 1056 1117 1125 πεσσόν.
1159 1058 1215 1125 καὶ
1235 1051 1287 1124 ὅτι
1307 1054 1404 1124 Πλά-

257 1194 326 1234 των
345 1163 407 1252 τήν
428 1169 496 1232 τῶν
518 1166 654 1231 πεσσῶν
676 1157 812 1246 εὕρεσιν
826 1165 1024 1245 Αἰγυπτίοις
1044 1155 1248 1245 ἀνατίθησιν
1263 1164 1301 1225 έν
1316 1163 1403 1223 Φαί-

258 1274 326 1358 δρῳ
363 1267 471 1352 λέγων
501 1260 626 1343 αύτούς
659 1267 794 1349 πρώτον
828 1257 978 1347 άριθμδν
1011 1260 1067 1328 καί
1100 1257 1262 1346 λογισμὸν
1291 1253 1403 1344 εύρεῑν

191 1406 194 1417 ι
258 1370 314 1436 καὶ
334 1372 540 1454 γεωμετρίαν
563 1366 618 1433 καὶ
634 1360 879 1450 ἀστρονομίαν,
902 1369 950 1430 ἔτι
973 1361 1009 1429 δὲ
1028 1368 1183 1429 πεττείαν
1206 1387 1241 1428 τε
1263 1360 1319 1427 καὶ
1339 1384 1403 1426 κυ-

258 1476 372 1557 βείαν,
394 1466 449 1535 καί
468 1466 509 1552 δή
531 1463 717 1553 γράμματα.
762 1463 818 1530 καί
840 1461 891 1529 ὅτι
914 1467 949 1530 οί
966 1465 1028 1530 τού
1041 1460 1227 1540 Πλάτωνος
1248 1456 1438 1548 ύπομνη-ιο

259 1569 413 1657 ματισταί
434 1563 476 1635 ού
492 1562 554 1652 τήν
573 1561 652 1649 παρ’
666 1561 805 1651 Ἕλλησι
823 1568 979 1631 πεττείαν
994 1565 1213 1650 σημανθῆναί
1231 1582 1316 1649 φασι
1336 1557 1408 1630 ύπδ.

260 1669 461 1753 Πλάτωνος,
484 1663 570 1734 άλλά
590 1663 652 1752 τήν
667 1669 730 1733 τού
750 1666 935 1753 λεγομένου
955 1670 1212 1751 πεττευτηρίου·
1236 1661 1404 1750 καταγρά-

259 1780 389 1858 φεσθαι
410 1767 474 1856 γάρ
498 1795 528 1834 τι
550 1774 713 1834 πλινθιόν
733 1761 844 1852 ω”σπερ
866 1768 903 1832 ἐν
924 1770 964 1857 τῇ
986 1767 1181 1854 πεττευτική
1201 1770 1332 1856 παιδιᾷ,
1357 1762 1403 1832 δι’

260 1861 303 1940 ού
332 1867 372 1939 τά
402 1867 568 1957 κινήματα
594 1871 657 1934 τοῦ
682 1862 782 1954 ήλίου
809 1867 865 1934 καί
888 1869 945 1953 τῆς
965 1868 1123 1954 σελήνης,
1154 1872 1202 1934 ἔτι
1224 1865 1261 1934 δὲ
1286 1866 1341 1935 καὶ
1364 1848 1404 1934 τά

259 1966 449 2040 ἐλλειπτικά
476 1966 770 2056 πραγματεύονται
798 1972 834 2035 οί
856 1969 1046 2054 Αἰγύπτιοι.
1102 1967 1157 2034 καί
1185 1964 1235 2035 ὅτι
1259 1970 1403 2055 ἐχρῶντο
1415 1997 1439 2036 ιε

260 2077 296 2141 οἰ
323 2072 459 2141 παλαιοὶ
483 2071 571 2157 τρισί
597 2071 717 2156 κύβοις
746 2068 802 2136 καί
825 2064 887 2153 ούχ
909 2064 1021 2155 ὥσπερ
1044 2071 1079 2136 οί
1095 2070 1162 2136 νύν
1184 2073 1279 2136 δυσί·
1320 2064 1405 2137 ὅθεν

260 2176 316 2242 καί
343 2178 504 2259 παροιμία
528 2171 582 2238 ἐπὶ
610 2175 677 2238 τῶν
702 2170 809 2257 μηδὲν
836 2166 891 2236 διά
917 2171 1024 2257 μέσου
1047 2169 1322 2238 κινδυνευόντων
1347 2169 1404 2239 τό·

258 2269 372 2362 ήτρίς
395 2270 428 2355 ἐξ
449 2267 470 2358 ή
494 2287 582 2358 τρεῖς
605 2270 747 2358 κύβους,
767 2266 844 2338 ’άπὸ
863 2273 926 2338 τού
955 2277 1116 2358 μεγίστου
1145 2272 1200 2339 καλ
1229 2274 1404 2358 ἐλαχίστου

259 2374 426 2462 άριθμού,
453 2363 493 2460 ής
518 2376 680 2460 μέμνηται
704 2369 852 2440 Πλάτων
880 2374 919 2440 ἐν
953 2372 1068 2459 νόμοις
1097 2371 1214 2440 εἰπιύν·
1263 2367 1285 2459 ή
1318 2386 1405 2461 τρεῖς

260 2478 388 2564 κύβους
408 2475 607 2562 βάλλοντες,
630 2474 782 2541 τουτέστι
799 2488 887 2559 τρεῖς
906 2473 1065 2560 μονάδας.
1104 2474 1213 2560 κύβον
1233 2474 1298 2560 γάρ
1321 2495 1405 2561 φασι
1414 2506 1441 2546 ιο

349 2684 361 2734 l
373 2700 431 2802 sqql.
443 2682 605 2733 Eustathius
618 2682 686 2731 11.11
695 2680 758 2730 ³08:
772 2673 969 2748 Παλαμήδους
982 2673 1211 2759 ἕπηνοησαμένου
1223 2680 1344 2750 κυβείαν
1356 2679 1405 2735 καί

300 2771 330 2802 ττ
347 2752 397 2802 ίαν

261 2769 327 2871 Zet*
333 2768 498 2882 ἐδείκνυτο,
515 2811 597 2868 καθά
611 2766 748 2882 Πολέήιων
760 2811 877 2880 ἱστορεῖ,
890 2809 927 2883 έφ
956 2833 990 2867 ου
1005 2810 1170 2869 έπεσσευον.
1190 2817 1241 2884 τῆς
1260 2812 1292 2869 δέ
1310 2835 1405 2870 τοιαυ-

260 2905 311 2953 της
330 2880 460 2944 ἐπινοίας
477 2883 530 2937 τοῦ
547 2878 743 2951 Παλαμήδους
760 2882 809 2935 καὶ
827 2885 877 2950 τῆς
896 2877 1031 2950 εὑρέσεως
1051 2879 1082 2935 δὲ
1098 2885 1150 2935 τοῦ
1166 2882 1279 2951 χρόνον,
1298 2874 1335 2949 ἣν
1355 2882 1405 2937 καλ

262 2949 354 3022 αύτήν
377 2946 486 3013 ἐκεῖνος
509 2945 673 3016 έσοφίσατο,
690 2946 821 3018 μάρτυρα
839 2946 1000 3018 παράγουσι
1018 2951 1165 3018 Σοφοκλῆ,
1182 2949 1214 3013 δς
1232 2946 1263 3004 ἐν
1282 2947 1406 3023 δράματι

263 3015 403 3090 δμωνύμω
426 3020 465 3086 τῷ
487 3013 589 3098 εύρετή
607 3014 772 3086 Παλαμήδη
797 3019 902 3099 φησίν·
929 3010 973 3071 Ού
996 3016 1079 3085 λιμὸν
1102 3009 1185 3080 οὖτος
1208 3012 1292 3072 τόνδ’
1309 3016 1405 3073 άποὶσε

264 3085 317 3141 σύν
336 3073 397 3156 θειβ
415 3085 518 3147 εἰπεῖν,
537 3102 641 3152 χρονου
659 3103 689 3138 τε
708 3086 858 3153 διατριβας
876 3080 1043 3152 σοφωτάτας
1061 3081 1166 3153 ἐφεῦρε
1174 3088 1319 3171 φλοίσβου
1334 3082 1405 3155 μετά

262 3151 356 3224 κοπήν
379 3158 442 3208 καθ
462 3155 547 3222 μένος
570 3149 691 3214 πεσσούς
713 3148 819 3217 κύβους
842 3171 872 3206 τε
895 3149 1017 3220 τερπνὸν
1040 3145 1144 3219 άργίας
1166 3173 1254 3220 ακος;
1283 3150 1337 3224 ἐμα
1357 3149 1406 3207 τύ·

263 3242 334 3291 ρουν
357 3218 389 3275 δέ
411 3174 461 3275 καί
482 3215 611 3288 Ἀργεῖοι,
635 3213 705 3288 παρ’
727 3219 772 3281 οἷς
795 3214 847 3290 ἦν,
871 3238 973 3287 φασιν.
1000 3214 1016 3273 ὁ
1038 3217 1188 3289 λεγόμενος
1211 3175 1391 3291 Παλαμήδοο

263 3285 374 3371 πεσσύη.
410 3282 452 3343 ὅτι
472 3286 504 3341 δὲ
522 3285 575 3368 τήν
593 3281 688 3341 αύτολν
706 3280 819 3355 εὕρεσιν
836 3285 1003 3356 Αἰγυπτίοις
1026 3280 1219 3343 α’νατιθέασιν
1242 3286 1333 3357 ἕτεροι
1356 3309 1394 3344 κα

265 3350 308 3412 ὅτι
327 3377 361 3411 ου
379 3353 515 3425 παικτική
533 3351 783 3436 αλλάφιλόσοφος
801 3351 819 3424 ή
838 3351 1016 3423 Αἰγυπτιακὴ
1031 3359 1150 3436 ,πεττεία
1168 3354 1288 3424 λέγεται,
1307 3353 1339 3411 έν
1356 3350 1404 3410 άλ-

265 3430 324 3487 λοις
343 3427 489 3493 δηλοῦται.
525 3424 575 3477 καὶ
593 3442 666 3476 ουτω
706 3420 737 3475 ὲν
750 3421 904 3491 εἰρημένον
917 3421 986 3477 ἐσται
1003 3441 1057 3475 ουκ
1069 3417 1239 3486 άλυσιτελάς
1250 3424 1300 3477 καλ
1312 3426 1405 3478 τούτο.

265 3496 484 3560 Etymologioum
508 3510 650 3559 magnum:
675 3443 791 3558 ίίεσσοί,
815 3487 898 3560 βόλια
915 3492 1063 3560 κνβιστύν.
1099 3488 1188 3546 πέσσα
1212 3483 1407 3561 δμωνύμωςῆ

265 3580 295 3614 τε
313 3555 429 3629 γραμμή
448 3556 498 3612 καλ
517 3554 532 3613 ὁ
550 3562 660 3627 ψῆφος.
697 3557 782 3612 πέντε
801 3555 833 3611 δέ
850 3549 925 3627 ήσαν
943 3556 988 3618 οἷς
1007 3554 1143 3627 ἐχρῶντο·
1163 3559 1213 3614 καί
1231 3557 1321 3615 πέσσα
1339 3578 1405 3613 πεν-

265 3624 428 3696 τάγραμμα·
446 3626 496 3680 καλ
514 3622 588 3694 τάχα
605 3622 623 3694 ή
643 3627 758 3679 πεττεία
771 3622 861 3679 οίονεὶ
879 3628 997 3679 πεντεία
1009 3646 1050 3687 τις
1063 3616 1144 3680 ούσα.
1180 3617 1246 3692 εύρε
1265 3624 1297 3681 δέ
1315 3621 1407 3696 αύτήν

266 3693 454 3764 Παλαμήδης·
472 3694 521 3747 καλ
534 3696 623 3761 δηλοῖ
635 3690 668 3747 τὸ
686 3688 852 3762 ἐπίγραμμα
869 3695 924 3747 τοῖν
942 3690 980 3758 λζ’
991 3692 1063 3761 πρὸς
1080 3691 1262 3757 τούςτόπους
1280 3685 1330 3755 οὓς
1349 3692 1407 3777 ἔχει

266 3759 298 3815 τὸ
316 3758 524 3830 Παλαμήδειον
541 3755 675 3843 α’βάκιον.
711 3759 769 3814 ἐστι
788 3759 871 3829 πέτω,
890 3756 907 3814 ὃ
923 3763 1057 3830 σημαίνει
1069 3759 1101 3815 τὸ
1113 3765 1290 3817 καταπίπτω·
1309 3757 1325 3815 δ
1342 3766 1404 3831 μελ·

266 3833 336 3895 λων,
359 3826 447 3883 πέσω·
473 3824 503 3894 ἐξ
527 3830 619 3883 αυτού
641 3824 733 3896 ὄνομα
757 3826 861 3890 πεσσὸς
883 3823 898 3882 ὁ
921 3831 1035 3883 πίπτων
1053 3823 1086 3883 ἐν
1102 3833 1142 3899 τῷ
1160 3828 1333 3899 βάλλεσθαι·
1356 3828 1407 3883 καλ

266 3898 359 3965 τροπῇ
376 3893 489 3958 πεττός’
514 3896 564 3950 καί
581 3891 730 3950 πεττεύειν
747 3892 779 3949 τὸ
796 3915 867 3980 μετα
894 3892 981 3964 έρειν’
1005 3891 1064 3950 α’πὸ
1081 3899 1264 3951 τωνπεττών
1281 3894 1407 3951 τουτέστι

266 3966 322 4016 τῶν
339 3959 443 4032 κύβων.
479 3960 627 4018 πεττεύειν
649 3961 682 4017 δέ
704 3964 754 4016 καλ
777 3983 809 4016 το
832 3916 989 4033 ταβλίζειν
1013 3966 1125 4031 γίνεται
1144 3962 1176 4018 δέ
1194 3958 1253 4018 άπδ
1272 3966 1325 4018 τού
1341 3982 1407 4017 πετ-

266 4027 314 4092 τός
332 4028 470 4085 πεττεύω·
496 4034 582 4100 δηλοῖ
601 4028 634 4085 δὲ
651 4028 683 4084 τδ
700 4030 889 4100 μετατιθέναι
907 4029 956 4085 καλ
974 4033 1096 4096 παίζειν.
1132 4027 1180 4085 έπλ
1199 4029 1231 4085 δέ
1249 4033 1305 4084 τιδν
1322 4028 1407 4084 πέντε

267 4100 405 4168 γραμμοῐν
422 4096 473 4160 τάς
490 4098 610 4168 ψήφους
629 4093 759 4153 ἐτίθουν·
779 4089 819 4152 (δν
842 4094 860 4168 ή
884 4096 954 4168 μέση
978 4096 1093 4169 γραμμή
1113 4095 1177 4167 ἷερά
1197 4095 1334 4153 ἐκαλεῖτο.
1407 4106 1412 4113 ’

355 4198 600 4318 ΙΠαλαμιήδους]
618 4246 678 4297 435
693 4240 806 4297 Nauck.
821 4233 836 4321 ss
849 4228 1078 4318 λὶλλφορίωνος]
1092 4242 1215 4298 Μσίιιιίι.
1231 4243 1310 4302 anal.
1322 4242 1406 4296 Αλεετ.

263 4343 298 4397 μ.
316 4318 429 4403 132117
447 4319 582 4402 Φαίδρῳ]
604 4328 687 4382 274ιί
700 4317 714 4406 ΙΙ
731 4334 764 4385 10
781 4320 812 4379 σί
827 4322 880 4381 τοῦ
902 4316 1062 4393 Πλάτωνος
1075 4315 1346 4400 ύπομνηματισταί]
1364 4324 1406 4397 cs.

267 4408 356 4465 schol.
375 4410 452 4466 Ρλιιλ.
468 4410 533 4481 λγε.
550 4412 568 4464 λ.
587 4425 614 4466 c.
631 4401 645 4488 ΙΙ
662 4416 694 4469 19
710 4399 825 4484 νόμοις]
845 4409 913 4466 XII
926 4413 1014 4466 968⁶

431 2768 447 2800 ν
459 2741 530 2816 Ἰλίῳ
547 2746 588 2808 εἰς
601 2766 679 2814 παρα
703 2742 791 2799 ύθιον
802 2749 885 2816 λιμοῦ
900 2764 1091 2829 κατάρχοντος
1102 2745 1155 2817 τήν
1168 2745 1304 2815 στρατιάν
1321 2751 1406 2827 λίθος
