3186 4996
689 435 731 476 DE
754 434 869 477 rosum

212 582 352 647 maxime
388 591 423 646 ut
453 583 603 646 Asinium
631 581 810 647 Pollionem
841 580 1025 668 Alphenum
1054 579 1176 647 Varum
1203 587 1237 642 ct
1267 578 1345 644 Cor·

212 683 331 748 nelium
366 683 498 748 Gallum
525 684 717 763 celebraret,
753 686 830 771 quia
862 686 896 747 in
925 683 1153 747 distributione
1184 701 1344 766 agrorum,

212 786 266 871 qui
284 794 358 871 post
372 785 613 871 Philippensem
630 784 797 850 uictoriam
814 786 975 849 ueteranis
996 784 1239 849 triumuirorum
1254 783 1344 844 iussu

211 894 300 949 trans
314 886 438 950 Padum
452 884 697 967 diuidebantur,
714 886 898 949 indemnem
913 908 948 949 se
958 874 1345 1000 praestitisseirtqdcinde

190 989 364 1073 sgeorgiea
378 990 411 1051 in
429 987 579 1052 honorem
598 980 795 1052 Maecenatis
815 986 963 1075 (edidit),
987 987 1043 1074 qui
1061 986 1125 1050 sibi
1142 984 1345 1050 mediocriter

132 1087 135 1095 ’
212 1087 317 1176 adbuc
346 1097 421 1154 noto
451 1112 542 1174 opem
571 1088 699 1153 tulisset
723 1088 884 1158 aduersus
910 1090 1057 1153 ueterani
1085 1085 1253 1152 cuiusdam
1277 1087 1356 1179 uio·x

138 1266 145 1282 ·
211 1187 360 1274 lentiam,
388 1211 408 1252 a
431 1212 495 1278 qua
515 1191 549 1254 in
572 1189 782 1254 altercatione
798 1189 864 1254 litis
886 1191 1017 1278 paulum
1039 1179 1146 1254 abfuit
1167 1188 1244 1276 quin
1263 1186 1344 1253 occi·

212 1288 353 1355 deretur.
371 1283 565 1383 {nouissime
586 1291 766 1361 Aeneidem
789 1291 955 1357 incbosuit
972 1299 1198 1377 argumentum
1219 1290 1346 1354 uarium

212 1399 245 1454 et
279 1390 450 1479 multiplex
479 1402 511 1457 et
540 1394 633 1479 quasi
664 1392 832 1457 amborum
858 1393 993 1459 Homeri
1027 1395 1205 1458 carminum
1234 1392 1345 1469 instar,

179 1502 380 1578 repraeterea
402 1493 585 1560 nominibus
608 1516 647 1558 ac
675 1494 772 1559 rebus
796 1494 932 1559 Graecis
959 1494 1151 1581 Latinisque
1178 1515 1346 1558 commune

212 1595 298 1658 etin
320 1616 401 1681 quo,
424 1595 510 1682 quod
531 1598 673 1659 maxime
696 1595 865 1679 studebat,
895 1597 1059 1660 Romanae
1083 1594 1179 1660 simul
1198 1594 1291 1681 prbis
1314 1602 1346 1658 et

211 1695 353 1780 Augusti
381 1698 473 1784 origo
496 1698 728 1771 contineretur.
756 1666 848 1797 lcum
871 1699 1025 1784 georgica
1047 1696 1220 1785 scriberet,
1247 1696 1345 1761 tradi·
1389 1784 1394 1797 Ι

211 1806 263 1860 tur
291 1797 410 1862 cotidie
438 1799 608 1862 meditatos
634 1820 727 1863 mane
753 1797 908 1886 plurimos
936 1821 1050 1863 uersus
1079 1799 1203 1864 dictare
1229 1797 1345 1864 solitus

211 1919 249 1960 ac
269 1920 325 1985 per
346 1908 448 1964 totum
468 1900 554 1964 diem
576 1900 782 1964 retractando
802 1901 844 1965 ad
866 1901 1080 1989 paucissimos
1099 1899 1259 1985 redigere,
1281 1921 1346 1964 nou

178 2018 202 2058 re
212 1999 352 2064 absurde
367 2014 495 2065 carmen
512 2024 546 2065 se
565 2001 730 2086 (informe)
752 2024 840 2068 more
854 2024 950 2066 ursae
966 2023 1079 2089 parere
1095 2001 1205 2066 dicens
1219 2008 1252 2064 et
1268 1999 1347 2063 lam·

211 2099 317 2165 bendo
343 2101 472 2167 demum
494 2103 659 2188 effingere.
695 2104 851 2173 ¹Aeneida
870 2124 968 2191 prosa
995 2103 1085 2190 prius
1110 2101 1256 2168 oratione
1283 2101 1346 2166 for·

211 2211 329 2265 metam
358 2203 581 2292 digestamque
613 2207 646 2269 in
674 2205 742 2269 XII
770 2205 870 2270 libros
902 2204 1119 2292 particulatim
1154 2225 1345 2290 componere

211 2358 312 2407 taedae
332 2358 460 2410 Caesaris
479 2360 668 2427 indulgentiae
686 2359 879 2426 repetentique
896 2362 956 2427 agri
975 2377 1053 2426 quem
1072 2361 1203 2410 amiserat
1222 2358 1255 2409 ob
1274 2359 1346 2408 hunc
1421 2406 1427 2415 ,

212 2438 332 2476 cansam.
369 2430 462 2478 occiso
486 2431 514 2478 in
537 2430 614 2479 curia
636 2430 681 2479 die
701 2427 761 2495 [Ill]
786 2430 878 2479 iduum
895 2429 1056 2479 Martiarum
1075 2428 1105 2478 C.
1131 2426 1171 2491 (G
1189 2427 1248 2490 Be)
1277 2428 1344 2476 Cae·

211 2510 285 2553 aare,
316 2510 376 2544 cum
399 2498 549 2561 Augustum
574 2499 721 2548 Caesarem
748 2513 837 2562 paene
860 2513 972 2562 puerum
995 2498 1049 2547 sibi
1071 2496 1198 2546 ueterani
1221 2510 1274 2544 non
1298 2494 1345 2544 ab·

211 2568 312 2612 nuente
331 2568 429 2613 senatu
447 2565 543 2614 ducem
555 2567 758 2627 constitissent,
778 2571 872 2615 exorto
885 2566 961 2617 ciuili
980 2565 1053 2614 bello
1070 2564 1267 2613 Cremonenses
1286 2577 1346 2612 cnm

213 2630 312 2679 ceteris
337 2631 457 2681 eiusdem
481 2633 564 2682 studii
588 2633 761 2683 aduersarios
783 2634 899 2697 Augusti
923 2634 1051 2683 Caesaris
1075 2632 1251 2691 adiuueruut3
1275 2630 1347 2680 unde

213 2698 388 2759 factumest,
413 2706 443 2748 ιιι
466 2716 526 2749 cnm
550 2701 640 2750 uictor
657 2703 796 2771 Augustus
819 2703 957 2750 incorum
980 2717 1061 2765 agros
1084 2708 1231 2750 ueteranos
1249 2699 1348 2748 deduci

212 2766 345 2827 lamisem,
365 2782 419 2833 nep
437 2768 592 2817 sufficiente
611 2784 677 2831 agro
696 2770 918 2819 Cremonensium
937 2768 1190 2831 (Chremonensium
1208 2768 1250 2830 lt),
1270 2768 1346 2816 Man-

212 2835 288 2882 tuani
308 2832 435 2897 (manturi
452 2838 485 2895 fil
510 2851 629 2901 quoque,
653 2837 797 2901 inquibus
817 2843 877 2886 erat
895 2838 979 2886 etiam
996 2845 1080 2903 poeta
1099 2835 1242 2900 Virgilius,
1262 2835 1347 2884 maxi-

212 2917 282 2950 mam
301 2908 407 2967 partem
425 2903 517 2952 finium
536 2920 644 2953 suorum
668 2905 852 2968 perdidissent
871 2922 912 2965 eo,
931 2905 1000 2970 quod
1020 2905 1105 2954 uicini
1118 2903 1347 2953 Cremonensibus

211 2969 331 3019 fuerant.
367 2970 415 3019 sed
434 2971 567 3036 Virgilius
585 2974 683 3021 merito
709 2975 858 3022 carminum
878 2974 963 3022 fretus
982 2979 1009 3022 et
1033 2973 1157 3022 amicitia
1181 2971 1347 3037 quorundam

212 3037 363 3100 potentium
387 3040 540 3088 eerrturioni
568 3040 648 3089 Arrio
667 3055 727 3089 curn
752 3040 886 3090 obsistere
911 3056 993 3090 ousiis
1017 3046 1102 3101 esset,
1131 3040 1178 3090 ills
1202 3041 1294 3089 statim
1318 3044 1348 3088 ut

210 3105 290 3153 miles
313 3104 348 3154 sd
371 3106 492 3169 gladium
516 3122 625 3156 murrum
649 3107 784 3169 admonit,
808 3124 923 3173 cumque
946 3123 974 3158 se
998 3109 1027 3157 in
1051 3108 1144 3169 fugam
1167 3107 1348 3173 proripuisset

212 3178 306 3236 poeta,
331 3189 385 3222 non
408 3176 482 3238 prius
507 3174 569 3223 finis
592 3176 775 3240 persequendi
799 3176 852 3224 fuit
875 3192 955 3240 quum
979 3192 1008 3225 se
1034 3176 1062 3224 in
1081 3176 1192 3224 fluuium
1215 3174 1347 3240 Virgilius

212 3241 379 3290 coniecisset
402 3250 484 3305 atquc
513 3242 613 3307 (atque
638 3245 678 3292 ita
701 3245 738 3305 Ii)
762 3245 791 3291 in
814 3244 931 3303 alterum
959 3245 1047 3309 ripam
1076 3245 1257 3293 enatauisset.
1298 3234 1350 3291 sed

211 3316 309 3373 postea
332 3324 380 3373 per
398 3311 590 3361 Ilaecenatom
609 3316 636 3359 et
654 3327 702 3376 per
720 3312 875 3360 triumuiros
901 3313 974 3377 agris
993 3311 1149 3361 diuidendis
1168 3312 1266 3360 Varum
1285 3310 1347 3360 Pol·
1395 3310 1399 3318 '

211 3374 312 3424 lienem
331 3381 359 3425 et
377 3377 532 3427 Cornelium
552 3378 660 3427 Gallum
684 3379 759 3427 fama
778 3380 928 3428 carminum
952 3380 1155 3428 commendatus
1174 3381 1295 3440 Augusto
1319 3384 1347 3427 et

211 3458 292 3505 agros
315 3445 422 3508 recepit
444 3451 472 3494 et
494 3445 626 3510 deinceps
649 3446 822 3510 imperatoris
846 3446 978 3496 familiari
1003 3463 1094 3497 amore
1112 3448 1261 3510 perfruitus
1285 3444 1346 3495 est)
1425 3500 1427 3504 ³

211 3511 247 3559 cf.
267 3511 372 3561 Probus
391 3513 432 3561 ed.
452 3513 515 3562 Keil
535 3530 560 3578 p.
574 3512 590 3561 5
602 3530 642 3577 sq.
662 3515 707 3577 qui
726 3513 810 3562 multo
828 3515 943 3564 meliora
961 3515 1060 3571 tradit,
1079 3520 1224 3579 praeterea
1236 3515 1347 3563 Servius

212 3594 307 3694 pgmm.
328 3579 421 3695 chol.
435 3581 523 3646 princ.
543 3584 567 3642 §-
583 3580 622 3633 13.
637 3580 689 3631 ecl.
707 3582 721 3630 1
742 3581 763 3643 i,
777 3582 810 3630 48
822 3582 848 3631 11
865 3581 877 3630 l
897 3583 939 3631 ΙΙΙ
950 3581 983 3631 bt
996 3582 1035 3645 VI
1046 3582 1062 3630 e
1075 3582 1154 3630 VIIII
1175 3580 1197 3643 l,
1216 3581 1241 3642 7,
1263 3580 1293 3629 ill
1305 3597 1345 3649 sq.

260 3662 293 3711 sq
313 3684 319 3695 .
338 3648 353 3695 ‘2
373 3684 379 3696 .
1216 3666 1218 3669 ·

294 3662 351 3763 les
373 3732 397 3780 q.
424 3715 528 3766 Gellius
545 3717 625 3765 XVII
643 3714 687 3777 10,
706 3717 782 3779 2eq.:
809 3717 906 3766 ‘Amici
926 3717 1131 3782 familiaresque
1145 3718 1174 3766 P.
1189 3716 1305 3779 Vergilii
1320 3718 1346 3766 in

210 3781 244 3829 iis
267 3797 337 3846 quae
355 3732 391 3832 ds
413 3784 526 3848 ingenio
542 3785 715 3848 moribusque
734 3786 793 3834 eius
809 3786 956 3834 memoriae
973 3785 1153 3846 tradiderunt,
1178 3785 1267 3834 dicere
1286 3801 1347 3835 enm

216 3884 417 3893 --..-.

297 3964 305 4016 1
322 3953 447 4013 Varium
465 3949 509 4036 gli
524 3966 541 4018 3
554 3954 774 4032 I'lriilipensem
789 3957 816 4013 B
831 3956 1031 4035 philipensem
1049 3959 1075 4015 R
1098 3951 1104 4038 l
1119 3968 1134 4018 5
1149 3955 1293 4034 georgica
1316 3980 1347 4027 ς.·

210 4040 382 4115 georgicam
405 4043 432 4097 B
450 4041 614 4117 georgica*
633 4043 659 4097 R
674 4034 687 4121 ll
705 4040 800 4099 edidit
816 4061 868 4099 om.
892 4044 946 4099 BR
968 4046 1033 4100 odd.
1052 4063 1069 4111 ς
1086 4039 1091 4120 l
1121 4062 1187 4100 cum
1204 4042 1260 4100 sibi
1281 4044 1347 4100 uix-

211 4121 279 4179 dum
297 4136 367 4180 nnto
386 4125 532 4183 aduersus
551 4122 673 4185 Claudii
688 4127 825 4183 ueterani
840 4125 942 4185 militis
956 4126 1005 4185 uel
1023 4136 1057 4185 ιιι
1075 4126 1127 4185 alii
1142 4135 1247 4205 putant
1267 4127 1348 4184 Arrii

211 4209 394 4266 centurionis
419 4210 592 4268 uiolentiam
614 4205 658 4290 §ll
677 4218 693 4271 7
718 4209 779 4268 litis
798 4213 936 4288 agrariae
958 4232 1061 4288 parum
1080 4235 1097 4281 ς
1115 4208 1119 4283 l
1148 4222 1166 4273 8
1183 4212 1347 4268 nouissime

211 4300 310 4351 autem
333 4318 349 4362 ς
368 4288 382 4373 ll
404 4294 572 4353 Aeneidem
592 4314 756 4371 aggressus
780 4304 827 4353 est
850 4317 868 4365 ς
887 4293 899 4376 Η
920 4297 1036 4354 rmrium
1059 4306 1088 4354 et
1114 4296 1291 4365 lignarium
1311 4312 1348 4351 ac

211 4379 237 4433 B
251 4371 264 4457 11
279 4389 296 4442 9
311 4379 475 4437 eanuinum
494 4400 524 4448 ς,·
540 4381 680 4438 carminis
696 4381 723 4437 R
741 4381 865 4439 carmini
881 4384 908 4438 B
920 4377 934 4463 Η
953 4391 985 4443 13
999 4378 1135 4459 quotidie
1148 4401 1165 4448 ς
1179 4374 1192 4459 ΙΙ
1208 4377 1347 4438 dictitare

212 4460 254 4543 §ll
271 4475 302 4527 15
318 4464 446 4522 informe
461 4468 560 4521 addidi
572 4459 585 4545 ll
601 4484 688 4523 ursae
703 4484 785 4523 more
806 4486 823 4536 ς
1025 4478 1032 4511 ι
