3186 4996
694 461 735 501 DF}
758 461 873 503 Pon‘rts

295 603 368 686 quis
390 611 516 668 tanturn
538 606 659 694 eloquii
681 607 842 694 potuisset
865 609 951 675 ferre
974 619 1148 697 tumorem,

232 724 240 735 ·
271 704 424 787 *aemula
448 704 629 789 Vergilium
653 707 751 772 tellus
774 711 837 772 nisi
860 717 970 776 Tusca
993 712 1147 779 dedisset.

295 802 369 867 huic
391 808 522 890 genitor
540 806 676 893 figulus,
696 809 789 873 Mero
810 815 955 895 nomine,
980 815 1085 879 cultor
1106 816 1205 902 agelli

274 913 330 973 lut
351 906 499 971 referunt
520 907 577 971 alii
597 911 688 973 tenui
711 913 859 978 mercede
882 914 1025 997 locatus,

294 1006 351 1069 sod
374 1007 483 1093 plures
505 1008 652 1094 figulum.
696 1014 769 1099 quis
790 1036 856 1078 non
879 1017 1036 1081 miracula
1052 1040 1160 1082 rerum

293 1107 374 1172 haec
396 1109 549 1197 stupeat?
594 1111 687 1176 diues
709 1123 822 1201 pertus
846 1116 886 1180 de
908 1118 1051 1206 paupere
1071 1142 1156 1183 uena

281 1208 440 1273 emicuit:
478 1210 571 1297 figuli
594 1213 723 1279 soboles
746 1239 832 1281 noua
854 1220 999 1283 carmina
1020 1220 1124 1285 linxit.

267 1301 395 1375 ‘nister
417 1312 510 1375 Polla
532 1313 593 1376 fuit
614 1315 717 1400 alogii
740 1340 805 1382 non
826 1318 938 1382 infime
960 1320 1082 1408 proles,

292 1434 387 1498 quem
409 1434 556 1478 socerum
577 1416 723 1502 probitas
746 1418 824 1483 fecit
845 1421 909 1484 iam
932 1420 1021 1485 clara
1043 1422 1181 1489 Maroni.

217 1574 222 1581 i
292 1514 371 1578 haec
391 1537 465 1579 cum
488 1526 615 1581 maturo
638 1530 840 1605 premeretur
861 1522 1007 1607 pondere
1030 1528 1172 1609 uentris,

290 1624 327 1679 ut
348 1616 432 1681 solet
455 1618 488 1680 in
511 1619 633 1682 somnis
656 1620 785 1685 animus
808 1634 947 1687 uentura
966 1626 1152 1710 repingere,

289 1718 407 1781 anxius
434 1728 465 1782 et
483 1719 596 1804 uigilis
618 1722 827 1807 praesumere
846 1724 967 1808 gaudia
987 1748 1080 1808 cura,

289 1817 443 1882 Phoebei
457 1821 598 1885 nemoris
619 1844 741 1887 ramum
764 1823 889 1888 fudisse
910 1828 1048 1913 putauit.

290 1944 308 1984 o
332 1942 429 2005 sopor
451 1922 607 1986 indicium
630 1925 716 1987 ueri!
759 1924 806 1988 nil
828 1929 950 1990 certius
968 1950 1119 2015 umquam

288 2044 408 2087 cornea
424 2031 519 2108 porta
538 2025 624 2088 tulit.
668 2026 756 2090 iacta
779 2036 829 2091 est
851 2028 1027 2115 interprete
1050 2030 1142 2093 lauro

288 2133 377 2187 certa
398 2146 516 2210 parens
540 2127 713 2213 onerisque
735 2129 787 2191 sui
808 2138 1005 2212 cognouerat
1027 2140 1140 2194 artem.

280 2226 421 2307 ‚consule
442 2225 599 2311 Pompeio
622 2228 778 2293 uitalibus
803 2230 910 2294 editus
933 2232 1021 2294 auris

289 2334 320 2390 ct
344 2326 464 2392 Crasso
487 2329 596 2413 tetigit
616 2338 737 2394 terram
760 2354 824 2416 quo
847 2341 992 2416 temporo
1015 2332 1135 2396 Chelas

288 2431 353 2494 iam
376 2433 463 2495 mitis
486 2431 634 2495 Phaeton
656 2441 730 2517 post
750 2431 898 2517 Virginis
920 2454 975 2497 ora
999 2436 1132 2520 recepit.

288 2533 445 2597 infantem
466 2534 597 2618 uagisse
619 2541 751 2615 negant.
792 2555 867 2596 nam
890 2532 997 2598 fronto
1021 2557 1136 2599 serena

287 2635 458 2719 conspexit
477 2634 647 2714 mundum,
670 2634 721 2697 cui
744 2635 913 2699 commoda
933 2644 1025 2699 tanta
1048 2635 1184 2702 ferebat.

286 2736 356 2822 ipse
374 2736 555 2821 puerperiis
580 2735 696 2799 adrisit
716 2733 832 2800 laetior
847 2737 955 2809 orbis:

286 2846 374 2899 terra
396 2838 593 2900 ministrauit
615 2834 712 2900 flores
735 2845 767 2900 et
787 2859 921 2901 munere
943 2854 1051 2903 uerno'

285 2936 424 3001 herbida
442 2939 612 3025 supposuit
631 2960 731 3024 puero
757 2937 915 3003 fulmenta
936 2940 1111 3004 uireseens.
1135 2958 1139 2965 ’

284 3050 468 3126 praetcrea,
492 3042 519 3103 si
544 3060 621 3103 uera
643 3039 741 3121 fides,
764 3040 823 3104 sed
843 3062 923 3104 uera
945 3041 1116 3126 probatur,

286 3142 351 3204 leta
373 3140 489 3205 cohors
511 3142 622 3227 apium
639 3141 750 3205 subito
772 3165 831 3229 per
852 3162 929 3205 rura
951 3143 1088 3206 iacentis

285 3241 377 3306 labra
396 3242 482 3306 fanis
504 3243 587 3305 texit
609 3240 722 3306 dulces
745 3241 860 3306 fusura
878 3241 1035 3329 loquelas.

213 3380 220 3395 ·
255 3320 344 3409 ‘hoe
364 3343 528 3430 quondam
548 3344 582 3406 in
602 3365 693 3408 sacro
714 3352 838 3407 tantum
861 3346 980 3408 mirata
1001 3344 1137 3410 Platone

227 3512 237 3523 ,
284 3445 447 3510 indicium
460 3443 592 3531 linguae
613 3452 769 3509 memorat
792 3445 918 3509 fumosa
938 3456 1097 3510 uetustas.

161 3561 189 3601 ³⁰
266 3547 343 3635 ¹sed
365 3546 489 3611 Natura
509 3569 628 3632 parens
650 3568 828 3633 properans
851 3546 1007 3611 extollere
1030 3548 1167 3612 Romam

284 3660 316 3714 ct
337 3648 433 3712 Latio
456 3647 546 3711 dedit
567 3646 644 3729 hoc,
667 3647 808 3734 nequid
830 3647 1024 3712 concederet
1046 3649 1113 3712 uui.

199 3824 394 3834 ..-—·——--

282 3938 431 4020 russea]
453 3943 492 4015 cf.
517 3943 634 4000 Seruius
655 3944 726 3998 Aen.
749 3944 781 3998 X
795 3947 851 3998 201
871 3948 976 4000 nostre
992 3946 1065 3999 coni.
1089 3943 1308 4016 Oudendorpius
1325 3937 1339 4023 ll

196 4027 328 4089 tlocati
351 4024 488 4084 Heinsius
507 4021 521 4107 ΙΙ
542 4034 559 4088 6
580 4026 629 4084 lric
653 4046 707 4101 mg.
732 4029 809 4084 Pitlr.
833 4036 859 4083 et
882 4028 957 4083 Scal.
975 4020 1017 4106 ΙΙῚ
1042 4026 1165 4085 emicuit
1186 4046 1239 4101 my.
1262 4029 1338 4084 Pas.

196 4121 224 4171 et
244 4114 335 4169 Scol:
357 4112 464 4169 enituit
478 4106 491 4192 Η
507 4122 523 4174 9
539 4106 624 4169 clara
641 4115 769 4185 Scaliger
789 4117 818 4167 ia
843 4118 916 4185 mgis
938 4119 999 4169 tarn
1021 4130 1093 4168 ears
1114 4114 1251 4168 Heinsius
1267 4110 1339 4169 adu-

196 4206 279 4255 meta
298 4198 453 4253 Basilius:
477 4196 550 4255 data
570 4191 583 4276 ll
610 4207 633 4257 ΙΙ
660 4197 820 4273 repingere
838 4197 1017 4252 Murrciccrus
1032 4198 1072 4254 ad
1086 4198 1217 4269 Fulpcnt
1242 4197 1337 4268 Virpii.

196 4284 355 4339 Continent.
371 4299 437 4355 paq.
452 4287 526 4338 154:
552 4282 715 4359 repingens
730 4275 744 4360 ll
762 4289 793 4340 12
809 4279 910 4357 uigilis
933 4283 1052 4351 scripsi:
1080 4278 1167 4356 uigili
1182 4272 1195 4357 ΙΙ
1212 4286 1245 4340 18
1259 4285 1339 4335 terre

196 4368 327 4439 Scaliger
348 4360 362 4445 ll
386 4374 417 4427 19
438 4366 554 4443 recepit
575 4369 693 4437 scripsi:
721 4373 862 4443 receptus
885 4357 898 4444 ll
919 4372 954 4423 ‘20
977 4362 1085 4421 fronde
1106 4366 1168 4421 cod.
1192 4362 1268 4419 Scol.
1288 4364 1340 4418 sed

195 4450 297 4509 fronte
318 4450 392 4508 Scai.
409 4455 437 4507 ia
452 4468 506 4524 rap.
