3194 5004
263 397 325 460 536
671 415 705 454 rr
720 413 822 454 mrau
840 411 993 453 renarra

261 571 394 651 pectere
408 562 639 645 constituerat,
661 558 837 647 auditoque
852 558 1042 644 naufragio,
1066 578 1162 644 aegre
1178 555 1289 621 serene
1305 557 1400 620 amie-

153 674 158 683 '
263 687 316 730 aas
335 663 480 747 fabulae,
504 663 719 751 Stymphalim
738 661 880 726 decessit
897 663 931 725 in
945 659 1104 743 Arcadia,
1129 663 1195 745 [ubi
1209 670 1239 723 et
1254 661 1399 744 mertum]

262 766 458 855 publiceque
481 766 626 852 sepultus
648 774 712 850 eet,
735 762 796 829 Cn.
814 762 988 829 Dolabella
1003 761 1121 827 Fuluio
1137 759 1306 826 Nobiliore
1326 782 1401 825 con-

211 882 245 934 20
263 868 397 934 nulibus.
444 865 577 933 fabulae
606 868 676 932 eius
705 874 819 932 extant
848 874 986 953 quatuor
1014 886 1057 929 ex
1088 863 1268 929 Menandro
1296 873 1400 928 trane·

263 972 363 1053 latae,
385 969 528 1053 Andria,
546 968 743 1054 Eunuchus,
763 968 934 1054 Adelphoe
950 976 982 1032 et
996 966 1399 1032 Heautontimorumenos:

217 1078 219 1083 ’
263 1073 346 1138 duae
364 1095 405 1136 ex
420 1069 620 1158 Apollodoro
638 1071 808 1158 Carystio,
824 1070 956 1158 Hecyra
973 1060 1183 1135 etPhcrmio.
1217 1067 1269 1131 hic
1290 1067 1400 1132 Eunu-

263 1173 358 1239 chum
374 1173 562 1238 uendidieee
582 1172 701 1238 dicitur
716 1182 789 1238 octo
805 1172 936 1237 milibus
951 1189 1120 1237 numerum
1129 1221 1138 1254 ,
1161 1170 1247 1259 quod
1262 1173 1401 1257 pretium
1477 1166 1481 1171 ⁵

263 1286 338 1340 ante
358 1298 431 1339 eum
450 1297 545 1340 nemo
567 1286 746 1362 acceperat.

263 1419 467 1436 ρ-ι--η

334 1532 364 1583 17
384 1536 511 1584 amiaieac
524 1534 580 1583 AB.
596 1535 756 1584 amireorum
769 1534 931 1584 scriniorum
944 1534 969 1583 P
1037 1532 1068 1583 18
1086 1532 1254 1599 etimphallm
1273 1535 1337 1596 AB,
1353 1536 1401 1585 Pe·

263 1626 361 1669 traren.
382 1619 538 1685 Stymphali
547 1621 609 1669 MP.
633 1621 686 1669 Aut
697 1619 833 1669 obuersata
842 1626 880 1669 ert
892 1620 968 1669 menti
978 1620 1114 1679 acripturla
1127 1618 1294 1684 Stymphalia
1306 1616 1402 1685 (palae)

260 1705 360 1768 ferma,
379 1710 423 1754 aut
440 1705 617 1773 corripendum
634 1703 823 1769 Stymphalum
891 1701 1019 1769 decessit]
1043 1721 1076 1754 ua
1098 1705 1237 1754 accessit?
1305 1705 1401 1757 archa·

263 1790 352 1852 diaA
423 1789 471 1839 uhi
490 1794 518 1839 et
535 1795 656 1839 mortuus
673 1792 713 1839 vel
729 1791 827 1856 aliquid
847 1791 926 1839 rimare
948 1790 1109 1840 intercidere
1131 1797 1194 1855 puto
1264 1787 1295 1840 19
1313 1789 1400 1855 publi·

266 1890 351 1939 ecque
370 1874 411 1923 ibi
429 1874 552 1938 sepultus
571 1874 627 1922 MP
694 1873 742 1923 Cn.
762 1874 971 1924 Dolabella...
988 1911 994 1923 .
1013 1873 1171 1925 consulibua
1188 1889 1235 1925 oni.
1253 1876 1279 1925 A
1350 1876 1400 1927 Gn.

151 2022 157 2036 ⁹
264 1959 404 2009 delebella
422 1960 455 2010 B.
470 1959 500 2008 C,
518 1957 667 2009 Dolabella
685 1958 741 2008 MP
808 1958 907 2009 Fuluio
924 1955 1077 2025 Nobiliore]
1098 1964 1126 2008 et
1143 1958 1230 2009 fuluio
1247 1958 1348 2009 honore
1368 1960 1400 2010 B.

263 2044 364 2093 Fuluio
381 2043 485 2093 Flacco
504 2043 543 2093 M.
565 2046 592 2092 et
610 2043 697 2093 fuluio
715 2044 739 2093 P
805 2042 839 2091 20
862 2049 977 2109 quatuor
1000 2060 1032 2093 ex
1054 2042 1098 2092 his
1122 2059 1174 2108 que
1197 2043 1271 2093 rome
1296 2060 1329 2093 ex
1346 2061 1401 2095 mc·

244 2120 375 2195 mandre,
387 2129 541 2178 translatae
559 2133 624 2177 aaut
641 2129 666 2177 P
732 2127 867 2178 translata
885 2129 909 2178 A
978 2128 1010 2177 21
1031 2129 1127 2178 andria
1146 2134 1174 2178 et
1191 2129 1215 2178 A
1285 2130 1403 2195 adelphe

265 2196 303 2263 ru.
324 2213 455 2279 adelphos
474 2214 498 2263 A
518 2211 543 2277 (e
561 2214 613 2263 ar
628 2214 691 2264 neec
707 2212 829 2287 meum)
899 2215 1184 2264 autentimommenon
1200 2215 1225 2264 A
1244 2213 1270 2277 (ι
1282 2215 1405 2266 areret

264 2298 387 2362 notatum)
457 2298 490 2347 22
508 2299 576 2349 duaa
594 2298 619 2348 A
688 2298 828 2363 pollodore
845 2300 870 2349 A
941 2297 1127 2361 caritioA(et
1140 2297 1200 2359 Pr).
1220 2300 1324 2361 canicie
1336 2300 1401 2350 BM.

266 2382 435 2432 Corinthium
449 2382 501 2447 (vel
518 2382 920 2447 Cerinthium)Pe1rarcudr'aeit
971 2382 1075 2433 ‘echira
1087 2382 1210 2448 (hecyra)
1224 2389 1251 2433 et
1268 2383 1401 2450 phormie’

265 2468 323 2517 BP.
337 2472 365 2516 ct
377 2468 477 2517 formes
491 2469 516 2518 A
580 2469 625 2518 hic
639 2468 778 2518 eunuchus
791 2469 815 2517 A
829 2468 930 2533 (BP?).
944 2467 1104 2518 Eunuchum
1118 2469 1151 2518 M
1209 2468 1242 2520 23
1261 2475 1323 2520 octo
1337 2470 1401 2520 AM.

265 2552 318 2602 XII
330 2552 364 2601 B.
383 2553 451 2603 XllI
463 2553 494 2602 P.
505 2552 613 2619 uiginti
625 2554 761 2603 Petmrca.
781 2554 810 2602 in
822 2556 884 2602 octo
897 2553 1050 2604 Poleatcnue
1100 2553 1209 2603 milibus
1221 2554 1258 2604 M.
1277 2555 1354 2603 milia
1367 2556 1400 2604 A.

266 2636 352 2687 ‘milia
364 2642 404 2688 vet
420 2637 539 2688 milibus’
559 2638 616 2688 BP.
636 2637 757 2688 millibus
775 2638 857 2701 Pela,
877 2639 932 2687 Pol.
952 2640 994 2704 qui
1011 2639 1086 2688 etiam
1105 2654 1240 2689 nummum
1309 2655 1402 2690 numo-

264 2738 323 2772 rum
341 2723 429 2788 pretio
448 2723 517 2787 quod
541 2724 658 2789 pretium
675 2724 700 2774 A
771 2739 831 2773 ame
855 2727 912 2773 tum
930 2723 954 2772 A
1024 2723 1057 2772 24
1081 2724 1239 2789 accipiebat
1261 2725 1286 2774 A
1357 2724 1402 2776 Se·

265 2792 374 2874 purcman
391 2809 416 2857 in
434 2809 459 2856 P
475 2807 598 2873 Reliquit
616 2812 644 2858 et
661 2808 822 2875 epitaphion
840 2824 916 2859 auum
934 2808 991 2859 tale
1008 2808 1097 2858 Natus
1115 2809 1144 2858 in
1163 2809 1280 2860 excelsis
1298 2816 1347 2860 cet.
1366 2807 1402 2873 (lt.

265 2909 287 2943 e.
307 2895 461 2959 epiprmuma
478 2893 647 2959 Antholepiae
663 2894 726 2943 illud
744 2894 786 2957 II,
805 2896 856 2943 220
874 2893 972 2954 Barna,
991 2895 1043 2945 845
1060 2893 1173 2959 Meyer.)

348 3117 420 3176 Non
437 3117 619 3176 norithone
638 3118 732 3176 vitam
754 3117 806 3196 qui
830 3115 869 3176 de
890 3117 1039 3176 Terentio
1061 3116 1148 3176 futile
1170 3121 1387 3178 commentario

266 3218 326 3277 lum
354 3218 593 3279 conscribillavit
621 3238 660 3278 ex
688 3217 905 3279 Oxonienei
931 3216 1036 3278 codiee
1067 3218 1104 3278 ab
1126 3218 1302 3279 Abrahame
1327 3219 1402 3281 Gro-

266 3321 359 3379 novio
382 3320 568 3400 publicatum
591 3320 675 3401 apud
697 3321 947 3382 Weeterhovium
967 3321 1066 3401 praef.
1089 3321 1161 3381 Ter.
1185 3342 1216 3401 p.
1237 3341 1325 3383 xxxn
1345 3342 1402 3401 sq,

267 3443 306 3481 ex
320 3423 451 3482 Halensi
467 3443 494 3482 a.
510 3432 574 3487 1811
592 3443 610 3482 a
625 3425 765 3484 Terentii
783 3422 847 3503 (vel
861 3425 962 3503 potius
979 3423 1162 3483 Terentiani
1179 3423 1293 3484 codicis
1308 3420 1402 3500 illius)

268 3524 387 3585 editore
402 3526 536 3585 Brunaio
552 3547 583 3606 p.
600 3537 616 3589 3
631 3547 699 3605 sqq.
731 3525 792 3603 Qui
815 3527 945 3604 scriptor
964 3537 1089 3604 praeter
1110 3527 1210 3606 ipsum
1225 3525 1405 3585 Terentium

268 3625 377 3687 Oroaic
398 3648 485 3702 usus,
502 3628 678 3701 Prisciano,
696 3627 824 3699 Rufino,
841 3627 987 3700 Horatio,
1010 3648 1073 3687 non
1084 3628 1230 3687 Donato:
1247 3647 1286 3687 ex
1301 3625 1405 3687 Oroeii

267 3730 349 3787 enim
374 3728 500 3803 lih.1V,
525 3738 557 3791 19
581 3728 694 3788 stolida
715 3728 854 3787 confusio
879 3728 934 3788 illa
954 3738 1065 3809 poetae
1086 3730 1226 3788 Terentii
1248 3728 1403 3809 atqueQ.

267 3831 407 3891 Terentii
430 3828 588 3907 Culleonis
614 3831 710 3890 fluxit.
753 3800 891 3912 VtrMpue
918 3833 983 3890 vita
1007 3832 1172 3890 Francisco
1193 3832 1404 3891 Petrarcac

266 3935 299 3993 in
320 3942 463 4013 promptu
483 3934 555 4008 fuit,
584 3931 779 3992 Oxonicnaes
805 3935 940 4014 ineptias
962 3934 1098 4011 graviter
1122 3934 1331 4013 impugnanti,
1359 3933 1405 3993 ni-

266 4038 358 4096 mium
375 4036 488 4095 confine
504 4035 682 4095 commentia
704 4034 932 4095 ambrosianis:
948 4037 1047 4114 ipsum
1062 4036 1219 4094 Donatum
1235 4033 1268 4113 (i.
1286 4054 1313 4094 e.
1330 4035 1406 4095 Sue-

267 4134 396 4214 tonium)
415 4158 455 4195 ne
466 4137 611 4196 Petrarca
627 4136 752 4217 quidem
767 4138 895 4216 legerat.
918 4138 947 4197 E
958 4138 1104 4196 Petrarca
1119 4146 1220 4197 autem
1234 4144 1315 4196 totus
1327 4155 1407 4216 pen·

268 4239 320 4299 det
340 4240 450 4299 Sicco
466 4239 724 4312 Polentonua,
742 4240 825 4300 cuius
844 4240 939 4298 vitam
955 4241 1083 4299 ineunte
1107 4239 1229 4298 saeculo
1245 4250 1293 4296 xv
1310 4239 1404 4317 scrip-

266 4351 328 4399 tam
351 4362 367 4400 e
388 4341 570 4400 Florentino
594 4341 700 4401 codice
728 4339 812 4400 edidi
834 4342 960 4421 Parerg.
982 4341 1082 4400 Plaut.
1107 4362 1137 4420 p.
1158 4350 1209 4403 635
1225 4361 1271 4420 sq.
1314 4338 1404 4400 Cete-

267 4463 331 4500 rum
352 4442 570 4500 Petrarcanam
592 4463 654 4502 non
676 4441 768 4501 habui
790 4443 850 4505 nisi
873 4464 911 4514 ex
926 4442 1134 4503 Westerhovii
1156 4442 1351 4523 praefatione
1371 4460 1404 4521 p.
