3218 5000
660 452 702 491 nn
723 451 862 493 narrare
886 452 994 493 naara
1336 438 1396 499 195

363 619 459 684 qnam
488 599 608 661 circum
630 608 795 663 extremae
818 598 935 664 dextra
959 602 1117 684 laeuaque
1133 598 1311 665 ¹trahuntur

363 698 514 763 caerulea
535 698 640 783 glacie
662 708 832 763 concretae

258 809 289 864 ct
310 800 478 864 Lucanus:

383 903 431 966 sic
452 901 563 966 nrundi
584 924 660 990 pars
683 904 749 966 ima
770 904 869 985 iacet,
899 924 995 990 quern
1019 924 1101 967 zone
1123 901 1242 969 niualis

186 1035 190 1043 ·
231 1021 243 1058 ⁵
383 1013 620 1090 perpetuaeque
644 1013 795 1091 premunt
816 1003 961 1086 hiemes]

341 1206 379 1270 In
408 1207 598 1272 definitione
620 1217 727 1272 autem
757 1207 868 1271 mundi
897 1222 1066 1270 clncvnos
1094 1208 1185 1271 aiunt
1210 1196 1509 1297 philosophiis*

257 1311 417 1394 quinque,
447 1328 528 1395 ques
551 1308 670 1374 Graeci
693 1311 713 1387 †
735 1302 971 1392 παραλλήλους
998 1309 1032 1373 id
1063 1319 1111 1372 est
1133 1324 1244 1372 zonas
1266 1318 1396 1392 uocant,

257 1497 351 1547 talium
365 1497 458 1546 orbern
476 1497 674 1563 appellantium
693 1498 740 1548 sed
753 1504 781 1547 et
799 1502 961 1562 argumenta
978 1512 1067 1546 rerum
1085 1496 1193 1548 doeent’
1208 1514 1232 1547 e.
1246 1514 1271 1563 q.
1285 1514 1306 1547 s.
1335 1497 1395 1548 tao:

258 1566 382 1614 ‘Mundus
395 1566 422 1613 in
436 1572 559 1615 centrum
571 1566 663 1629 uergit
676 1572 794 1616 aeterra
807 1567 863 1615 enit
876 1582 892 1615 a
906 1570 1000 1614 centro
1013 1566 1162 1616 inmensum
1175 1567 1233 1616 cirre
1245 1566 1354 1630 globum
1367 1568 1396 1616 in

241 1632 244 1645 '
257 1634 372 1683 seratam
384 1633 457 1683 orbis
471 1634 584 1684 adsidua
597 1635 674 1684 eirca
687 1651 747 1685 eam
760 1635 852 1684 mundi
864 1633 1038 1683 uolubilitnte
1052 1632 1188 1699 cogente)
1216 1635 1276 1683 tut:
1297 1636 1394 1700 ‘neque

257 1703 337 1763 cuim,
351 1704 381 1749 ut
394 1700 486 1751 dixere
501 1702 592 1767 aliqui,
606 1703 720 1752 mundns
732 1703 784 1752 hoc
797 1702 860 1768 pelo
873 1702 1094 1767 (septemtrionali)
1108 1702 1258 1753 excelsiore
1271 1717 1300 1752 se
1314 1702 1394 1753 attol-

257 1769 297 1831 lit,
311 1774 358 1818 ant
370 1769 488 1833 undique
500 1776 678 1819 cernerentur
686 1771 757 1821 haee
766 1772 859 1820 sidera
868 1772 1091 1834 (septemtriones).
1112 1778 1205 1821 aterum
1217 1772 1286 1820 haee
1299 1772 1394 1820 enatem

257 1837 407 1902 quibusque
420 1839 557 1902 proxumis
569 1839 728 1888 sublimiora
741 1839 901 1899 creduntur,
920 1838 1068 1902 cedensque
1086 1839 1212 1889 demersa
1229 1838 1394 1904 longinquis,

257 1910 339 1969 utque
352 1920 423 1954 nurse
436 1906 559 1955 sublimis
570 1906 599 1955 in
612 1907 721 1956 deiectu
734 1907 830 1972 positis
842 1907 950 1955 uidetur
962 1906 1007 1955 hie
1020 1912 1124 1968 uertex,
1143 1908 1184 1957 sic
1201 1908 1229 1956 in
1247 1906 1322 1957 illam
1340 1914 1394 1956 ter-

256 1989 304 2023 rac
318 1974 502 2023 deuexitatern
515 1976 695 2040 transgressis
708 1975 757 2024 illa
769 1991 801 2023 se
813 1973 943 2024 attollunt
952 1973 1133 2025 residentibus
1144 1991 1214 2040 quac
1227 1975 1272 2024 hie
1283 1975 1395 2024 excelsa

256 2041 375 2102 inerant,
389 2041 524 2105 quodnisi
537 2042 564 2091 in
577 2042 665 2107 figura
677 2043 751 2107 pilae
766 2042 893 2093 accidere
906 2057 959 2091 non
972 2040 1084 2106 posset.'
1109 2042 1273 2092 Plutarchus
1290 2043 1323 2091 de
1335 2044 1394 2107 pla·

256 2110 319 2159 citis
337 2109 433 2173 philos.
465 2109 538 2159 112:
562 2106 634 2173 Περὶ
653 2101 794 2177 σχήματος
810 2101 928 2184 κόσριου.
954 2101 993 2160 Oi
1030 2101 1061 2159 ὲκ
1079 2105 1200 2160 Στωικοὶ
1221 2108 1396 2176 σφαιροειδῆ

255 2170 307 2227 τόν
318 2168 434 2240 κόσμου,
447 2166 528 2227 ἄλλοι
542 2171 574 2227 δὲ
586 2177 743 2244 κωνοειδῆ,
763 2172 793 2227 οἱ
805 2170 837 2227 δὲ
851 2174 964 2241 οοειδή.
985 2125 1154 2239 'distressing
1172 2170 1205 2227 di
1223 2168 1394 2242 ἐκδέχεσθαι

256 2239 309 2310 μὲν
323 2238 398 2295 εἷναι
412 2242 608 2310 σφαιροειδεῖς
619 2238 686 2304 reric
697 2239 829 2311 κόσμους,
844 2230 1015 2310 {seipsum
1029 2239 1061 2294 di
1079 2242 1128 2295 καλ
1148 2235 1253 2309 ἑτέροις
1271 2237 1393 2311 σχήμασι

256 2311 424 2378 κεχρῆσθαι.
450 2314 609 2364 Marcianus
624 2314 741 2379 Capella
755 2315 818 2363 Vlll
831 2312 894 2361 814:
915 2312 1039 2362 utendus
1055 2348 1076 2361 ..
1090 2329 1123 2361 cx
1141 2320 1257 2377 quatuor
1275 2315 1393 2363 elemen-

256 2382 292 2431 tis
303 2380 453 2445 iisdemque
470 2383 536 2432 totis
554 2383 582 2430 in
599 2382 734 2446 sphaerae
753 2382 859 2430 medum
873 2381 1001 2443 globatae
1018 2386 1120 2429 terram
1133 2381 1161 2429 in
1180 2380 1269 2429 medio
1286 2381 1393 2445 imoque

257 2448 372 2499 deliram
391 2450 512 2499 aeternis
534 2450 606 2499 caeli
630 2450 752 2515 raptibus
771 2451 986 2498 circumcurrens
1006 2448 1135 2497 circulari
1152 2449 1267 2513 quadam
1286 2449 1393 2499 ratione

256 2514 444 2566 discriminat)
461 2543 496 2553 -
522 2517 654 2566 Boethius
672 2518 705 2567 de
723 2534 811 2582 geom.
835 2518 863 2566 11
880 2533 905 2580 p.
927 2514 990 2564 1537
1013 2517 1066 2578 (ed.
1083 2516 1168 2566 Basil.
1194 2515 1286 2580 tarot:
1310 2518 1392 2567 ‘Nam

256 2585 370 2634 mundus
382 2585 442 2649 ipae
454 2585 602 2650 sphaerica
616 2585 701 2635 iertur
714 2585 880 2635 rotunditate
899 2583 1045 2645 collectus,
1058 2588 1088 2633 ut
1100 2585 1224 2634 diuersas
1236 2600 1325 2635 rerum
1339 2585 1392 2635 ior-

256 2668 315 2703 nras
333 2652 451 2705 ambitus
469 2654 510 2703 sui
529 2653 690 2703 circuitione
704 2652 893 2713 concluderet,
916 2651 988 2701 uude
1005 2651 1103 2701 librum
1120 2655 1229 2702 Seneca
1247 2658 1392 2703 cousenta-

257 2736 311 2770 nea
326 2720 496 2785 philosophis
514 2722 699 2786 disputatione
718 2721 860 2781 formauit,
879 2720 923 2769 eni
940 2719 1034 2769 titulus
1054 2725 1107 2769 eet:
1130 2721 1163 2769 de
1182 2720 1270 2771 forma
1283 2719 1393 2771 mundi.’

258 2788 353 2837 cadem
371 2787 561 2839 Cassiodorius
583 2789 617 2839 de
636 2788 740 2839 artibus
764 2805 797 2838 ae
820 2787 972 2853 disciplinis
995 2787 1102 2838 liberal.
1130 2789 1183 2838 vn
1207 2789 1250 2849 (de
1270 2795 1393 2843 astrono-

258 2856 323 2917 mia)
336 2856 364 2904 ΙΙ
375 2873 401 2921 p.
415 2855 465 2905 550
478 2857 504 2905 b.
518 2857 622 2919 Geren,
636 2856 688 2907 nisi
702 2858 772 2921 qued
785 2857 854 2907 haee
867 2856 954 2906 addit:
974 2858 1063 2919 ‘quern
1076 2857 1153 2907 uobis
1167 2856 1342 2922 relinquimus
1353 2874 1392 2906 re-

258 2922 420 2988 legendum'
446 2924 637 2974 Cassiodorius
650 2925 704 2975 fiae
717 2925 837 2975 eiusdem
852 2925 963 2989 capitis:
985 2924 1086 2973 ‘Mundi
1101 2939 1205 2989 qnoque
1219 2924 1334 2989 figuram
1348 2941 1391 2975 cu·
1482 2976 1486 2983 ,

256 2992 420 3041 riesissiruns
432 2993 518 3041 Varro
535 2993 635 3058 longae
653 2993 813 3043 rotunditati
831 2994 858 3041 in
876 2993 1043 3057 geometriae
1059 2991 1196 3041 uolumine
1214 2995 1386 3058 comparauit

258 3059 372 3110 terrram
388 3059 475 3125 ipsine
493 3060 527 3109 ad
540 3061 585 3111 oui
597 3061 801 3111 similitudinem
814 3060 936 3121 trahens,
950 3060 1059 3124 quodie
1072 3061 1216 3110 latihrdine
1229 3062 1336 3126 quidem
1350 3078 1393 3112 ro·

256 3129 377 3187 tandum,
391 3128 440 3177 sed
457 3128 485 3177 in
497 3128 667 3193 longitudine
681 3129 812 3194 probatur
823 3127 989 3193 oblongum.’

342 3193 410 3249 itt*
427 3196 547 3245 Isidorus
564 3197 597 3246 de
615 3202 715 3247 natura
732 3211 821 3246 rernm
838 3198 876 3246 X:
896 3197 947 3245 ‘De
966 3197 1084 3261 quinque
1103 3196 1214 3247 circulis
1230 3198 1331 3248 mundi.
1356 3198 1392 3246 In

257 3264 469 3314 delinitione
538 3264 690 3328 perusti)
713 3265 834 3314 Isidorus
851 3264 1001 3329 parallelos
1019 3279 1080 3313 cum
1101 3267 1177 3314 nouis
1196 3265 1273 3314 initio
1292 3265 1393 3329 capitis

257 3333 387 3383 contudit.
403 3359 434 3366 -
451 3332 562 3381 Servius
579 3348 672 3397 georg.
686 3331 774 3383 1233:
793 3329 897 3396 Zonae]
910 3332 937 3381 ίἰ.
952 3347 976 3381 e.
988 3331 1089 3397 plagae
1102 3333 1146 3382 nel
1159 3333 1264 3395 circuti,
1282 3348 1392 3397 quorum

255 3401 357 3464 primus
374 3399 621 3464 septemtrionalis,
638 3401 684 3450 nel
700 3406 731 3450 nt
748 3400 857 3464 quidam
874 3400 983 3462 uolunt,
1002 3400 1163 3465 aquilonius.
1188 3416 1274 3450 nouae
1287 3400 1392 3463 circuli,

256 3469 300 3532 qui
308 3468 417 3519 coelum
432 3484 464 3517 ae
476 3472 577 3516 terram
588 3468 676 3518 ueluti
687 3484 774 3519 nonae
787 3469 909 3535 cingunt.
928 3469 1103 3529 translatiue;
1115 3484 1179 3517 unm
1188 3469 1296 3533 proprie
1307 3484 1392 3518 nonae

255 3536 283 3585 in
297 3538 386 3599 terris,
399 3535 447 3585 sed
459 3551 508 3600 pro
520 3535 662 3599 parallelis
675 3537 694 3585 i.
709 3553 732 3585 e.
751 3536 862 3586 circulis
879 3537 977 3601 posuit.
1001 3535 1232 3600 septemtrionalis
1250 3536 1393 3587 aestiualis

256 3603 467 3668 aequinoctialis
481 3603 613 3653 brumalis
630 3602 777 3654 australis)
800 3605 996 3669 Fragmentum
1009 3604 1159 3654 Censorino
1181 3604 1346 3668 adscriptum
1364 3605 1391 3652 ΙΙ

258 3671 334 3722 1—4:
354 3673 406 3722 ‘De
419 3672 491 3722 caeli
503 3671 648 3736 positione.
674 3671 786 3721 Caelum
803 3672 914 3722 circulis
932 3672 1049 3736 quinque
1066 3672 1251 3736 distinguitur,
1280 3686 1391 3736 quorum

256 3741 369 3791 extremi
381 3740 498 3790 maxime
511 3739 618 3803 frigidi,
638 3740 767 3789 australis
779 3739 944 3790 humillimus
962 3744 990 3789 et
1008 3738 1161 3805 aquilonius
1180 3739 1391 3790 excelsissimus.

256 3807 299 3857 his
311 3809 446 3873 utrimque
458 3807 573 3873 proximi
586 3807 638 3857 duo
650 3807 802 3872 paralleloe
814 3814 956 3871 uocantur,
971 3823 1059 3872 aeque
1071 3813 1100 3857 ut
1112 3808 1152 3857 ita
1165 3806 1278 3857 dixerim
1290 3806 1392 3860 distan-

343 3974 355 4024 l
374 3972 510 4022 extrema
528 3967 552 4020 A
566 3957 580 4044 ll
595 3970 732 4021 trauntur
749 3956 827 4019 A¹B¹
844 3956 857 4043 Η
873 3971 888 4022 2
907 3961 1009 4021 cerule
1023 3966 1048 4020 Α
1060 3962 1177 4020 cerulee
1190 3965 1217 4019 B
1229 3961 1391 4023 caeruleae

255 4048 358 4107 Medic.
374 4058 401 4107 ct
413 4052 480 4107 titrr’
494 4069 543 4122 sp.
560 4051 687 4106 Pieriam
701 4056 728 4105 et
747 4048 836 4107 Mart.
863 4050 969 4122 Verpttt
984 4043 999 4129 ss
1019 4046 1117 4137 glaeip
1133 4026 1265 4107 c‘dncrite
1282 4044 1317 4106 Β1
1338 4068 1390 4125 gn-

254 4133 314 4192 lice
330 4142 472 4193 concrete
488 4130 523 4191 ΑΙ
545 4133 644 4210 glaeie
661 4151 731 4192 aere
746 4128 784 4189 Α2
804 4130 819 4211 Η
838 4142 856 4193 3
877 4140 907 4189 et
921 4152 974 4191 om.
987 4135 1015 4190 B
1035 4127 1049 4213 ΙΙ
1072 4134 1178 4192 lucen.
1200 4112 1304 4191 pairs.
1324 4134 1396 4192 trtt

258 4225 314 4276 106
328 4213 342 4300 ll
357 4228 375 4279 4
390 4218 473 4277 hima
488 4222 513 4278 Α
526 4219 618 4277 imma
634 4220 658 4275 Β
673 4212 687 4299 Η
702 4217 765 4275 ieet
781 4213 815 4275 Β1
835 4212 848 4296 ΙΙ
864 4237 937 4275 sona
957 4237 1032 4308 coep
1045 4221 1073 4274 B
1086 4221 1177 4277 deleto
1192 4238 1266 4277 sona
1285 4236 1322 4273 m.
1345 4224 1362 4275 2
1377 4214 1390 4298 ss

254 4303 373 4362 ninales
388 4299 470 4362 A¹Jt²
488 4303 656 4363 naanualcs
673 4298 709 4360 n*
733 4297 746 4383 ΙΙ
767 4316 783 4366 5
803 4310 969 4381 perpetuae
991 4322 1080 4382 quam
1101 4304 1126 4358 A
1143 4311 1311 4380 perpetuae
1337 4304 1389 4381 ΒΗ

255 4389 385 4467 primunt
401 4385 437 4446 B¹
455 4385 469 4469 ΙΙ
483 4389 591 4448 hiemis
609 4391 662 4446 AB
675 4385 689 4468 ί]
705 4397 722 4451 ti
742 4383 840 4465 aiunt]
858 4390 893 4445 eir
907 4391 931 4444 A
945 4382 987 4467 117
1003 4384 1057 4466 qius
1078 4390 1103 4443 Β
1118 4382 1131 4469 Η
1145 4407 1237 4463 grece
1256 4384 1291 4445 24¹
1309 4383 1323 4469 ss
1337 4407 1389 4464 pa·

254 4473 389 4531 ralleleis
405 4476 457 4531 AB
472 4471 485 4555 ΙΙ
499 4465 703 4551 παραλλήλους
715 4473 746 4533 id
759 4482 806 4533 est
817 4476 891 4531 delet
905 4475 1031 4530 Grintins
1045 4469 1059 4554 ΙΙ
1074 4491 1166 4530 sanas
1184 4468 1220 4530 B¹

1123 4568 1187 4637 13*
