3202 4998
266 375 337 445 tat,
601 391 825 439 ovtrtsrrouss
847 392 1073 431 sverourasan

350 543 508 602 Hactenus
531 541 569 600 de
593 544 636 600 eis
658 542 746 600 huius
761 541 830 599 libri
851 542 988 619 reliquiis
1007 561 1086 619 quae
1105 541 1215 599 Isidori
1236 561 1330 621 opera
1347 562 1410 601 ser·

267 655 358 705 ratae
375 652 453 703 sunt.
479 643 587 702 eodem
604 642 679 703 libro
701 664 772 701 usus
789 652 836 701 est
855 643 1039 703 Censorinus
1055 640 1094 701 de
1113 640 1162 698 dic
1177 644 1283 714 natali,
1301 645 1352 723 qui
1366 653 1409 719 bb,

267 746 426 823 Miragm.
447 742 526 817 119),
552 765 620 803 cnm
640 745 775 803 Licinius
796 745 901 803 Macer
924 753 954 803 et
972 753 1080 822 postea
1101 744 1280 805 Fenestella
1300 766 1410 805 annum

266 856 436 906 vertentem
447 846 563 905 Rornae
574 846 674 904 statim
686 844 725 902 ab
737 845 821 903 initio
836 844 995 904 duodecim
1007 847 1156 904 mensium
1168 846 1262 907 fuisse
1274 849 1410 927 scripsis-

267 957 350 1020 sent,
367 948 463 1023 iungis
476 947 562 1005 lunio
575 946 757 1006 Gracchano
774 955 804 1006 et
814 947 924 1005 Fulvio
938 936 1109 1005 etVarrani
1123 957 1154 1006 et
1165 948 1311 1008 Suetonio
1330 950 1411 1008 aliis·

268 1071 327 1130 que
341 1048 529 1109 credendum
540 1051 694 1109 existimat
705 1050 756 1127 qui
769 1047 877 1107 (locem
888 1050 1035 1107 mensium
1048 1051 1241 1128 putavissent
1256 1051 1366 1121 luisse,
1379 1060 1412 1109 ut

270 1151 480 1213 tuncAlbanis
494 1161 578 1211 esset
593 1151 674 1209 unde
691 1150 747 1209 orti
758 1150 898 1209 Romani.
911 1150 1040 1210 eandem
1052 1151 1235 1210 sententiam
1246 1152 1413 1230 protulerat

268 1254 406 1313 Isidorus
416 1275 446 1333 p.
462 1263 520 1327 165,
535 1263 596 1315 tut
612 1254 702 1312 etiam
717 1250 788 1309 hinc
805 1258 923 1310 constet
941 1272 1015 1311 vere
1038 1273 1093 1311 uos
1109 1252 1287 1312 Suetonium
1301 1252 1412 1312 Isidori

270 1367 427 1417 auctorem
439 1354 622 1433 adpellasse.
641 1374 741 1433 neque
750 1352 949 1411 Censorinum
962 1354 1082 1412 omniuo
1094 1355 1125 1412 iu
1137 1374 1174 1413 ea
1184 1363 1272 1433 parte
1283 1346 1353 1412 libri
1361 1353 1412 1413 ubi

271 1458 310 1516 do
322 1456 507 1535 temporibus
521 1466 551 1514 ot
562 1456 725 1533 praecipue
738 1453 775 1511 de
784 1453 987 1512 Romanorum
998 1475 1078 1514 anno
1091 1456 1154 1532 agit
1161 1455 1339 1514 Suetonium
1353 1474 1413 1514 non
1445 1508 1456 1531 ,

271 1558 384 1618 adiisse
393 1560 458 1636 ipse
472 1576 509 1615 eo
525 1555 627 1633 prodit
639 1553 720 1633 quod
735 1554 914 1613 Suetonium
929 1566 1114 1634 prosuenrum
1129 1557 1154 1617 si
1168 1567 1302 1617 nentem
1318 1559 1413 1636 scrip·

271 1670 368 1718 torum
384 1666 506 1737 spectas
519 1658 694 1716 nominavit.
724 1653 762 1715 Ο.
775 1656 901 1716 lahnius
914 1659 993 1719 eninr
1004 1658 1036 1717 iu
1047 1660 1270 1738 prolegomenis
1283 1658 1323 1717 ad
1335 1658 1413 1717 Ceu-

272 1763 404 1821 sorinum
433 1779 463 1837 p.
485 1758 580 1818 VlllI
608 1757 726 1817 idoneis
747 1759 895 1838 exemplis
918 1760 1117 1838 conprobavit
1139 1760 1339 1821 Censorinum
1361 1780 1413 1819 eos

272 1862 436 1939 scriptores
450 1879 576 1940 quorum
592 1860 765 1920 testimonia
778 1860 881 1920 adfert
897 1860 1048 1921 interdum
1066 1882 1167 1945 neque
1182 1861 1297 1949 legisse
1311 1880 1413 1940 neque

272 1964 393 2021 onnrino
406 1982 510 2022 eornm
519 1971 695 2021 accuratam
709 1964 846 2021 notitiam
861 1961 1021 2035 habuisse,
1035 1963 1090 2023 sed
1107 1964 1198 2024 aliurn
1212 1964 1414 2024 recentiorem

273 2064 324 2144 qui
339 2084 392 2125 eos
415 2062 596 2124 adhibuerat
616 2073 752 2124 secutum
773 2085 851 2124 osse.
888 2073 982 2144 atque
1003 2064 1075 2124 lieet
1095 2067 1224 2125 omnino
1235 2066 1342 2142 negari
1362 2082 1413 2123 ue·

272 2174 367 2245 queat
387 2165 532 2226 Varronis
565 2165 778 2245 antiquitatum
805 2166 1005 2227 humanarum
1024 2167 1117 2227 libros
1138 2167 1338 2228 Censorinum
1361 2165 1414 2224 ba-

273 2267 393 2340 buisse,
411 2276 512 2326 tamen
531 2264 622 2324 facile
642 2264 831 2327 demonstres
847 2269 995 2348 scriptore
1011 2288 1080 2327 eum
1095 2288 1181 2328 usum
1200 2288 1268 2329 esse
1282 2268 1335 2349 qui
1346 2276 1416 2347 post

274 2370 444 2430 Varronem
453 2366 707 2441 etFenestellam,
720 2370 804 2433 cuius
812 2370 934 2449 quidem
941 2369 1035 2429 libros
1048 2370 1161 2450 abipso
1173 2380 1334 2452 usurpatos
1347 2367 1415 2431 esse

274 2491 367 2548 aegre
385 2470 485 2550 patiar
501 2468 574 2526 milri
589 2468 785 2545 persuaderi,
804 2472 835 2530 in
850 2490 913 2530 rem
928 2471 1128 2551 inquisiverit.
1148 2480 1183 2533 ut
1198 2493 1258 2533 uno
1275 2471 1416 2551 exemplo

275 2573 427 2649 defungar
452 2572 531 2630 baec
557 2570 680 2650 siquid
711 2573 808 2633 sentio
833 2593 850 2632 e
882 2573 1028 2633 Suetonio
1060 2576 1195 2634 narravit
1225 2584 1272 2648 18,
1302 2584 1335 2637 13
1347 2594 1416 2653 sqq.

274 2695 304 2753 p.
323 2684 386 2737 180:
419 2679 493 2733 idern
511 2682 622 2745 tempus
641 2679 712 2731 nani
734 2679 832 2748 moeni
851 2674 1069 2749 (pentuetaerr's)
1090 2678 1228 2736 Romanis
1240 2680 1313 2752 suit,
1341 2680 1420 2751 puori

274 2782 398 2839 lustrum
418 2778 616 2850 adnullabant,
645 2780 685 2833 itu
703 2780 815 2850 quidem
832 2796 851 2833 a
868 2777 972 2835 Seruio
991 2781 1081 2836 Tettio
1096 2782 1255 2839 institutum
1270 2788 1302 2838 ut
1320 2784 1419 2852 quinto

276 2896 388 2952 quoque
405 2896 481 2936 anuo
495 2895 580 2934 cereso
595 2881 701 2935 ciuium
716 2881 811 2935 tabita
832 2880 955 2935 lustrum
974 2883 1158 2938 conderetur.
1193 2886 1246 2940 sed
1266 2885 1307 2939 ita
1323 2900 1381 2958 nou
1399 2898 1419 2935 a

272 2984 399 3054 posteris
414 2987 581 3040 scructator
614 2998 760 3036 namnum
777 2983 852 3037 inter
870 2985 999 3052 primum
1019 3001 1039 3039 a
1056 2983 1162 3040 Seruio
1183 2999 1250 3056 repe
1273 2985 1418 3039 conditus

275 3086 397 3139 lustrum
422 3090 449 3139 et
472 3085 502 3138 id
521 3084 598 3153 qrrod
617 3083 652 3138 ab
673 3083 847 3154 imperatore
878 3084 1054 3156 Vespasiano
1081 3085 1149 3140 Vct
1174 3086 1203 3140 Τ.
1229 3084 1355 3140 Caesare
1369 3083 1424 3139 ΙΙΙ

277 3186 353 3242 corr.
369 3185 482 3258 surtran
496 3191 538 3239 est
556 3184 627 3241 auni
636 3183 822 3255 interfuerint
831 3187 923 3257 patrio
934 3188 1027 3242 miuus
1039 3186 1125 3253 HGE,
1143 3188 1236 3243 tauro
1252 3186 1347 3243 tamen
1361 3202 1419 3257 per

276 3303 311 3341 eu
327 3294 456 3356 temporo
472 3304 528 3343 non
541 3288 631 3357 plura
650 3302 736 3359 quarn
752 3287 838 3343 LXX
844 3288 869 3343 V
884 3286 952 3343 suut
973 3288 1058 3359 saeta
1080 3295 1108 3343 et
1126 3295 1228 3358 pastea
1248 3288 1336 3359 piane
1353 3287 1422 3358 fieri

276 3392 432 3449 desierunt.
470 3404 575 3447 rursus
589 3395 684 3445 tamen
698 3408 794 3448 annus
817 3394 891 3451 idern
906 3393 1031 3463 maenus
1037 3405 1096 3461 per
1114 3390 1287 3461 capitolinos
1310 3402 1421 3459 operias

276 3498 395 3563 coeptus
411 3500 454 3548 est
469 3493 631 3563 ditiaeutius
648 3496 777 3561 seruari,
802 3510 924 3564 quoram
949 3508 1071 3563 aponum
1091 3492 1204 3562 pomus
1221 3507 1239 3544 o
1259 3489 1422 3547 Domitiano

277 3594 423 3648 institutus
440 3592 499 3665 suit
522 3594 687 3650 duodecimo
710 3596 772 3651 eius
793 3602 821 3650 et
838 3594 901 3650 Ser.
925 3592 1056 3649 Cornelio
1076 3592 1240 3648 Dolabellae
1255 3593 1419 3649 eausubttu.

278 3711 340 3770 qua
355 3712 387 3749 re
408 3690 574 3753 Censorino
591 3702 674 3753 reete
688 3712 774 3752 usum
786 3714 835 3752 me
850 3712 921 3753 esse
935 3676 1008 3772 puto
1025 3692 1110 3750 euius
1127 3689 1222 3768 copiis
1234 3689 1332 3749 tenuis
1345 3690 1421 3748 Sue·
1431 3734 1448 3749 ..

278 3793 394 3853 touiani
410 3792 479 3851 libri
495 3794 575 3872 apud
591 3794 741 3853 Isidorum
756 3796 902 3853 memoria
915 3793 1105 3872 suppleatur.

365 3893 496 3955 secedit
517 3895 555 3955 ad
579 3895 779 3957 Censorinum
800 3906 833 3954 ut
861 3895 1029 3975 pleniorem
1047 3894 1253 3953 Suetouianae
1278 3891 1420 3952 eruditio·

280 3998 326 4057 nis
341 3997 479 4057 notitiam
494 3997 646 4061 lucremur
659 3996 834 4059 Macrobius
848 4005 907 4058 sat.
921 3997 937 4056 1
953 4005 1004 4069 lt,
1017 4005 1107 4076 tsqq.
1135 4016 1154 4055 a
1170 4015 1228 4074 quo
1244 3996 1422 4055 Suetonium
1502 4062 1505 4066 ¹

280 4099 450 4158 consultum
469 4119 614 4159 essenon
633 4099 770 4161 dissimili
788 4101 905 4160 ratione
920 4099 1066 4173 officium
1096 4118 1156 4156 non
1173 4105 1274 4176 potest
1291 4097 1371 4156 enim
1383 4095 1423 4153 ad

280 4200 373 4260 alium
387 4210 542 4261 auctorem
559 4202 664 4261 referri
679 4200 762 4280 quod
777 4200 815 4260 de
827 4201 993 4261 Domitiani
1008 4201 1145 4259 vanitate
1158 4199 1178 4257 l.
1196 4219 1221 4258 c.
1233 4198 1300 4258 XII
1312 4207 1422 4277 susqq.

280 4321 310 4379 p.
327 4311 375 4365 1116
385 4300 493 4360 babet:
510 4308 614 4361 uenus
632 4306 797 4375 September
810 4307 1001 4377 paticipatam
1014 4307 1061 4360 sui
1075 4306 1178 4360 retinet
1192 4304 1423 4377 appellationem,

280 4422 362 4477 auem
375 4408 540 4467 Germanici
547 4408 748 4477 (semilitterae,
765 4406 912 4463 Octobrem
923 4422 995 4463 uere
1007 4422 1060 4462 sna
1070 4407 1183 4462 nomine
1193 4403 1424 4462 Domitiauucin·
