3220 5022
251 389 312 451 318
461 452 464 457 ¹
529 402 724 444 eauaaonvn
746 403 912 443 arsaoavu
936 402 1112 450 nnnruvrsa

502 547 613 631 Reges
635 549 856 625 Romanorum
878 568 1012 612 numero
1034 547 1130 611 VIII.

250 665 412 713 nonvuvs
429 649 545 712 Martis
564 657 597 712 et
619 649 701 713 Iliae
720 648 808 711 filius
822 650 975 732 regnauit
988 671 1094 713 annos
1110 647 1310 713 XXXVIII.
1340 671 1392 711 ur-

175 808 182 813 .
248 751 323 815 bem
351 750 489 814 Romam
517 749 665 814 condidit
697 748 760 812 XI.
786 749 862 812 Kal.
892 750 989 831 ulan,
1022 751 1078 834 qui
1112 751 1183 814 dies
1211 748 1393 837 appellatur
1422 775 1443 793 ·

249 851 381 915 Parilia.
420 852 473 916 hic
495 851 529 914 X
550 873 679 915 menses
701 852 736 914 in
759 872 879 914 annum
903 854 1072 915 coustituit
1093 874 1113 915 a
1127 851 1247 916 Martio
1271 854 1304 916 in
1325 851 1391 913 Do-

247 953 419 1018 cembrem.
464 951 552 1016 mille
575 954 711 1015 iuuenes
735 952 775 1015 de
797 951 892 1037 plebe
915 954 1063 1017 Romana
1085 953 1182 1037 legit,
1230 974 1312 1039 quos
1333 954 1413 1014 nri-s

247 1055 321 1119 lites
346 1054 543 1141 appellauit,
574 1062 606 1116 et
635 1061 763 1116 eentum
793 1054 938 1117 seniores
946 1103 955 1137 ,
993 1076 1073 1140 quos
1102 1062 1268 1118 senatores
1296 1053 1422 1116 dixit.-

248 1157 451 1240 oongiarium
474 1154 567 1219 dedit
588 1154 739 1239 congium
762 1155 831 1217 uini
854 1157 939 1218 inter
959 1156 1107 1220 homines
1131 1154 1211 1218 XII.
1241 1154 1294 1219 hic
1318 1174 1391 1217 cum

249 1266 340 1322 natat
361 1257 404 1320 ad
425 1254 577 1343 paludem
597 1275 715 1340 caprae
734 1254 841 1319 subito
864 1277 1022 1342 nusquam
1046 1258 1238 1343 comparuit.
1278 1257 1311 1319 iu
1333 1276 1391 1317 nu·

248 1380 373 1423 merum
394 1358 529 1421 deorum
550 1356 673 1419 relatus
694 1356 774 1420 deus
799 1355 956 1436 Quirinus
979 1355 1161 1443 appellatus
1181 1367 1240 1421 est.
1290 1370 1390 1420 ‘rirvs

248 1474 373 1525 rsmvs
396 1459 464 1522 dux
483 1456 677 1521 Sabinorum
699 1478 775 1520 cum
790 1457 929 1521 Romulo
948 1459 1101 1542 regnauit
1119 1479 1222 1522 annos
1235 1458 1388 1543 quinque.
1401 1478 1425 1520 ιι

248 1562 302 1625 bio
334 1559 508 1645 Tarpeiam
544 1559 706 1644 uirginem
733 1557 899 1621 Vestalem
933 1559 1043 1621 uiuam
1071 1561 1169 1623 armis
1199 1557 1325 1622 defodit
1353 1578 1391 1621 eo

249 1661 335 1749 quod
363 1669 489 1725 secreta
514 1659 645 1723 Romuli
670 1660 700 1723 ci
727 1658 899 1747 propalare
924 1660 1093 1724 noluisset.
1142 1676 1240 1723 rivus
1269 1673 1390 1722 Poner-

453 1831 476 1881 is
495 1847 582 1897 genus
600 1831 719 1881 indocile
740 1846 772 1880 ae
791 1831 943 1896 dispersum
962 1831 1099 1881 montibus
1119 1830 1183 1881 altis

406 1934 411 1946 .
452 1900 607 1965 composuit
622 1900 754 1965 legesque
773 1900 848 1949 dedit
865 1901 1030 1965 Latiumque
1048 1901 1144 1950 uocari

453 1967 563 2029 maluit,
582 1968 626 2016 his
645 1969 773 2031 quoniam
792 1966 921 2017 latuisset
938 1974 1013 2018 tutus
1033 1969 1061 2016 in
1080 1970 1144 2017 urla.

453 2050 592 2099 aureaque
610 2040 640 2083 ut
657 2035 804 2100 perhibent
821 2035 870 2084 illo
888 2036 937 2088 sub
957 2051 1021 2100 rege
1041 2036 1120 2086 fuero

453 2103 576 2152 saccula.

248 2172 297 2223 sed
319 2171 390 2222 haec
413 2171 525 2237 poetica
547 2170 693 2235 opinentur
717 2186 777 2220 esse
800 2169 931 2234 figmenta
955 2176 983 2219 et
1001 2171 1061 2220 I’iei
1085 2174 1191 2235 patrem
1210 2169 1326 2220 Sterccn
1342 2185 1390 2234 po·

248 2243 302 2290 tius
321 2241 408 2289 lusisse
433 2244 607 2302 asseuerant,
634 2254 651 2287 a
674 2253 726 2302 quo
744 2238 911 2302 peritIssimo
935 2239 1058 2302 agricola
1077 2239 1217 2287 inuentum
1236 2238 1336 2300 ferumt,
1361 2243 1391 2296 nt

248 2308 310 2358 fimo
334 2307 494 2357 animalium
519 2307 579 2370 agri
602 2306 830 2371 fecundarentur,
855 2306 926 2370 quod
951 2307 985 2355 ab
1009 2307 1069 2354 aius
1094 2306 1203 2354 nominc
1221 2311 1329 2354 stercus
1348 2310 1390 2354 est

248 2375 364 2425 dietum:
386 2374 459 2424 hunc
484 2373 594 2438 quidam
618 2373 784 2422 stercutium
807 2379 936 2422 necatum
960 2375 1059 2423 icrunt.
1097 2373 1221 2438 qualibet
1247 2379 1337 2423 autem
1357 2388 1391 2422 ex

248 2459 334 2493 causa
353 2457 414 2493 eum
432 2442 578 2491 Saturnum
597 2439 739 2505 appellare
758 2440 906 2501 noluerint,
931 2446 1005 2491 certe
1024 2446 1118 2490 tamen
1135 2440 1207 2490 huuc
1225 2440 1391 2490 stercutium

248 2512 345 2562 merito
365 2510 551 2574 agriculturae
570 2509 696 2557 focerunt
714 2508 802 2558 deum.
838 2508 934 2557 Picum
953 2522 1059 2573 quoque
1079 2508 1207 2558 similiter
1228 2509 1287 2558 elus
1305 2508 1390 2557 lilium
1464 2529 1467 2534 ’

248 2595 277 2628 m
300 2578 398 2627 talium
421 2577 533 2627 deorum
555 2590 696 2624 numerum
714 2582 892 2641 receperunt,
918 2590 997 2640 quem
1020 2577 1192 2642 praeclarum
1213 2591 1343 2640 augurem
1363 2580 1391 2625 et

248 2645 472 2711 belligeratorem
495 2644 581 2692 luisse
601 2648 735 2693 asserunt.
771 2643 854 2694 Picus
867 2645 991 2693 Faunum
1006 2645 1102 2709 genuit
1114 2645 1283 2693 Laurentum
1297 2659 1390 2708 regern

248 2713 409 2763 seeundum:
439 2712 523 2760 etiam
546 2713 599 2759 iste
623 2711 690 2759 deus
714 2710 770 2759 illis
792 2712 837 2761 uel
861 2717 904 2760 est
924 2712 970 2760 uel
993 2712 1054 2760 luit.
1090 2711 1140 2761 bos
1158 2716 1222 2761 ante
1241 2713 1390 2761 'Proianum

248 2780 351 2829 bellurn
370 2779 478 2828 diuinos
501 2778 619 2827 honores
638 2778 750 2827 mortuis
768 2776 924 2829 hominibus
941 2777 1117 2829 detulerunt'

333 2846 482 2896 bIsidorus
501 2846 589 2911 origg.
602 2846 682 2895 Vllll
701 2844 773 2907 3‚3l:
806 2847 893 2895 ‘miles
906 2848 996 2895 dictus
1009 2848 1073 2911 quia
1086 2846 1160 2896 mille
1180 2851 1259 2896 erant
1278 2852 1342 2896 ante
1361 2847 1416 2895 in·

248 2930 360 2966 numero
384 2929 437 2962 uno
458 2913 504 2962 uel
529 2914 593 2977 quia
617 2928 685 2961 unus
710 2920 752 2962 est
776 2930 809 2963 ex
832 2913 906 2963 mille
926 2914 1041 2965 clectus.
1076 2914 1206 2964 Romulus
1226 2921 1316 2963 autem
1335 2915 1394 2979 pri„

249 2996 307 3032 rnus
326 2998 360 3032 ex
377 2979 477 3047 populo
495 2981 595 3030 milites
613 2982 727 3046 sumpsit
746 2986 773 3030 et
792 2980 962 3047 appellauit!
998 2983 1134 3031 Eusebius
1161 2997 1263 3032 armen.
1284 2982 1326 3030 Ol.
1349 2981 1388 3045 ll,

248 3050 278 3101 3:
299 3048 438 3100 ‘Romulus
456 3049 558 3115 primus
577 3064 591 3097 c
609 3047 692 3113 uulgo
705 3048 808 3098 milites
827 3049 896 3115 legit
914 3065 1048 3114 senesque
1067 3049 1174 3099 nobiles
1187 3050 1208 3099 C
1222 3050 1291 3099 feeit
1308 3064 1388 3099 sena

247 3123 322 3168 tores
341 3122 369 3166 et
387 3133 420 3166 ex
439 3117 541 3166 eisdem
560 3117 693 3181 patricios
712 3118 925 3181 cognominarrit.
962 3117 1066 3183 templa
1083 3118 1149 3165 item
1169 3123 1196 3167 et
1213 3118 1323 3166 moenia
1336 3117 1389 3166 Ro-

247 3178 309 3235 mae
330 3183 508 3234 acdificauit.
544 3185 728 3248 Hieronymus
748 3184 790 3235 01.
809 3185 832 3247 7,
856 3184 881 3233 1:
902 3185 1041 3234 ‘Romulus
1058 3187 1161 3250 primus
1180 3185 1281 3235 milites
1300 3200 1389 3249 sump-

248 3255 285 3304 sit
304 3269 337 3303 ex
354 3252 455 3318 populo
475 3256 503 3301 ct
520 3252 703 3302 nobilissimos
722 3267 803 3302 senos
822 3222 856 3302 db
876 3258 996 3301 aetatem
1019 3258 1178 3314 senatores,
1204 3254 1238 3302 ob
1261 3252 1389 3301 similitu·

248 3322 340 3372 dinem
359 3335 442 3370 curae
460 3325 554 3397 patres
574 3319 745 3397 appellauit'
781 3320 970 3401 Syneellusp.
991 3319 1055 3370 367.
1080 3291 1389 3400 ιΡωμυ1οςιιιιιῐτοςιέιι

247 3386 299 3439 τοῦ
319 3379 414 3454 δήμου
432 3379 617 3466 ἐστράτευσεν
635 3377 745 3465 duoque
763 3389 966 3466 συγκλητικους
984 3380 1050 3452 rep'
1081 3382 1198 3465 έροντας
1211 3379 1327 3465 Ipoque
1339 3384 1389 3438 sul

247 3454 418 3521 πατρικίους
436 3448 465 3517 ἐξ
485 3446 579 3505 αὐτῶν
596 3448 730 3517 ἐκάλεσε,
748 3449 836 3514 ναίους
853 3471 883 3506 τε
901 3453 951 3506 sul
964 3456 1044 3523 τείχη
1062 3403 1198 3521 1ν“Ῥω’μῃ
1214 3445 1389 3520 ᾠκοδόμησε.

334 3522 362 3572 11
382 3525 520 3574 VarroL.
538 3525 570 3573 L.
589 3523 613 3571 V
634 3522 682 3571 41·
709 3492 762 3572 ‘llic
785 3537 862 3573 mons
886 3530 950 3574 ante
972 3525 1108 3589 Tarpeius
1130 3524 1219 3572 dictus
1244 3538 1260 3572 a
1283 3523 1391 3588 uirgine
1466 3555 1468 3559 -

247 3590 360 3642 Vestule
379 3591 515 3656 Tarpam,
542 3606 611 3655 quac
635 3591 675 3639 ibi
700 3607 717 3639 a
735 3590 845 3641 Sabinis
868 3598 970 3641 necata
996 3591 1077 3641 armis
1103 3597 1131 3639 ct
1146 3590 1269 3657 sepulta,
1294 3592 1390 3655 quoius

248 3660 366 3709 nominis
384 3665 586 3709 monumentum
605 3656 743 3719 relictum,
768 3659 878 3723 quode
864 3661 947 3709 etiam
974 3675 1046 3708 nunc
1065 3659 1123 3708 eius
1141 3673 1223 3724 rupes
1240 3658 1389 3723 Tarpeium

249 3727 406 3794 appellatur
424 3724 538 3777 saxum)
575 3725 611 3775 cf.
630 3696 788 3792 Properlius
807 3727 905 3789 11114,
926 3726 966 3777 18

333 3794 364 3843 12
382 3810 440 3859 sqq
460 3795 496 3844 ef.
515 3793 623 3858 Fragm.
647 3792 700 3843 179.
730 3795 865 3844 Eusebius
884 3810 986 3845 armen.
1006 3794 1048 3844 Ol.
1071 3792 1110 3857 16,
1129 3794 1158 3842 4.
1197 3793 1389 3844 ‘NumnPom

246 3861 335 3927 pilius
331 3862 408 3912 duos
428 3860 534 3911 addidit
552 3875 624 3910 anno
642 3876 750 3911 menses
767 3862 924 3912 Ianuarium
944 3868 972 3912 et
984 3862 1172 3923 Februarium,
1193 3877 1254 3911 curn
1268 3863 1292 3912 ia
1306 3866 1390 3910 antea

248 3931 343 3980 decem
363 3933 503 3980 constaret
525 3929 672 3979 mensibus.
713 3930 785 3985 idem
813 3931 974 3996 capitolium
998 3946 1015 3979 a
1037 3899 1224 3980 fundamentis
1247 3929 1389 3979 excitauit.

247 3997 319 4047 idem
343 3997 512 4061 congiarium
535 3996 612 4046 dedit
636 4012 713 4047 asses
739 3997 846 4062 ligneos
864 4014 1040 4063 nummosque
1058 3995 1218 4047 testaceos!
1254 3998 1389 4059 Hierony-

247 4081 305 4115 mus
323 4064 368 4115 01.
388 4064 429 4126 17,
448 4064 477 4113 2:
502 4065 599 4115 ‘Numa
616 4064 767 4130 Pompilius
791 4066 860 4115 duos
881 4078 990 4117 menses
1012 4081 1084 4116 anno
1108 4065 1215 4115 addidit
1232 4064 1389 4114 Ianuarium

248 4139 276 4184 et
293 4102 483 4193 Iobruarlum,
504 4147 563 4182 cum
583 4132 703 4191 antehac
721 4133 817 4183 decom
835 4138 942 4184 tantum
961 4149 1068 4183 menses
1087 4133 1160 4198 apud
1172 4134 1310 4183 Romanoa
1322 4131 1388 4180 luis·

247 4205 318 4251 sent
356 4197 522 4264 Capitolium
541 4215 646 4265 quoque
666 4217 682 4250 a
702 4201 887 4251 fundamentis
906 4202 1067 4252 aedificauit
1086 4207 1114 4250 et
1130 4200 1300 4280 congiarium
1313 4198 1390 4248 dedit

248 4283 324 4317 assos
342 4266 451 4333 ligneos
475 4272 503 4316 et
525 4266 668 4318 scorteos!
703 4268 897 4334 Syncellusp.
922 4268 985 4320 398:
1010 4266 1131 4334 Νουμᾶς
1154 4261 1226 4334 petel
1246 4258 1390 4332 ‘Palpulov

247 4362 450 4371 ——ffl

263 4399 265 4403 ’
332 4414 471 4483 δοιριιι
485 4409 547 4464 cod.
569 4401 582 4487 Η
596 4406 712 4465 relatus
730 4407 941 4464 Mommseuus:
935 4405 1085 4465 ·sellstus
1100 4410 1164 4464 cod.
