3200 4992
486 384 501 407 ⁰
608 410 652 453 nn
676 408 765 453 nuso
788 371 993 452 a'ounuoavn
1311 387 1372 449 155

230 556 268 625 fit
300 565 333 623 et
361 555 527 623 abstinere
554 557 703 623 homines
730 556 886 622 alitibus
912 562 1049 642 oportet.
1101 569 1271 619 Paorasm
1293 572 1374 620 mas

231 659 324 724 festis
347 661 522 741 contrarii,
542 659 576 724 id
598 660 739 724 estsine
761 659 930 744 religione.
978 673 1080 722 Fusrl
1098 657 1290 723 tantundem
1318 659 1376 724 otii

232 769 264 825 et
278 760 448 847 religionis
464 770 551 825 sunt.
584 778 666 825 urar
683 777 764 825 Dias
783 759 954 846 (postridie
969 759 1137 825 Kalendas
1150 759 1263 824 Nonas
1278 760 1374 842 ldus)

232 872 321 927 sunt:
359 864 470 947 quiet
497 879 685 928 conaturus
710 872 878 928 uocantur.
919 878 1112 927 SIDERALES
1138 863 1169 927 in
1193 862 1311 946 quibus
1334 864 1376 926 si·

230 1103 273 1153 ins
297 1104 371 1153 satur
395 1104 423 1153 id
446 1109 488 1153 est
511 1103 636 1154 dicitur.’
678 1106 799 1156 Isidorus
822 1106 910 1170 origg.
934 1106 958 1156 V
981 1103 1028 1167 30,
1056 1103 1100 1153 12:
1137 1104 1187 1153 ‘Ex
1209 1103 1253 1153 his
1277 1102 1374 1168 (feriis)

231 1172 296 1222 festi
319 1171 378 1220 dies
401 1171 541 1221 homiuum
564 1189 650 1223 carrea
673 1175 792 1223 instituti
816 1179 891 1233 sunt,
921 1172 1131 1227 feriatiautem
1153 1172 1306 1221 diuinorum
1331 1188 1374 1221 sa·

231 1238 363 1289 crorum.'
392 1267 425 1274 —
451 1241 538 1301 Varro
564 1242 597 1289 L.
624 1242 656 1290 L.
684 1242 723 1291 VI
752 1241 800 1290 12:
842 1240 899 1290 ‘nd
924 1240 1064 1290 naturalia
1091 1240 1250 1289 discrimina
1277 1241 1375 1290 ciuilia

230 1307 369 1356 uocabula
393 1307 498 1356 dierum
524 1314 710 1359 accesserunt.
750 1308 841 1358 dicam
870 1310 945 1374 prius
975 1309 1020 1373 qui
1050 1309 1161 1357 deorum
1188 1323 1289 1369 eausa¹
1318 1312 1375 1357 tuni

232 1375 277 1440 qui
300 1374 437 1432 hominum
460 1376 515 1425 sint
538 1377 662 1435 instituti
683 1374 762 1425 dies’
797 1377 843 1424 27:
885 1376 940 1425 ‘Do
966 1376 1010 1425 his
1034 1374 1131 1425 diebus
1154 1391 1227 1429 nune
1249 1376 1305 1424 iam
1330 1377 1375 1440 qui

230 1441 368 1492 hominum
387 1458 471 1492 carisa
490 1445 633 1493 constituti
655 1443 817 1494 uideamus)
853 1442 886 1493 to
904 1459 962 1508 sqq.
981 1460 1036 1507 sq:
1074 1440 1150 1492 ‘Dies
1169 1443 1299 1508 postridie
1318 1444 1374 1492 Ka·

231 1509 328 1559 lendan
350 1511 443 1560 Nonas
467 1511 531 1561 Idus
554 1512 689 1577 appellati
713 1513 780 1573 atri,
812 1511 883 1577 quod
905 1528 954 1576 per
977 1521 1023 1561 eos
1048 1510 1108 1560 dies
1129 1511 1194 1561 noui
1217 1508 1298 1573 (imino
1323 1510 1374 1560 ‘ni-

230 1577 271 1626 hil
299 1576 372 1627 noui'
400 1594 414 1627 e
443 1583 508 1628 coni.
540 1578 662 1645 Tur-nebi)
696 1580 860 1644 inciperent.
904 1580 963 1629 dies
995 1580 1075 1628 lasti·
1093 1595 1142 1644 per
1173 1594 1239 1643 ques
1266 1584 1373 1643 praeto-

231 1646 306 1694 ribus
328 1647 420 1694 0mnia
443 1647 529 1695 uerba
552 1647 610 1696 sine
635 1648 745 1711 piaculo
765 1647 831 1696 lieet
849 1648 911 1696 fari.
948 1646 1102 1696 comitiales
1120 1647 1201 1709 dicti,
1230 1647 1299 1711 quod
1318 1652 1374 1695 tum

231 1717 261 1761 ut
280 1714 366 1762 coiret
384 1714 498 1779 populus
518 1716 695 1764 constitutum
715 1720 758 1764 est
776 1714 810 1763 ad
829 1714 988 1779 suffragium
1007 1715 1163 1776 serendum
1188 1715 1242 1764 nisi
1260 1715 1285 1764 si
1303 1730 1373 1778 quae

231 1780 321 1830 feriae
340 1786 491 1846 conceptae
511 1788 612 1845 essent,
631 1788 741 1848 propter
760 1798 827 1846 quas
845 1798 900 1831 non
917 1782 1026 1844 liceret,
1046 1786 1075 1831 ut
1094 1782 1254 1846 compitalia
1274 1786 1301 1831 et
1319 1782 1373 1831 Ln-

231 1848 316 1898 tinae.
353 1850 484 1898 contrarii
499 1849 598 1900 berum
615 1856 749 1900 uocantur
772 1851 831 1899 dies
849 1850 967 1909 nefasti,
991 1866 1040 1914 per
1059 1866 1125 1914 quos
1143 1850 1202 1899 dies
1221 1850 1300 1899 nesus
1319 1850 1380 1898 fari

229 1921 399 1980 praetorem:
424 1918 467 1966 Do
481 1917 542 1967 dico
557 1918 669 1979 addico-3
700 1918 794 1981 itaque
813 1933 867 1966 non
880 1924 970 1982 potest
988 1917 1048 1981 agi:
1068 1933 1181 1967 nereesse
1196 1918 1267 1966 enim
1281 1917 1373 1981 aliquo

232 1998 323 2031 eorum
346 1984 387 2034 uti
406 1985 503 2046 uerbo,
529 2002 589 2035 cum
609 1985 670 2048 lege
690 1984 754 2049 quid
772 1985 924 2050 peragitur.
961 1984 1032 2049 quod
1054 1985 1077 2033 si
1096 1989 1152 2033 tum
1171 1986 1327 2049 imprudens
1347 1985 1374 2033 id

230 2051 343 2099 uerbum
363 2052 456 2100 emisit
474 2069 506 2102 ae
527 2069 606 2117 quern
625 2054 797 2113 manumisit,
816 2052 865 2101 ille
883 2051 970 2102 nihile
986 2054 1077 2100 minus
1091 2056 1134 2100 est
1146 2050 1217 2101 liber
1230 2052 1277 2101 sed
1291 2053 1373 2113 uiti0;

231 2121 261 2166 ιιι
278 2120 457 2179 magistratus
476 2120 544 2169 uitio
563 2122 673 2170 creatus
691 2120 777 2169 nihilo
796 2121 887 2169 secius
905 2120 1093 2183 magistratus.
1129 2124 1240 2184 praetor
1258 2120 1374 2184 quitum

232 2186 305 2234 fatris
319 2191 375 2248 cst,¹
390 2187 414 2235 si
432 2188 589 2252 imprudens
602 2189 679 2249 fecit,
699 2187 835 2253 piaculari
853 2186 944 2236 hostia
963 2187 1040 2235 faeta
1059 2187 1193 2251 piabitur3
1213 2187 1237 2235 si
1255 2186 1374 2251 prudens

233 2253 314 2313 dixit,
341 2254 374 2314 Q.
399 2255 507 2303 Mucius
527 2255 688 2320 ambigebat
711 2271 771 2304 curn
791 2255 897 2319 expiari
916 2260 946 2303 ut
964 2255 1147 2321 impiumpon
1166 2270 1254 2319 posse.
1290 2256 1374 2302 iuter·

232 2321 285 2369 cisi
303 2321 363 2370 dies
382 2328 444 2371 siunt
462 2339 511 2387 per
522 2340 587 2387 quos
605 2339 685 2372 mane
705 2329 732 2371 et
750 2323 860 2387 uesperi
879 2326 921 2371 est
933 2322 1026 2382 nefas,
1052 2321 1142 2371 medio
1161 2327 1283 2385 tempore
1302 2323 1374 2371 inter

231 2386 350 2437 hostiam
373 2404 483 2439 caesam
509 2398 536 2439 et
559 2398 622 2441 eata
640 2396 767 2455 porrecta
787 2390 843 2452 fas;
866 2406 883 2437 a
907 2405 959 2453 que
985 2388 1054 2453 quod
1077 2389 1120 2438 fas
1142 2394 1197 2439 tum
1215 2389 1373 2449 intercedit,
1403 2390 1408 2395 '

233 2461 280 2504 aut
293 2472 325 2505 eo
339 2461 381 2505 est
393 2457 552 2507 intercisum
567 2459 657 2516 nefus,
671 2457 841 2507 intercisum.
865 2457 926 2505 dies
940 2458 985 2521 qui
998 2462 1111 2505 necatur
1124 2458 1178 2506 sie:
1197 2455 1312 2517 Quando
1326 2472 1374 2505 rex

232 2524 387 2572 comitiauit
400 2526 457 2585 fas,
481 2525 504 2574 is
522 2526 611 2576 dietus
624 2527 660 2576 ub
675 2525 789 2590 eoquod
803 2524 952 2574 eodierer
970 2523 1150 2574 sacrifieiolus
1168 2525 1220 2572 itat
1238 2524 1273 2573 ad
1291 2524 1373 2573 eomi-

231 2591 313 2653 tium‚
333 2591 367 2640 ad
387 2593 455 2656 qued
472 2598 577 2658 tempus
596 2600 638 2643 est
654 2593 747 2654 nefas,
768 2592 802 2642 ab
821 2608 853 2641 eo
871 2593 928 2649 fam
952 2593 1045 2656 itaque
1065 2597 1126 2657 post
1144 2591 1171 2641 id
1190 2598 1296 2656 tempus
1311 2591 1373 2655 lego

232 2662 323 2706 aetum
335 2674 429 2724 saepe.
448 2661 508 2709 dies
521 2662 568 2725 qui
580 2667 706 2710 uocatur:
721 2661 836 2721 Quamlo
848 2665 966 2709 stoream
979 2659 1099 2709 delatum
1113 2661 1169 2721 sas,
1185 2660 1219 2708 ab
1233 2676 1265 2709 eo
1279 2658 1373 2724 appel-

231 2725 305 2775 latus
324 2727 393 2791 quod
418 2744 450 2777 eo
472 2729 517 2777 die
537 2746 571 2777 cr
589 2729 658 2778 aede
677 2729 779 2777 Vestae
798 2734 903 2778 stercus
921 2728 1057 2776 errerritur
1075 2732 1103 2776 et
1121 2744 1169 2792 per
1187 2727 1374 2791 Capitolinum

232 2793 331 2843 cliuum
350 2794 384 2860 iq
396 2794 486 2844 locum
505 2795 627 2844 defertur
651 2801 763 2845 eertum.
800 2797 860 2845 dies
877 2795 1009 2844 Alliensis
1028 2796 1063 2844 ab
1080 2794 1154 2844 Allia
1173 2795 1256 2844 flrruio
1274 2795 1373 2843 dictus.

187 2874 193 2891 ‘
232 2876 295 2909 nam
315 2861 353 2910 ibi
373 2863 497 2912 exercitu
519 2870 610 2913 nostro
635 2864 731 2927 fugato
755 2862 829 2912 Galli
852 2862 1018 2912 obsederunt
1040 2860 1172 2914 Romam’
1214 2862 1372 2913 Macrobius

232 2934 284 2977 sat.
309 2929 323 2978 I
348 2928 392 2991 lo,
414 2930 430 2978 2
454 2946 524 2995 sqq:
560 2932 662 2980 ‘Numa
686 2936 716 2979 ut
739 2931 768 2978 in
790 2946 898 2980 menses
922 2947 1036 2992 annum,
1061 2932 1101 2980 ita
1123 2932 1152 2979 iu
1175 2931 1235 2980 dies
1253 2946 1374 2979 mensem

232 3011 365 3060 quemque
389 2998 529 3047 distribuit
552 2999 664 3063 diesque
689 3014 782 3047 ornnes
806 3004 854 3047 aut
876 2999 964 3047 festos
988 3003 1036 3047 aut
1058 2999 1195 3061 profestos
1219 3003 1267 3047 aut
1289 2998 1374 3046 inter·

233 3064 305 3112 cisos
318 3065 440 3114 uocauiti
463 3067 529 3115 sesti
541 3066 601 3115 deis
618 3066 706 3114 dicati
724 3072 799 3115 sunt:
820 3066 935 3130 profesti
952 3065 1108 3115 bominibus
1127 3066 1160 3114 ob
1180 3066 1374 3115 administrau-

213 3130 294 3180 ·dam
313 3148 369 3180 rem
388 3135 526 3197 priuatam
545 3134 738 3198 publicamque
758 3134 898 3182 concessi:
918 3133 1042 3182 intercisi
1061 3133 1170 3182 deorum
1182 3133 1374 3197 bominumque

232 3214 388 3249 communes
411 3207 483 3250 sunt.
525 3200 605 3251 festis
630 3202 723 3250 insunt
747 3200 886 3249 sacrificia
910 3199 1008 3264 epulae
1032 3200 1090 3250 ludi
1111 3201 1213 3249 feriae:
1245 3200 1374 3263 protestis

231 3266 299 3315 fasti
317 3268 473 3317 comitiales
492 3269 688 3333 conperendini
707 3269 775 3317 stati
792 3267 957 3333 praeliares:
978 3269 1103 3317 intercisi
1122 3268 1150 3316 in
1165 3283 1193 3317 se
1207 3284 1262 3316 non
1275 3269 1303 3316 in
1318 3267 1374 3315 alia

232 3332 403 3384 diuiduntur:
429 3335 537 3384 illorum
563 3337 634 3386 enim
658 3336 762 3384 dierum
782 3335 945 3399 quibusdam
969 3335 1043 3384 boris
1063 3337 1107 3383 sas
1130 3340 1186 3395 est,
1211 3335 1390 3398 quibusdam‘

233 3402 276 3450 sas
295 3418 349 3451 non
368 3408 410 3452 est
429 3404 471 3452 ins
490 3404 592 3452 dicere.
630 3420 692 3453 nam
711 3419 771 3452 cum
789 3402 881 3452 hostia
900 3402 1034 3462 caeditur,
1056 3403 1109 3451 fari
1129 3402 1208 3450 nefas
1228 3407 1282 3451 est:
1303 3403 1375 3450 inter

233 3484 316 3518 caesa
346 3473 374 3518 et
402 3476 529 3535 porrecta
558 3471 612 3520 sari
641 3470 720 3519 lieet:
757 3486 849 3519 rursus
877 3486 937 3519 cum
966 3469 1092 3518 adoletur
1114 3485 1168 3517 nou
1194 3469 1269 3519 licet.
1310 3485 1375 3532 ergo

232 3535 266 3585 de
289 3537 426 3588 diuisione
451 3541 581 3587 festorum
605 3543 632 3587 et
654 3539 836 3602 profestorum
859 3538 964 3587 illerum
992 3536 1075 3586 latius
1102 3535 1290 3585 disserendum
1314 3534 1398 3585 est'·

235 3602 265 3653 13
283 3621 356 3669 sqq:
388 3604 468 3655 ‘baec
491 3606 525 3655 de
549 3606 627 3655 iestis
652 3612 679 3655 et
702 3607 749 3670 qui
772 3606 835 3654 inde
854 3609 1018 3666 nascuntur,
1039 3606 1085 3669 qui
1104 3605 1188 3653 etiarn
1205 3604 1310 3652 nefasti
1329 3619 1376 3652 uo-

233 3678 338 3721 cantur.
375 3688 447 3722 nunc
470 3674 503 3722 de
528 3674 659 3738 profestis
682 3678 710 3722 et
733 3673 779 3737 qui
803 3690 836 3721 ex
859 3672 902 3721 bis
926 3673 1077 3737 procedunt
1101 3671 1254 3735 loquamur,
1282 3672 1310 3720 id
1334 3676 1375 3720 est

233 3739 313 3789 lastis
337 3741 525 3790 comitialibus
548 3740 759 3806 conperendinis
782 3741 862 3789 statis
881 3740 1072 3804 praeliaribus.
1110 3739 1175 3788 fasti
1198 3746 1261 3787 sunt
1280 3739 1376 3803 quibus

234 3804 301 3856 licet
320 3808 373 3857 lari
397 3810 519 3873 praetori
542 3810 597 3857 tria
620 3807 706 3857 uerba
729 3808 876 3857 sollemnia
898 3807 931 3856 do
955 3807 1017 3856 dieo
1041 3800 1219 3867 addie03‘bis
1243 3807 1376 3856 contrarii

233 3880 296 3922 sunt
314 3876 432 3924 nefasti:
453 3875 608 3926 comitiales
627 3880 690 3925 suut
709 3876 806 3939 quibus
826 3892 885 3924 cum
905 3875 1004 3939 populo
1019 3876 1065 3940 agi
1077 3874 1158 3935 licam
1178 3879 1205 3922 et
1224 3875 1304 3924 fastis
1318 3875 1375 3939 qui-

232 3940 294 3990 dem
317 3942 380 4006 lege
404 3944 451 4007 agi
473 3948 591 4009 potest,'
605 3960 664 3993 euni
687 3943 787 4008 populo
811 3958 865 3993 non
887 3948 993 4007 potest,
1023 3941 1209 3992 comitialibus
1232 3950 1376 4007 utrumque

527 4014 536 4039 Ι

320 4173 330 4224 l
346 4161 507 4221 abstenere
523 4156 562 4219 B¹
578 4158 591 4240 ΙΙ
607 4164 735 4241 profesti
748 4158 787 4220 B²
802 4158 817 4242 Η
831 4161 897 4221 dies
912 4183 966 4221 em.
983 4164 1069 4221 BGM
1081 4156 1095 4243 ss
1110 4161 1210 4222 alesti
1224 4156 1261 4219 ΒΙ
1278 4157 1292 4238 ll
1306 4180 1376 4218 con·

231 4248 325 4305 traria
341 4250 366 4304 A
380 4241 394 4328 {J
408 4247 566 4324 relegione
582 4244 645 4306 A¹G
660 4241 676 4327 ΙΙ
690 4247 853 4307 festinante
876 4247 996 4306 uude&
1014 4243 1052 4303 Β1
1072 4247 1143 4306 sesti
1162 4243 1308 4304 tantunde
1323 4245 1378 4302 otii

233 4331 258 4389 (t
271 4328 310 4388 13²
326 4326 339 4411 ΙΙ
355 4332 542 4390 tantrrmdem
557 4336 580 4390 G
596 4327 609 4413 ll
624 4342 641 4394 3
654 4330 820 4405 relegionis
835 4326 899 4389 A¹G
915 4326 927 4412 ll
942 4331 1088 4409 postridie
1100 4328 1260 4389 Kalendas
1271 4328 1390 4387 Nonas'

232 4415 306 4475 Idus
324 4419 424 4474 addidi
436 4411 450 4498 ΙΙ
464 4424 482 4477 t
497 4417 661 4474 eommunia
680 4413 725 4473 M²
742 4410 756 4496 ΙΙ
771 4413 853 4473 sider
873 4436 910 4473 ss
927 4412 966 4473 B¹
981 4414 1130 4474 Sideralis
1144 4417 1168 4472 G
