3218 5000
632 422 674 466 ns
697 420 838 468 uersare
861 423 970 468 asara
1312 411 1375 475 237

231 568 340 658 adque
362 571 422 635 aab
445 570 533 635 nabe
554 572 664 636 latens
682 579 741 635 aut
762 573 789 636 si
815 571 952 636 dimidia
973 581 1065 659 parte
1087 576 1289 659 apparuerit,
1317 575 1377 638 im·

231 672 308 737 brea
331 672 469 737 futuros.
498 674 576 736 item
599 671 703 736 Varro
725 673 787 736 ait:
823 674 864 736 ‘si
886 674 1037 738 exoriens
1055 694 1223 738 concauus
1247 676 1376 740 uidebi-

231 782 287 839 tur
302 775 348 837 its
369 774 453 837 utin
475 773 583 838 medio
604 771 730 859 fulgeat
744 782 777 837 et
791 773 902 838 radios
917 774 1017 838 faciat
1036 775 1154 862 partim
1174 776 1215 839 ad
1231 786 1378 843 austrum

231 874 352 959 partlm
384 873 427 938 ad
454 873 658 960 aquilonem,
690 883 917 961 tempestatem
946 875 1113 940 humidam
1147 884 1181 941 et
1209 884 1379 942 uentosam

211 975 306 1039 tiore
321 975 512 1060 significat!
522 976 598 1039 item
616 975 717 1040 idem:
736 975 778 1038 ‘si
795 975 868 1056 sol',
886 976 1009 1062 inquid,
1027 978 1155 1042 ‘rubeat
1168 981 1214 1060 (in
1232 978 1377 1063 occasu),

234 1076 373 1139 sinceris
394 1075 465 1140 dies
488 1077 568 1157 erit3
596 1075 623 1138 si
642 1076 780 1162 palleat,
809 1085 1034 1164 tempestatem
1057 1079 1243 1164 significat'
1286 1080 1378 1166 Nigi-

233 1175 309 1240 dius
335 1196 466 1263 quoque
492 1177 588 1257 dicit,
616 1178 644 1241 si
670 1177 814 1264 pallidus
840 1176 889 1244 sol
916 1180 951 1242 iu
979 1180 1090 1264 nigras
1115 1179 1220 1246 nubes
1241 1180 1378 1259 occidat,

234 1276 419 1373 aquilonem
443 1285 576 1341 uentum
599 1279 796 1362 significare.
1220 1262 1228 1277 ’

320 1430 631 1514 Pnsnrunurrs'est
660 1429 793 1495 morbus
828 1429 893 1495 late
920 1454 1047 1519 uagans
1079 1442 1112 1498 et
1140 1436 1291 1520 contagio
1321 1427 1492 1501 suol53*

235 1582 286 1632 per
312 1566 486 1632 significant,
522 1572 621 1631 quarta
653 1573 747 1618 tamen
774 1582 910 1619 maxume.
961 1586 1046 1622 cornu
1075 1572 1134 1622 eius
1161 1571 1378 1638 septentrionale

238 1635 424 1684 acuminatam
448 1640 531 1698 atque
554 1634 670 1699 rigidum
695 1634 772 1684 illum
795 1637 937 1701 praesagit
959 1645 1084 1701 uentum,
1107 1640 1225 1691 iuferius
1248 1646 1378 1701 austrum,

236 1708 352 1772 utraque
376 1708 453 1752 recta
477 1707 585 1751 noctem
608 1708 762 1751 uentossm.
802 1703 827 1752 si
850 1710 976 1767 quartam
1000 1706 1076 1757 orbis
1097 1707 1195 1757 rutilus
1219 1710 1327 1774 cinget,
1351 1713 1380 1757 et

236 1774 336 1821 nentes
365 1776 392 1818 et
415 1769 517 1818 imbres
545 1770 744 1833 praemoncbit.
790 1771 869 1835 Apud
892 1771 1042 1824 Varronem
1071 1776 1112 1824 ita
1140 1782 1195 1824 est:
1224 1777 1254 1827 Si
1282 1780 1379 1842 quarto

237 1837 283 1888 die
300 1838 368 1887 Inna
386 1837 438 1886 erit
456 1837 572 1897 directa,
591 1851 721 1902 magnam
738 1842 934 1903 tempestatem
952 1840 980 1888 in
998 1842 1067 1893 mari
1084 1844 1257 1907 praesagiet,
1283 1843 1380 1892 nisisi

238 1920 367 1955 coronam
385 1905 462 1954 circa
481 1919 510 1954 se
529 1904 644 1953 habebit
663 1910 691 1955 et
709 1919 770 1954 eam
782 1905 927 1968 sinceram,
947 1909 1074 1971 qnoniam
1092 1909 1141 1959 illo
1154 1910 1231 1960 modo
1245 1926 1300 1959 non
1313 1916 1379 1960 ante

237 1974 347 2039 plenam
371 1972 465 2022 lunam
484 1971 666 2021 hiematurum
689 1972 820 2022 ostendit.
856 1973 880 2022 si
901 1974 1054 2038 plenilunio
1077 1992 1126 2040 per
1148 1976 1289 2026 dimidium
1311 1992 1381 2042 pura

239 2045 305 2102 erit,
330 2041 389 2090 dies
413 2055 528 2090 serenos
550 2039 735 2103 significabit,
759 2040 783 2089 si
800 2040 885 2089 rutila
903 2046 1013 2103 uentos,
1039 2042 1199 2104 nigrescens
1216 2043 1320 2093 imbris.
1356 2045 1381 2094 si

239 2109 332 2174 caligo
355 2108 429 2157 orbis
453 2107 551 2156 nubem
570 2106 727 2169 incluserit,
753 2112 851 2157 uentos
874 2122 928 2172 qua
951 2124 989 2181 se·
1000 2110 1118 2173 ruperit,
1137 2111 1160 2159 si
1178 2111 1282 2190 gemIpi
1300 2111 1381 2160 orbes

239 2176 390 2236 cinxerint,
414 2175 545 2224 maiorem
568 2179 762 2238 tempestatem
781 2179 810 2223 et
827 2175 931 2240 magis,
954 2176 977 2224 si
1002 2181 1058 2225 tres
1076 2183 1155 2225 erunt
1174 2184 1221 2227 aut
1239 2179 1320 2241 nigri,
1340 2178 1381 2227 in·

238 2244 356 2309 terrupti
375 2250 458 2307 atque
477 2242 612 2291 distracti.
648 2257 768 2291 nascens
786 2242 851 2291 luna
869 2244 893 2291 si
912 2259 996 2292 cornu
1014 2243 1153 2308 superiore
1172 2244 1299 2294 obatrato
1322 2260 1382 2294 snr-

240 2319 296 2379 get,
310 2311 419 2376 pluuias
437 2311 602 2359 decrescens
620 2310 711 2371 dabit,
731 2309 754 2357 si
766 2310 908 2373 interiore,
926 2315 990 2359 ante
1003 2310 1193 2374 plenilunium,
1212 2314 1235 2361 si
1249 2313 1276 2361 in
1289 2313 1381 2362 media

239 2379 353 2445 nigritia
365 2378 415 2427 illa
428 2377 521 2436 fuerit,
534 2377 647 2426 imbrem
661 2377 689 2424 in
702 2376 863 2441 plenilunio.
889 2379 913 2426 si
923 2378 1007 2441 plena
1022 2379 1097 2428 circa
1109 2393 1139 2427 se
1153 2379 1267 2429 babebit
1279 2380 1380 2441 orbem,

241 2464 274 2498 ex
287 2462 341 2512 qua
353 2447 467 2511 parteis
479 2459 604 2494 maxunre
616 2443 781 2510 splendebit,
801 2460 834 2494 ex
843 2460 880 2509 pa
891 2451 1001 2494 uentum
1013 2446 1148 2496 ostendet.
1172 2448 1196 2495 si
1208 2448 1237 2496 in
1250 2453 1311 2507 ertu
1322 2463 1380 2497 eor·

239 2531 295 2566 nus
313 2514 449 2565 crassiora
468 2512 583 2572 fuerint,
603 2511 740 2561 horridam
758 2517 962 2576 tempestatem.
990 2514 1014 2562 si
1033 2519 1098 2562 ante
1117 2521 1243 2578 quartam
1260 2530 1314 2563 non
1334 2513 1381 2564 ad-

240 2583 363 2650 parnerit
380 2586 465 2631 uento
489 2579 602 2629 inuenio
620 2580 719 2642 flaute,
745 2578 872 2629 hiemalis
890 2585 948 2629 toto
966 2596 1059 2630 meuse
1078 2581 1140 2631 erit.
1176 2582 1200 2631 si
1217 2582 1281 2631 XVI
1298 2583 1382 2631 uehe-

240 2652 359 2701 mentius
377 2644 697 2712 flammea'sdparuerit,
726 2662 839 2711 asperas
862 2652 1042 2713 tempestates
1064 2649 1233 2715 praesagiat.
1268 2655 1332 2699 sunt
1354 2655 1383 2699 et

241 2721 327 2785 ipsias
345 2718 428 2767 lunae
446 2716 519 2785 VI}
532 2714 658 2777 articuli,
685 2716 812 2780 quotiens
835 2716 864 2764 in
883 2715 998 2779 angulos
1016 2716 1082 2767 solis
1101 2717 1218 2777 incidat,
1243 2716 1382 2782 plerisque

241 2789 314 2838 inter
337 2801 384 2837 eos
407 2788 514 2834 tantum
537 2782 748 2832 obseruantibus
772 2783 920 2847 praesagia
944 2782 1015 2843 eius,
1042 2784 1094 2833 hoc
1119 2792 1161 2833 est
1184 2785 1232 2835 111.
1252 2786 1314 2835 vn.
1333 2785 1382 2834 XI.

241 2857 299 2906 XV.
318 2853 432 2904 XVIIII.
451 2850 554 2900 XXIII.
575 2850 686 2900 XXVII.
707 2856 734 2899 et
752 2848 952 2914 plenilunium)
981 2850 1043 2901 361:
1068 2852 1258 2918 ‘praesagiunt
1277 2859 1305 2902 et
1323 2853 1383 2902 ani-

243 2923 340 2973 malia:
359 2918 483 2985 delphini
501 2917 650 2982 tranquillo
670 2917 737 2967 suari
757 2918 934 2970 lasciuientes
947 2919 1040 2968 flatum
1054 2935 1087 2968 ex
1100 2936 1154 2984 qua
1166 2921 1280 2970 ueniunt
1294 2926 1383 2986 parte,

242 2992 308 3041 item
326 2991 490 3055 spargentes
509 3001 617 3049 aquam,
638 2985 720 3035 iidem
739 2985 849 3035 turbato
866 2986 1105 3050 tranquillitatem.
1141 2987 1237 3053 lolligo
1251 2988 1381 3049 uolitans,

243 3058 367 3109 conchae
386 3055 628 3113 adhaerescentes,
649 3053 741 3102 echini
760 3053 914 3117 adfigentes
933 3069 994 3103 sese
1014 3061 1062 3104 aut
1079 3055 1186 3104 harena
1204 3057 1383 3104 saburrantes

244 3125 418 3191 tempestatis
442 3122 522 3186 signa
546 3118 634 3170 aunt'
652 3137 677 3169 e.
701 3136 726 3185 q.
752 3135 774 3169 s.
811 3121 848 3170 cl.
867 3121 989 3171 Basilius
1006 3121 1068 3171 hex.
1088 3139 1152 3188 pag.
1170 3122 1204 3173 ta
1220 3123 1249 3172 b.
1268 3139 1291 3173 c.
1311 3122 1337 3173 d·
1358 3140 1383 3172 e.

243 3195 363 3245 Isidorus
382 3192 470 3255 origg.
490 3188 565 3238 XIII.
747 3194 753 3203 '

331 3257 401 3315 153*
412 3257 534 3310 Isidorus
546 3255 579 3304 de
593 3261 693 3304 natura
710 3270 798 3304 rerum
815 3255 989 3307 XXXVIIII:
1015 3256 1070 3306 ‘De
1082 3256 1253 3322 pestilentia.
1271 3257 1384 3307 Pesti-

331 3406 418 3477 Iatq3
436 3400 462 3454 Β
483 3388 497 3474 ΙΙ
519 3391 681 3451 dimediam
697 3395 721 3448 A
736 3390 878 3450 demedio
895 3389 935 3449 B¹
948 3392 1080 3452 demidio
1097 3391 1136 3453 B²
1155 3392 1309 3454 dimidiam
1321 3395 1355 3451 M
1371 3387 1385 3475 ΙΙ

244 3492 362 3564 partem
374 3485 433 3540 ΑΜ
445 3478 459 3562 ΙΙ
473 3486 491 3539 2
506 3478 623 3535 futuras
636 3479 688 3535 ΑΒ
701 3471 715 3556 ΙΙ
731 3476 773 3534 sit
784 3496 838 3535 om.
854 3473 890 3534 Αι
905 3476 978 3536 dicit
993 3482 1016 3536 L
1038 3471 1044 3559 Ι
1060 3498 1209 3538 concacus
1221 3474 1259 3535 Αι
1278 3497 1386 3537 conca·

244 3571 291 3628 uis
307 3564 344 3626 B¹
360 3586 511 3625 concauus
527 3565 551 3619 G
564 3571 729 3619 concsutus
741 3562 776 3619 M
779 3558 784 3596 ¹
802 3559 816 3642 ΙΙ
830 3560 1006 3621 uideaturB
1021 3558 1026 3644 Ι
1050 3562 1121 3640 aut]
1139 3575 1191 3622 sut
1203 3560 1238 3620 Α1
1255 3558 1269 3643 ΙΙ
1285 3563 1316 3620 ἱη
1331 3582 1386 3624 em.

246 3651 283 3713 Β1
302 3672 319 3711 e
336 3647 387 3732 Gll
401 3650 503 3710 media
521 3640 575 3727 ΒΙΙ
590 3644 694 3704 radius
711 3645 833 3705 Gradio
851 3642 887 3704 A¹
903 3640 916 3727 ΙΙ
932 3646 1007 3707 facit
1021 3652 1046 3705 A
1060 3643 1073 3730 ΙΙ
1088 3656 1204 3726 partem
1219 3643 1283 3706 GB¹
1299 3656 1386 3725 parte

246 3734 286 3797 B²
306 3733 320 3819 ΙΙ
341 3737 520 3795 austrssssti
541 3730 585 3787 ΜΙ
607 3723 620 3809 ΙΙ
640 3739 657 3791 4
678 3740 796 3808 partem
815 3733 868 3790 BG
885 3728 899 3813 ΙΙ
922 3731 962 3791 ad
986 3752 1038 3789 om.
1060 3735 1088 3788 B
1106 3730 1120 3812 ΙΙ
1142 3730 1292 3812 aquilonis
1317 3728 1354 3788 B²
1371 3726 1386 3813 ΙΙ

245 3829 426 3900 tempestate
443 3818 482 3878 Β2
502 3812 518 3900 ΙΙ
538 3814 671 3874 umidam
689 3816 736 3872 CI)
757 3815 890 3874 umidam
911 3816 976 3875 iore
994 3819 1021 3874 B
1040 3811 1054 3898 ΙΙ
1074 3825 1251 3875 uentuosarn
1272 3817 1330 3875 GM
1341 3810 1387 3897 ΙΙΞ)

245 3911 311 3965 fore
333 3925 386 3963 om.
408 3908 435 3963 B
448 3900 462 3987 ΙΙ
477 3903 543 3962 fore
563 3900 715 3976 significat
737 3920 791 3958 om.
809 3903 860 3959 EG
882 3896 896 3981 ΙΙ
916 3902 1014 3981 inquit
1030 3896 1144 3959 B²CDL
1161 3902 1226 3981 quit
1243 3898 1282 3958 B¹
1304 3897 1318 3981 ΙΙ
1339 3920 1388 3959 ru·

245 3991 310 4050 bist
327 3993 352 4047 Α
366 3982 381 4071 ΙΙ
395 3991 427 4050 in
444 4006 556 4048 occasu
585 3987 694 4043 addidit
714 3987 839 4043 Grinlius
854 4003 870 4042 e
887 3988 975 4043 schol.
997 3988 1092 4043 Germ.
1110 3990 1128 4044 1.
1144 4005 1168 4046 c.
1185 3981 1347 4066 {lacunaris
1364 3987 1387 4041 G

245 4074 452 4135 sincerissima
469 4076 492 4131 I
506 4068 520 4154 ΙΙ
536 4080 553 4132 6
571 4069 635 4128 fore
652 4068 717 4143 dies
733 4072 812 4127 ΒΕΘ
826 4071 891 4128 fere
907 4070 972 4128 dies
990 4073 1083 4129 estat
1095 4074 1162 4129 libri
1181 4072 1259 4129 ferte
1275 4069 1341 4128 dies
1361 4070 1389 4127 Β

247 4161 312 4220 dies
327 4161 406 4218 forte
423 4155 591 4239 lupellos
609 4149 644 4210 A¹
661 4148 674 4233 ΙΙ
688 4161 871 4231 tempestate
885 4160 909 4211 A
928 4163 1124 4232 tempestates
1142 4157 1165 4213 G
1180 4149 1193 4236 ΙΙ
1210 4156 1252 4214 ait
1267 4171 1387 4234 quoque

248 4248 277 4303 Β
294 4240 307 4327 ΙΙ
328 4253 343 4308 7
363 4242 497 4321 pallidus
520 4237 624 4319 inquid
642 4240 780 4298 ADGLM
801 4236 934 4317 pallidus
958 4238 1054 4319 inquit
1071 4242 1150 4296 BCE
1168 4235 1181 4317 ΙΙ
1201 4238 1246 4295 sol
1272 4241 1277 4313 Ι
1303 4238 1386 4315 aqui·

246 4331 347 4389 Ionem
366 4331 392 4384 A
409 4331 524 4385 reliceris
540 4326 651 4384 causata
670 4319 684 4406 ΙΙ
703 4325 745 4400 in}
761 4321 825 4380 &B
840 4318 1054 4404 naucularum
1073 4328 1096 4381 G
1113 4319 1127 4407 ΙΙ
1141 4322 1293 4399 significat
1307 4324 1357 4379 DL
1373 4316 1385 4401 Ι

246 4425 394 4480 auacans
413 4405 466 4493 ΒΙΙ
481 4420 511 4470 et
526 4430 579 4468 em.
599 4405 649 4491 ΒΙΙ
665 4409 784 4488 cotagio
801 4404 840 4465 B¹
875 4446 879 4452 -
