3194 5004
255 378 317 442 488
673 376 703 441 iu
719 399 818 442 vrrsu
833 399 980 440 runenrn

135 556 145 564 '
255 554 288 613 in
311 553 380 631 plus
401 554 511 631 uiginti
535 553 684 632 exemplis
706 572 770 611 non
792 553 916 630 repperi
944 553 1003 611 nisi
1026 555 1162 633 quinque
1184 553 1301 613 ordinis
1323 576 1394 615 con·

255 657 355 728 trarii,
388 656 415 714 si
440 655 530 714 modo
556 654 594 713 ab
619 676 749 714 unorum
775 658 900 713 ciuilium
929 658 1066 714 bellorum
1103 654 1172 735 (v'el
1194 660 1288 715 ciuilis
1312 654 1392 734 belli)

256 759 412 817 mentione
433 759 611 829 recesseris,
637 759 670 816 in
698 778 757 837 quo
784 777 899 834 genere
924 759 990 817 solo
1012 759 1228 833 latisssima,
1251 760 1394 839 quatiens

255 859 414 938 praecedit
427 859 627 933 adiectirum,
645 858 727 918 idern
743 856 988 938 postponitur*).
1234 866 1236 871 ’

338 961 414 1039 Peg.
430 960 522 1035 28,3
543 971 569 1019 cl
585 970 671 1021 nulus
690 966 728 1020 sil
742 971 769 1019 et
782 972 926 1031 mortuus,
948 981 1004 1041 pro
1027 982 1064 1020 eo
1087 961 1168 1042 quod
1190 962 1266 1021 inde
1287 962 1326 1021 ab
1341 964 1394 1023 Al·

257 1062 331 1122 dina
346 1065 487 1142 vulgatur
501 1072 587 1122 uatus
599 1068 636 1121 sil
647 1073 675 1122 et
690 1074 833 1137 mortuus,
851 1063 976 1122 dubium
990 1065 1043 1123 vix
1059 1072 1105 1123 est
1121 1066 1194 1145 quin
1210 1073 1293 1124 recte
1310 1084 1394 1124 eruu-

255 1175 304 1224 tur
320 1185 337 1224 e
352 1165 497 1225 librorum
513 1168 662 1245 scriptura
682 1175 823 1226 natusest
840 1176 867 1225 cl
881 1175 1025 1225 mortuus:
1044 1165 1096 1225 ubi
1112 1167 1237 1245 elapsae
1253 1166 1291 1225 ab
1307 1168 1393 1227 initio

256 1278 283 1325 cl
298 1269 481 1346 particulae,
507 1289 597 1349 quam
619 1270 804 1347 geminatam
827 1270 956 1349 requirit
975 1268 1212 1346 argumentandi
1227 1268 1393 1342 evidentia,

255 1374 323 1451 ipse
339 1372 466 1429 vitiosus
482 1383 523 1430 cst
538 1371 723 1431 indicativus
739 1370 853 1431 indicio
865 1381 926 1433 cst.

340 1473 376 1533 V.
392 1473 448 1546 1⁰,
469 1473 522 1532 ubi
538 1494 660 1553 prorsus
676 1474 852 1534 necessaria
866 1483 916 1532 aul
936 1474 1101 1553 particula,
1125 1475 1178 1553 qui
1196 1475 1275 1534 tucri
1297 1476 1394 1532 Niimi·

256 1582 345 1636 disat
363 1578 491 1634 Gaetulis
505 1576 635 1635 Rothius
650 1575 681 1654 p.
702 1583 747 1638 177
764 1577 913 1654 poluerit,
930 1595 1023 1653 aegre
1038 1576 1213 1655 intellegas.

340 1677 461 1737 Ibidem
476 1676 599 1756 prodita
622 1677 755 1737 inlibris
772 1677 867 1736 verba
888 1682 927 1736 ad
946 1681 1045 1736 ducem
1066 1698 1216 1737 romanum
1240 1683 1396 1753 peruenire

252 1786 397 1855 potuisse,
419 1781 452 1839 in
475 1779 582 1859 quibus
604 1781 743 1859 ineptum
759 1789 805 1839 est
821 1780 929 1839 ducem
949 1782 1139 1860 potissimum
1160 1783 1393 1854 commemorari,

257 1885 314 1942 etsi
345 1882 384 1941 ad
415 1901 522 1940 sanam
552 1881 745 1961 eandemque
776 1884 850 1941 satis
881 1877 1041 1961 eleganter
1069 1885 1183 1943 elatam
1212 1886 1396 1943 sententiam

257 1986 437 2063 Schopenns
464 1983 546 2062 apud
567 1984 805 2045 Fleckeisenum
831 1986 929 2064 praef.
953 1987 1025 2044 Ter.
1052 2006 1083 2065 p.
1107 1998 1129 2042 V
1156 1988 1200 2045 sic
1223 1987 1395 2045 revocavit:

256 2091 364 2147 adduci
377 2089 498 2145 Romam
517 2090 611 2160 ibique
624 2090 743 2145 uacnire
760 2092 903 2161 poluisse,
926 2098 1029 2146 tamen
1054 2106 1105 2147 cur
1123 2088 1206 2148 haud
1227 2089 1331 2167 paullo
1351 2089 1394 2147 le·

256 2191 374 2249 niorem
389 2189 495 2248 Iacobi
512 2188 661 2249 Gronovii
679 2189 927 2265 emendationem
946 2207 1127 2269 spernamus
1149 2184 1236 2249 cilium
1257 2191 1287 2249 h.
1305 2211 1331 2251 e.
1347 2194 1396 2248 cla·

211 2314 213 2324 ¹
256 2296 362 2350 minum
377 2312 433 2370 pro
449 2296 549 2351 ducem
566 2293 760 2369 reponentis‚
783 2311 1004 2351 caussamnon
1027 2292 1131 2352 video.
1174 2295 1251 2352 Esto
1272 2300 1305 2352 ut
1326 2314 1396 2373 pro·

256 2396 355 2473 prium
376 2394 416 2452 sit
439 2393 500 2471 f‘de
523 2393 619 2451 servis
641 2392 838 2453 vaenulibus'
860 2397 967 2453 adduci
986 2393 1128 2453 verbum:
1156 2403 1187 2454 at
1212 2414 1272 2454 nec
1296 2396 1395 2455 minus

257 2497 381 2576 proprie
407 2496 459 2554 vel
483 2494 656 2555 hereditate
683 2496 734 2553 vel
761 2496 917 2574 emptione
943 2515 991 2555 res
1017 2495 1176 2575 quaelibet
1199 2496 1240 2555 ad
1263 2497 1397 2577 aliquem

254 2601 410 2672 peruenire
427 2597 550 2671 dicitur,
574 2617 633 2656 nec
649 2597 773 2656 omnino
790 2598 980 2676 proprietate
996 2598 1158 2658 verborum
1181 2618 1257 2677 opus
1278 2608 1324 2657 est
1345 2598 1396 2657 ubi

257 2701 334 2760 nihil
359 2700 419 2759 nisi
445 2699 504 2758 hoc
530 2701 643 2777 agitur,
670 2707 703 2757 ut
729 2719 793 2757 non
820 2699 960 2778 intellegi
983 2699 1155 2759 declaretur
1183 2699 1336 2779 quomodo
1358 2699 1396 2760 ab

257 2803 341 2861 Afris
357 2810 463 2880 captus
479 2810 573 2880 poeta
589 2821 694 2860 servus
709 2801 775 2860 fieri
788 2802 919 2861 Romani
934 2801 1066 2861 hominis
1082 2802 1225 2881 potuerit.
1254 2801 1397 2861 Ceterum
1454 2800 1459 2823 ⁸

256 2909 356 2962 ducem
371 2922 445 2961 uere
457 2903 585 2961 Rothius
602 2902 680 2961 dixit
695 2903 756 2962 iam
772 2902 809 2961 ab
827 2923 862 2962 eo
879 2904 990 2963 lectum
1006 2905 1058 2984 qui
1073 2904 1299 2983 epigrammatis
1313 2903 1397 2984 apud

256 3008 464 3065 Burmannum
486 3015 527 3075 ll,
544 3012 609 3077 220,
631 3004 715 3083 apud
729 3006 891 3084 Meyerum
910 3014 975 3079 845,
998 3006 1081 3089 hpnc
1100 3025 1223 3064 uersum
1245 3006 1319 3064 fecit
1341 3008 1398 3063 Re·

257 3110 349 3164 alanis
372 3109 491 3164 ducibus
516 3108 616 3163 bellica
637 3110 754 3179 maella
776 3107 832 3180 fui.
856 3106 970 3167 ·Vnde
1000 3126 1115 3165 rursum
1144 3108 1208 3165 vita
1233 3108 1396 3166 Petrarcae

257 3210 397 3288 profecta
418 3229 436 3265 a
451 3210 588 3266 Romanis
610 3211 730 3266 ducibus
748 3216 864 3283 capium
881 3206 964 3268 dicit.
1009 3207 1125 3267 Contra
1147 3209 1303 3289 Schopeni
1325 3229 1396 3267 con·

257 3312 392 3371 iacturae
408 3311 514 3370 favere
529 3311 593 3369 vita
608 3310 745 3370 Siceouis
761 3311 929 3370 Polentoni
946 3308 1086 3389 (Parerg.
1102 3311 1205 3369 Plaut.
1222 3331 1253 3388 p.
1270 3307 1334 3386 635)
1352 3311 1396 3367 vi·

258 3412 396 3486 deretur,
418 3413 451 3470 in
468 3432 529 3492 qua
544 3419 590 3471 est
602 3430 679 3485 puer
693 3421 796 3486 euplus
811 3417 881 3471 hello
896 3422 923 3470 el
938 3415 1058 3470 Romam
1073 3415 1192 3479 dmlus,
1213 3412 1274 3470 nisi
1290 3412 1344 3470 illa
1359 3431 1398 3471 ex

339 3595 364 3660 *l
384 3599 510 3663 Quinque
529 3613 598 3662 qnae
619 3599 707 3648 exemi
726 3597 852 3662 exempla
863 3597 933 3647 haec
947 3601 1024 3647 sunt:
1040 3597 1130 3653 hellam
1143 3595 1251 3647 Siculum
1268 3596 1336 3661 Aug.
1352 3594 1392 3657 lo,

257 3682 454 3744 Siciliensem,
479 3683 643 3746 Philippense
662 3683 730 3747 Aug.
750 3680 792 3731 29.
817 3682 882 3734 Tib.
901 3682 931 3743 5,
960 3684 1119 3733 Vitelliorum
1137 3682 1215 3731 Dom.
1236 3681 1259 3730 1.
1295 3681 1398 3731 Contra

258 3783 328 3832 quae
346 3782 448 3832 magna
465 3766 612 3816 multitudo
629 3765 727 3815 talium
745 3765 834 3815 volet:
855 3768 946 3817 Gallici
963 3769 1092 3831 rutilisque
1110 3765 1169 3815 helli
1186 3771 1214 3815 et
1233 3767 1326 3815 Gallici
1342 3766 1399 3815 belli

257 3852 308 3902 Iul.
326 3850 371 3913 56,
394 3852 496 3901 Gallicis
513 3840 583 3900 hellis
600 3848 647 3911 le,
667 3839 829 3915 Philippense
847 3851 934 3901 belhan
951 3852 1020 3914 Aug.
1043 3848 1083 3911 13,
1103 3851 1266 3914 Phllr'ppcnsc
1284 3856 1310 3899 el
1326 3849 1398 3899 Sicu-

256 3940 304 3987 am
322 3936 344 3986 a.
364 3937 402 3986 n.
421 3936 462 3997 22,
485 3918 606 3986 cerauriia
626 3935 791 4000 passaque
808 3934 832 3985 a.
852 3935 889 3984 n.
903 3935 944 3996 aa,
963 3935 1143 3984 lineriensis.
1163 3934 1200 3983 n.
1213 3932 1256 3995 ss,
1276 3933 1309 3982 aa
1327 3934 1397 3984 rheu.

246 4020 282 4084 ·1‚
303 4022 453 4071 Cantabrico
472 4021 495 4071 h.
513 4020 582 4085 Aug.
601 4016 648 4079 85,
668 4021 848 4070 Alexandrino
872 4005 1024 4079 ὸ.Τ11).’4,
1051 4019 1179 4069 Raeticum
1195 4020 1399 4084 Vindelicumque

257 4107 280 4156 l.
298 4104 323 4168 9,
342 4105 519 4155 Mithridatico
537 4105 561 4181 ὸὅ
579 4104 619 4165 37,
641 4105 789 4155 Germanico
808 4104 831 4155 h.
850 4104 913 4154 Ner.
932 4104 957 4165 4,
980 4104 1118 4154 Viriathini
1134 4103 1157 4152 h.
1178 4102 1259 4152 Galb.
1278 4101 1310 4166 3,
1328 4101 1399 4152 Scan·

256 4192 328 4241 luitici
344 4190 367 4240 l.
385 4190 441 4239 vit.
458 4185 480 4239 l.
500 4216 533 4224 —
553 4190 642 4239 Cluilia
659 4189 726 4238 della
744 4188 788 4238 val
806 4190 879 4238 daila
897 4187 984 4239 bellna
1001 4186 1088 4237 habes
1106 4185 1157 4236 Iul.
1177 4186 1217 4239 36.
1237 4187 1278 4235 42.
1296 4185 1338 4236 68.
1356 4186 1398 4237 83.

256 4273 304 4336 86,
323 4275 392 4339 Aug.
412 4271 458 4336 83,
480 4273 577 4331 Claud.
597 4272 642 4336 13,
659 4274 723 4324 Ner.
742 4274 774 4333 2,
792 4273 874 4339 Vesp.
893 4272 921 4334 7,
946 4274 1025 4322 Dom.
1044 4268 1091 4332 10,
1116 4271 1149 4320 da
1169 4272 1238 4321 rhet.
1259 4270 1288 4319 l:
1312 4271 1400 4320 bellica

257 4361 329 4408 clarile
346 4358 391 4408 vel
414 4359 480 4408 bella
497 4360 581 4408 ciuilia
603 4358 653 4408 Iul.
673 4357 715 4407 27.
735 4355 776 4408 50.
795 4357 835 4407 54.
855 4356 900 4417 75,
920 4355 989 4421 Aug.
1007 4354 1032 4405 9.
1051 4354 1094 4404 25.
1113 4355 1154 4406 32.
1173 4354 1221 4419 40,
1241 4353 1338 4404 Claud.
1357 4353 1397 4418 13,

257 4442 339 4508 Vesp.
354 4443 377 4491 1.
399 4442 438 4504 12,
457 4444 535 4493 Dom.
553 4426 578 4493 d.
596 4469 628 4477 -
648 4441 775 4492 Oetenum
793 4441 936 4491 finitimum
955 4454 1042 4505 genus
1059 4441 1142 4506 tetigi
1161 4440 1239 4505 adp.
1259 4437 1300 4509 3¹1,
1322 4437 1362 4489 13.
