3202 4998
266 377 327 438 396
588 395 812 444 oraasmouss
838 395 1063 436 svarourauau

267 567 334 605 cum
367 547 562 625 inscriptione
592 545 814 623 Thucydideae
838 546 938 604 vitae:
971 543 1183 619 Μαρκελλίνου
1214 540 1246 602 ἐκ
1271 545 1331 604 τῶν
1359 545 1399 615 είς

269 645 457 721 Θουκυδίδην
481 645 604 723 σχολίων
620 642 685 721 orpt
708 645 761 704 τοῦ
777 645 846 722 βίου
870 635 962 703 αὐτοῦ
987 643 1173 704 Θουκυδίδου
1197 641 1321 720 καὶτῆς
1347 645 1400 704 τοῦ

268 742 356 824 λόγου
369 744 456 819 ἰδέας.
487 750 546 807 iam
570 749 813 827 interpretationi
835 767 926 827 quarn
948 746 985 806 Ο.
1001 746 1126 805 Iahnius
1147 747 1167 805 l.
1184 767 1210 806 c.
1233 748 1399 826 proposuit,

265 849 415 907 sublatam
440 848 500 907 dici
522 852 616 909 vitam
642 850 680 908 d'e
706 849 919 908 commentario
949 868 1027 927 quae
1057 868 1095 906 ex
1124 848 1252 924 singulis
1277 848 1400 907 scholiis

264 950 357 1008 Probi
380 949 418 1008 ad
443 951 541 1028 ipsum
565 958 686 1030 poetam
708 951 845 1009 conlecta
867 952 922 1022 sit,
949 949 1007 1007 duo
1028 950 1206 1025 gravissima
1222 958 1401 1028 argumenta

265 1051 473 1111 adversantur.
518 1053 646 1130 primurn
671 1071 732 1109 non
761 1052 964 1128 intellegitur,
995 1070 1055 1129 qua
1080 1042 1301 1130 opportunitate
1329 1051 1400 1109 data

264 1153 395 1231 plurima
421 1173 499 1232 quae
525 1154 557 1211 in
578 1154 642 1211 vita
665 1152 808 1227 leguntur
833 1154 863 1210 in
886 1154 1099 1211 commentario
1129 1164 1239 1232 poetae
1263 1153 1401 1231 exposita

264 1254 390 1330 fuerint3
420 1250 531 1313 deinde
551 1274 611 1312 non
634 1262 737 1333 potest
753 1255 864 1330 negari
887 1254 918 1311 in
942 1253 985 1311 eis
1007 1272 1085 1331 quae
1108 1255 1140 1312 in
1158 1254 1223 1313 vita
1240 1262 1401 1312 narrantur

266 1364 379 1414 certum
400 1357 482 1414 vitae
504 1354 742 1415 conscribendae
767 1355 923 1413 consilinm
947 1353 1068 1432 dispici.
1099 1354 1257 1433 dispicitur
1278 1353 1400 1434 quidem

265 1456 472 1531 solummodo,
502 1477 572 1515 nam
591 1476 664 1515 sanc
682 1476 769 1534 ·quae
789 1456 881 1514 hodie
902 1457 940 1515 de
966 1446 1091 1534 antiqua
1110 1454 1202 1515 Probi
1224 1456 1289 1514 vita
1310 1474 1400 1532 super

266 1567 352 1629 sunt,
373 1578 475 1615 eorum
496 1556 633 1615 condicio
654 1564 716 1615 tam
736 1556 858 1616 turbata
882 1568 998 1638 est,·ut
1016 1559 1152 1637 proclive
1180 1558 1218 1617 sit
1242 1557 1337 1615 vitam
1362 1575 1399 1613 cx

265 1660 358 1719 variis
387 1659 509 1718 scholiis
535 1659 775 1735 consarcinatam
802 1678 870 1717 esse
897 1662 1052 1738 suspicari.
1091 1660 1147 1719 sed
1174 1679 1240 1717 cum
1266 1658 1400 1716 rationes

266 1782 341 1841 quas
363 1769 434 1819 ante
450 1760 577 1838 exposui
598 1759 635 1818 de
656 1759 709 1817 tali
729 1759 811 1818 vitae
828 1759 943 1835 origiue
960 1763 1093 1837 cogitare
1110 1782 1170 1819 non
1184 1759 1352 1838 patiantur,
1369 1757 1401 1815 in

265 1861 425 1941 propatulo
446 1871 493 1919 est
513 1882 568 1920 nos
590 1881 650 1919 non
669 1861 764 1920 vitam
786 1861 943 1939 antiquam
960 1861 1014 1919 sed
1033 1861 1152 1920 misella
1174 1863 1238 1920 eius
1256 1867 1400 1938 excerpta

265 1964 389 2022 habere.
423 1963 467 2022 sic
482 1964 584 2020 statim
600 1982 638 2020 ea
656 1980 736 2040 quae
751 1960 782 2017 in
800 1961 885 2018 initio
908 1970 1013 2021 extant
1028 1984 1058 2042 p.
1076 1971 1126 2035 ta,
1149 1974 1179 2025 15
1189 1981 1273 2041 sqq.,
1292 1969 1400 2019 utnon

264 2072 407 2143 poterant
425 2065 456 2122 in
477 2062 601 2121 scholiis
626 2062 781 2133 adnotari,
806 2062 849 2120 ita
868 2062 951 2121 vitae
978 2064 1099 2141 quidem
1121 2063 1176 2121 sed
1197 2063 1323 2141 turpiter
1347 2062 1402 2121 illa

266 2165 435 2224 deformata
451 2164 621 2240 fragmenta
639 2184 672 2223 se
689 2184 757 2223 esse
771 2163 911 2242 produnt.
948 2163 977 2222 in
994 2164 1109 2243 ‘quibus
1128 2167 1222 2224 etiam
1235 2163 1400 2222 notabilem

266 2285 399 2325 errorem
425 2274 586 2344 excerptor
609 2266 774 2337 commisit,
797 2284 864 2322 cum
885 2265 1025 2322 Persium
1045 2265 1215 2325 decessisse
1245 2263 1337 2323 tradit
1363 2268 1402 2323 ad

264 2375 397 2426 octauum
416 2371 568 2424 miliarium
588 2371 635 2424 uia
660 2371 755 2441 Appia
775 2371 805 2424 λυ
824 2369 957 2439 praediis
980 2371 1056 2436 suis,
1082 2386 1192 2445 nempe
1216 2374 1251 2424 ut
1276 2385 1400 2444 respon·

267 2466 374 2527 darent
393 2468 470 2527 haec
491 2469 536 2526 eis
556 2487 636 2546 quae
655 2468 854 2545 praecedunt.
890 2469 921 2526 in
941 2454 1005 2527 vita
1027 2474 1127 2525 autern
1151 2468 1276 2546 antiqua
1298 2468 1399 2526 nullus

187 2629 190 2634 ,
267 2566 370 2625 dubito
394 2567 466 2646 quin
483 2567 526 2624 sio
549 2566 695 2645 scriptum
713 2567 819 2627 fuerit:
836 2573 1020 2642 sepulteraest
1037 2571 1076 2625 ed
1095 2576 1228 2626 octauum
1247 2574 1399 2628 miliarium

266 2686 293 2726 e.
309 2688 338 2748 q.
355 2686 378 2727 s.
416 2686 578 2747 quaecum
598 2668 641 2726 ita
657 2668 727 2741 sint,
750 2690 810 2728 uon
824 2669 998 2729 mirabimur
1013 2669 1180 2728 sententias
1197 2690 1276 2749 quae
1295 2680 1400 2749 aperte

266 2769 465 2841 cohaereant,
491 2775 525 2824 ut
550 2768 585 2826 fit
611 2769 642 2826 in
670 2769 877 2847 excerpendo,
905 2771 970 2829 sins
1000 2769 1261 2830 coniunctionibus
1285 2772 1400 2850 positas

266 2890 345 2929 csse.
380 2869 411 2927 in
433 2869 480 2927 his
502 2867 594 2944 igitur
613 2869 781 2927 cavendum
804 2879 868 2943 est,
891 2890 930 2929 ne
951 2870 1100 2930 addendis
1123 2873 1165 2931 eis
1188 2893 1267 2951 quae
1292 2873 1401 2933 absunt

266 2970 418 3049 epitomae
440 2976 578 3027 naturam
600 2967 795 3030 obscuremus
818 2990 897 3029 neve
923 2971 1036 3032 frustra
1062 2973 1205 3052 antiquae
1231 2976 1313 3033 vitae
1341 2975 1400 3033 for·

264 3091 343 3130 mam
356 3088 536 3149 recuperare
548 3089 698 3129 conemur.
729 3073 772 3130 sic
787 3073 976 3132 intellectum
991 3081 1038 3132 est
1052 3075 1096 3132 eis
1109 3093 1188 3153 quae
1199 3095 1228 3154 p.
1245 3083 1289 3149 73,
1308 3089 1398 3156 seqq.

265 3169 420 3247 leguntur:
443 3191 507 3230 cum
528 3180 603 3230 esset
619 3192 760 3232 annorum
781 3176 872 3244 XVI,
891 3179 1016 3233 amicitia
1032 3179 1124 3248 coepit
1141 3180 1185 3232 uti
1202 3182 1315 3236 Annaei
1332 3181 1400 3237 Cor-

167 3270 174 3281 ’
265 3278 340 3344 nuti,
361 3278 402 3331 itu
423 3283 612 3348 utnusquam
632 3279 667 3333 ab
688 3293 720 3333 eo
741 3278 916 3337 discederetr
938 3280 1072 3334 inductus
1088 3280 1270 3349 aliquatenus
1287 3283 1316 3336 in
1334 3282 1400 3353 phi-

166 4474 182 4507 Ο

265 3377 421 3447 Iosophr'am
446 3384 489 3433 est
518 3375 646 3434 indicari
674 3396 692 3434 a
719 3376 853 3435 Cornuto
877 3377 1017 3435 Persium
1045 3379 1077 3436 in
1101 3377 1325 3456 philosophiam
1356 3379 1401 3436 in·
1479 3449 1483 3454 .

265 3475 387 3543 ductum
405 3495 489 3551 esse,
512 3496 602 3556 quam
620 3475 736 3536 obrem
750 3486 871 3536 veteres
891 3476 1024 3537 editores
1042 3478 1177 3537 violenta
1192 3498 1267 3538 sane
1282 3480 1401 3538 ratione

265 3576 320 3635 sed
345 3577 401 3636 tali
432 3577 570 3657 quidem,
597 3598 677 3659 quae
703 3579 813 3637 bonam
839 3579 1042 3658 coniungendi
1067 3577 1225 3672 formulam
1253 3578 1399 3652 efficeret,

264 3697 282 3734 a
300 3697 356 3751 quo
369 3682 503 3738 inductus
519 3681 714 3760 scripserunt.
744 3681 843 3740 lenior
859 3681 970 3741 deinde
988 3681 1114 3740 mutatio
1127 3681 1204 3739 haec
1216 3681 1341 3739 inventa
1354 3689 1402 3739 est

264 3782 451 3855 allucinatum
477 3780 533 3838 sed
548 3781 700 3840 sententia
718 3782 761 3840 sic
783 3784 924 3841 restituta
937 3803 997 3843 nen
1017 3783 1127 3842 dicitur
1142 3781 1223 3862 qnod
1239 3780 1401 3839 dicendum

266 3885 340 3937 erat.
370 3881 466 3955 magis
484 3883 574 3941 etiarn
588 3875 787 3961 pessumdata
805 3892 876 3943 sunt
889 3884 967 3943 haee
981 3883 1077 3942 verba
1094 3882 1176 3962 (pag.
1194 3890 1242 3954 74,
1262 3882 1399 3963 llsqq.):

264 3995 366 4036 uerum
387 4000 405 4037 a
427 3981 552 4043 Cornuto
569 3989 689 4044 sublatis
711 3989 803 4057 libris,
825 3990 979 4060 pecuniam
1001 3990 1162 4055 sororibus,
1187 4003 1261 4059 quas
1281 3989 1402 4044 heredes

260 4081 360 4155 frater
372 4082 500 4155 fecerat,
517 4089 639 4160 reliquit.
669 4085 779 4147 deinde
795 4088 906 4146 nomini
922 4088 1052 4147 Fuluiae
1066 4086 1226 4147 Sisenniae
1242 4086 1286 4166 (p.
1301 4093 1345 4159 ta,
1360 4084 1399 4164 1),

264 4200 343 4260 quae
361 4181 485 4263 quidem
508 4184 539 4242 in
555 4186 737 4247 editionibus
755 4196 851 4247 mater
869 4198 996 4268 poetae,
1016 4209 1095 4268 quac
1114 4197 1196 4261 erat,
1216 4189 1400 4267 appellatur,

263 4289 295 4347 in
308 4287 394 4346 libris
407 4286 484 4347 nihil
500 4289 670 4368 adponitur.

349 4390 386 4447 In
402 4382 511 4469 quibus
535 4389 672 4449 omnibns
688 4390 810 4468 inperiti
832 4390 1013 4451 breviatoris
1029 4412 1134 4451 manus
1152 4390 1399 4469 deprehenditur.
