3218 5000
653 361 695 402 oe
718 362 858 404 sarvam
879 364 989 407 ueavu
1332 351 1394 415 247

326 504 470 604 'Physiei
492 507 620 589 dieunt,
645 530 709 594 quo
730 516 875 594 tempore
897 508 1023 596 hiemps
1052 511 1121 593 hie,
1149 519 1306 576 aestatem
1330 503 1506 578 sublth*

247 607 344 673 terris
365 616 398 671 et
418 608 492 673 uiee
512 630 623 673 uersa:
661 622 697 673 ut
715 609 889 674 Lueretius
908 613 1067 689 ostendit,
1090 612 1252 697 putealem
1274 636 1394 700 aquam

249 715 372 773 aestate
396 708 658 793 frigidissimam,
682 711 788 776 hieme
810 732 889 777 uero
914 713 1121 799 tepediorem.

807 1022 838 1080 X

526 1138 585 1197 DE
616 1138 804 1200 Nervius
830 1140 1109 1199 ANIMAN'PIVM

229 1280 243 1323 ‘0
332 1284 480 1348 Leonum
503 1294 552 1349 est
576 1287 714 1350 fremere
736 1286 789 1350 uel
811 1289 931 1371 rugire.
956 1288 1112 1371 tigridum
1132 1310 1278 1351 rancore.
1318 1310 1391 1374 par·
1407 1280 1470 1350 161

247 1385 363 1450 dorum
384 1385 488 1451 felire.
516 1392 747 1473 pantherarum
769 1390 908 1452 earrrire.
931 1410 1081 1453 ursorum
1103 1412 1224 1452 uocare
1246 1388 1299 1453 uel
1324 1412 1392 1454 sae·

335 1589 412 1645 ¹60*
435 1593 525 1647 Schol.
549 1596 632 1644 Bern.
660 1611 754 1659 georg.
783 1596 840 1645 1111
862 1595 908 1645 51:
949 1595 1060 1645 Pulsam
1083 1593 1212 1659 hiemem]
1238 1595 1324 1646 ‘nune
1347 1612 1390 1647 se*

247 1661 363 1712 eundum
386 1661 550 1727 physicos
573 1662 655 1724 dieit,
687 1664 733 1727 qui
756 1663 877 1713 dieunt
973 1663 1194 1728 tepediorom.
1236 1664 1288 1713 hoe
1307 1666 1392 1714 sentit

246 1728 328 1788 (inuno
346 1730 507 1792 Suetonius)
526 1736 555 1779 et
572 1730 689 1779 Iunilius
707 1730 793 1780 dieit'
830 1732 941 1781 Servius
959 1730 976 1780 l.
998 1748 1036 1780 e.:
1074 1730 1231 1781 ‘seeundum
1250 1731 1388 1796 physicos,

235 1797 293 1860 ·qui
311 1798 415 1859 dieunt,
434 1812 486 1862 quo
505 1802 627 1862 tempore
646 1797 691 1848 hie
704 1798 790 1848 hiems
803 1806 855 1863 est,
875 1804 1011 1849 aestatem
1024 1814 1085 1848 esse
1103 1799 1153 1848 suh
1167 1800 1251 1850 terris
1267 1804 1296 1849 et
1307 1815 1390 1851 uersa

178 1884 185 1893 ·
246 1866 322 1926 uice,
354 1882 415 1915 eum
432 1865 480 1914 hie
499 1872 604 1926 aestas,
634 1865 692 1915 illie
716 1866 843 1915 hiemem.
880 1867 951 1931 quod
971 1868 1056 1915 etiam
1074 1867 1221 1915 Lueretius
1244 1868 1390 1930 exequitur

246 1936 275 1983 et
297 1933 383 1982 trahit
405 1933 434 1983 iu
456 1938 646 1998 argumentum
670 1932 812 1999 putealem
835 1950 951 1998 aquam,
980 1949 1050 1997 quae
1074 1938 1182 1983 aestate
1206 1934 1389 1998 frigidissima

246 2004 299 2059 est,
319 2001 409 2050 hieme
427 2016 493 2050 uero
512 1999 701 2050 ealidissirua.’
719 2003 917 2051 —Lueretius
935 2001 973 2050 VI
990 2000 1042 2049 aa}
1058 2016 1117 2065 sqq.

396 2068 523 2132 frigidior
541 2084 620 2133 porro
644 2069 672 2117 iu
690 2070 782 2133 puteis
801 2074 910 2119 aestate
929 2068 959 2117 fit
976 2084 1062 2129 umor,

396 2136 515 2185 rarescit
533 2137 598 2199 quia
616 2142 691 2185 terra
709 2136 809 2194 calore,
829 2144 857 2185 et
875 2137 983 2186 semina
1001 2136 1025 2185 si
1044 2150 1114 2199 quae

396 2204 468 2253 forte
486 2204 597 2268 uaporis
614 2203 699 2252 hahet
717 2206 836 2269 proprii,
859 2204 975 2253 dimittit
993 2204 1022 2252 in
1040 2218 1131 2254 arrras.

397 2287 450 2335 quo
468 2272 556 2335 magis
576 2277 618 2320 est
635 2271 721 2335 igitur
738 2271 820 2321 tellus
839 2270 924 2322 effeta
943 2271 1045 2333 calore,

395 2339 426 2388 lit
444 2355 551 2403 quoque
570 2339 697 2403 frigidior
715 2339 762 2403 qui
781 2339 809 2388 iu
827 2343 930 2389 terrast
948 2338 1059 2388 abditus
1076 2353 1161 2387 umor.

395 2406 498 2471 frigore
518 2422 579 2455 eum
596 2407 728 2471 premitur
746 2423 825 2471 porro
844 2407 931 2456 omnis
950 2412 1023 2456 terra
1041 2406 1152 2470 eoitquo

396 2480 423 2523 et
442 2476 522 2539 quasi
541 2475 709 2537 eouereseit,
728 2474 758 2523 lit
776 2474 887 2524 seilicet
906 2478 936 2522 ut
955 2473 1078 2523 coeundo

396 2543 533 2607 exprimat
550 2543 580 2591 iu
597 2548 695 2606 puteos
713 2543 738 2591 si
756 2558 836 2606 quem
854 2542 928 2607 gerit
945 2542 1006 2606 ipsa
1024 2541 1155 2590 oalorem.

244 2610 297 2659 Vbi
314 2609 511 2661 Laehmamms
534 2625 587 2659 uon
610 2609 669 2659 solo
688 2611 784 2659 Servio
807 2610 876 2659 duee
900 2609 1022 2659 ostendit
1040 2624 1094 2657 non
1112 2623 1203 2672 pauca
1222 2613 1287 2657 arete
1306 2610 1385 2672 haee,

242 2692 312 2743 quae
331 2677 613 2792 Lueretiuslorempli
632 2693 718 2728 eausa
735 2678 887 2742 posuisset,
905 2676 1089 2727 intercidisse.
1109 2701 1142 2710 -
1159 2678 1202 2725 De
1221 2693 1249 2725 re
1269 2677 1305 2727 es.
1325 2676 1385 2727 Ido-

245 2746 294 2797 ler.
314 2745 331 2795 l.
352 2762 375 2794 e.
415 2745 473 2793 ,22²
508 2760 522 2794 s
561 2785 568 2797 .

330 2811 373 2866 ttt
391 2762 514 2877 &angius
524 2762 611 2877 (gloss.
624 2812 694 2863 med.
709 2818 738 2862 et
755 2813 805 2862 inf.
817 2812 880 2862 lat:
896 2811 1031 2861 ‘Baulare
1041 2812 1067 2861 U
1069 2812 1175 2876 gutioui
1189 2811 1291 2861 latrare
1304 2817 1331 2861 et
1344 2818 1387 2863 est

242 2884 351 2945 proprie
364 2896 471 2932 eanum.
496 2896 558 2930 moa
576 2879 646 2930 haee
664 2880 754 2930 addit:
776 2881 923 2930 Siudouius
940 2882 1022 2943 (inimo
1041 2880 1202 2943 Suetonius)
1221 2880 1249 2929 in
1266 2879 1337 2929 libro
1351 2881 1385 2930 de

242 2952 347 3000 naturis
366 2964 454 2999 rerum
472 2949 551 3012 ponit
569 2949 679 3012 propria
691 2949 777 3008 uerba
795 2948 956 2998 animalium
974 2948 1123 2997 seeundum
1140 2963 1252 3009 uocem,
1272 2949 1385 3012 quaein

242 3023 320 3080 parte
338 3032 483 3083 ponemus:
508 3014 667 3065 Leonum'
693 3034 717 3066 o.
741 3034 766 3080 q.
792 3033 813 3065 s.
850 3014 1022 3066 Borhornius
1045 3016 1080 3064 ad
1098 3014 1192 3064 Plauti
1210 3015 1382 3065 hlenaeehm.

242 3084 298 3133 1111
316 3086 340 3145 2,
359 3084 405 3135 ul:
428 3084 523 3133 ‘Vetus
541 3084 737 3147 grammaticus
755 3084 894 3144 Sidoniae,
914 3084 992 3133 euius
1010 3083 1197 3146 fragmentum
1215 3083 1248 3132 de
1268 3084 1384 3133 uocibus

242 3153 423 3202 animantium
446 3152 474 3200 in
502 3150 608 3215 aliquot
629 3151 772 3215 glossariis
797 3167 860 3199 mss.
887 3150 1001 3215 legitur:
1031 3155 1133 3200 noctua
1157 3148 1296 3200 eueubat.’
1338 3152 1384 3199 uhi

241 3220 358 3270 ltothius
377 3219 499 3270 coniecit
521 3219 696 3269 scribendum
720 3235 781 3270 eaeo
806 3216 986 3268 ‘Suetonius'.
1004 3217 1213 3267 —Thesaurus
1236 3217 1286 3267 lat.
1305 3216 1384 3280 (Mai,

241 3293 315 3338 suet.
347 3288 431 3337 alass·
458 3286 526 3335 VlII
548 3303 575 3350 p.
602 3286 634 3334 77
653 3286 720 3351 eqd:
758 3287 883 3337 ‘BarrIre
910 3285 1032 3334 elamore
1061 3285 1226 3349 elephantis.
1263 3291 1291 3334 et
1319 3300 1383 3349 quo·

242 3357 316 3405 uiam
338 3355 373 3405 de
396 3355 517 3403 ferarum
541 3356 711 3418 proprietate
730 3370 827 3404 uocum
846 3354 921 3418 loqui
942 3353 1084 3413 inchoaui,
1110 3353 1180 3401 lihet
1197 3353 1230 3401 de
1250 3351 1306 3401 illis
1324 3352 1382 3416 plo·

241 3424 303 3472 nius
321 3424 350 3471 in
367 3423 420 3472 hoe
443 3421 505 3470 loeo
523 3419 607 3485 loqui,
627 3427 658 3470 ut
675 3428 786 3486 praesto
805 3422 850 3471 hie
869 3422 995 3470 inueniat
1018 3422 1064 3484 qui
1083 3436 1197 3469 noscero
1217 3435 1265 3468 eas
1288 3421 1383 3483 gestit.

240 3491 364 3542 Leonum
383 3496 425 3539 est
443 3490 559 3538 fremere
577 3489 686 3551 rugire,
704 3490 834 3555 tigridum
853 3489 977 3549 raehare,
997 3488 1144 3553 pardorum
1166 3487 1261 3548 feliro,
1285 3492 1382 3552 pante-

325 3679 449 3736 Proater
464 3685 548 3735 notas
565 3681 594 3732 in
605 3680 756 3748 superiore
767 3680 950 3734 adtestatione
965 3679 1128 3749 explicatus
1139 3678 1218 3749 siglis
1233 3692 1302 3732 usus
1319 3692 1382 3733 sum

239 3766 332 3822 hisee:
371 3765 442 3819 V=
456 3763 601 3835 Vputiohr's
624 3770 810 3833 eucarpium,
834 3763 1044 3818 P=cormen
1063 3763 1189 3832 primum
1208 3764 1243 3817 de
1269 3763 1383 3817 vocibus

240 3851 442 3915 animantium,
476 3848 712 3913 R=olterum,
746 3847 958 3902 S=tertium.
1002 3857 1018 3905 5
1045 3844 1175 3902 fremere
1199 3844 1249 3903 uel
1280 3845 1382 3921 rugire

237 3935 359 4004 scripsi:
392 3931 522 3990 fremere
541 3930 643 4005 rugire
662 3932 688 3987 Α
706 3928 807 4006 rugire
839 3930 885 3985 VS
905 3930 1028 4007 rugiunt
1050 3931 1077 3985 P
1096 3930 1225 3987 fremere
1248 3930 1305 3987 GH
1321 3931 1381 3988 fre·

240 4025 325 4074 munt
340 4017 457 4072 aaut!
468 4015 570 4074 fremit
581 4017 638 4071 FK
651 4008 663 4095 ΙΙ
679 4034 805 4072 runcare
821 4015 854 4069 H
867 4022 995 4072 raneant
1008 4010 1060 4070 CM
1071 4012 1220 4072 rhaneaut
1237 4017 1265 4071 E
1275 4014 1380 4073 reeha-

239 4120 314 4159 nare
332 4099 494 4158 Vraehare
508 4102 559 4158 AG
576 4107 702 4157 taceant
719 4101 775 4155 BP
788 4097 933 4155 rhaceant
943 4100 971 4155 D
986 4093 1030 4179 ΙΙθ
1047 4096 1136 4155 felire
1156 4100 1265 4157 VAGH
1275 4098 1343 4156 felit
1358 4100 1385 4154 P

241 4184 350 4243 feliunt
367 4188 394 4241 B
410 4184 527 4263 peliunt
542 4186 619 4243 CDE
629 4183 777 4262 phelpant
792 4183 826 4239 M
837 4176 850 4261 ll
867 4183 985 4240 eaurire
1007 4184 1078 4239 VAG
1092 4181 1187 4240 eaurit
1203 4186 1230 4240 P
1243 4182 1381 4241 chaurire

240 4271 273 4326 Η
286 4268 446 4327 chauriunt
462 4272 489 4326 B
505 4268 680 4328 chaurriunt
695 4271 721 4325 l)
737 4267 911 4326 ehausriunt
921 4271 949 4324 E
963 4267 1114 4325 elratriunt
1127 4269 1163 4324 M
1173 4262 1187 4348 ΙΙ
1201 4284 1314 4325 uuearo
1329 4265 1382 4324 uel

239 4353 358 4412 saeuire
382 4355 490 4411 VAGH
504 4361 597 4413 uuest
609 4356 637 4410 P
653 4361 763 4430 urgant
778 4350 828 4410 uel
847 4353 987 4411 saeuiunt
1002 4352 1119 4408 BDEM
1126 4353 1225 4411 saeuit
1236 4352 1296 4409 Fr(
