3218 5000
394 410 630 455 auennensem
651 411 740 453 arsur
762 411 805 453 on
828 409 915 455 auso
939 408 1143 453 nonanoevu
1280 384 1338 450 187

190 564 303 626 praeter
319 578 402 613 unum
413 562 594 614 Februarium
610 563 692 628 inpar
708 578 836 621 numerus
848 566 1014 613 semaretnr.
1036 576 1101 612 nam
1113 560 1183 625 'quia
1196 557 1340 608 duodecim

192 644 311 693 mensos,
324 631 348 680 si
360 630 462 696 singuli
474 635 522 680 aut
533 631 594 696 pari
608 636 655 680 aut
666 631 758 695 inpari
770 646 882 680 numero
895 635 1065 696 putarentur,
1079 627 1340 680 consummationem

190 712 286 762 parem
300 698 434 759 facerent,
447 713 517 747 nnus
529 699 590 763 pari
601 714 713 749 numero
719 699 860 748 institutus
870 700 1027 748 uniuersam
1034 699 1203 764 putationem
1215 695 1340 759 inparem

192 763 269 815 lecit.
281 766 306 815 d.
317 766 462 816 Ianuarius
473 766 556 829 igitur
565 766 666 831 Aprilis
676 765 1340 832 luniusSextilisSeptemberNouamberDecem-

192 831 437 885 barundctricenis
451 835 636 883 censebantur
652 833 750 883 diebus
767 834 954 898 etquintanas
971 834 1219 885 Nonasbabebant
1234 832 1341 895 acpost
1427 828 1428 831 ’
1494 849 1499 859 ’

192 899 255 950 luna
268 903 297 950 in
308 902 464 953 omnibusa·
478 900 503 950 d.
517 901 661 967 septimum
673 902 807 951 decimum
814 902 956 952 Kalendas
969 904 1179 965 conputabntur.
1193 899 1340 949 unarum

192 969 491 1031 ucroMaiusQuintilis
503 969 661 1019 etOctober
671 969 732 1019 dies
745 970 865 1019 tricenos
878 970 1192 1035 singulospossidebant.
1205 968 1302 1016 Nonae
1312 964 1341 1014 in

191 1032 235 1082 hia
247 1037 419 1102 septimanae
434 1041 525 1086 arant:
539 1036 720 1101 similiterque
732 1038 863 1102 postldus
874 1038 970 1088 decern
984 1043 1012 1087 et
1023 1053 1053 1087 se
1074 1037 1195 1087 temdiee
1208 1035 1340 1099 1111111311-

192 1101 322 1169 linusque
336 1105 371 1153 ad
383 1109 530 1169 sequentes
542 1104 685 1154 Kalendas
697 1105 878 1169 putabantur:
903 1107 952 1155 sed
969 1106 1044 1155 selus
1055 1055 1223 1155 l'ebruarius
1240 1100 1341 1166 uiginti

194 1174 222 1218 el
235 1178 297 1223 oeto
311 1173 424 1221 retinuit
436 1172 509 1233 dies,
523 1173 602 1236 quasi
615 1172 712 1221 inieris
725 1177 753 1222 et
763 1173 914 1223 deminutio
927 1179 956 1223 et
967 1190 1018 1238 par
1030 1188 1158 1223 nunionis
1169 1170 1340 1221 conueniret.

193 1236 218 1285 8.
230 1255 290 1290 cum
307 1255 373 1304 ergo
388 1240 504 1289 Romani
523 1255 557 1289 cu
570 1240 625 1289 bac
641 1240 832 1290 distributione
845 1241 972 1306 Pompilii
991 1241 1025 1291 ad
1044 1242 1126 1291 lunae
1145 1254 1252 1289 cursum
1272 1237 1343 1286 sicut

195 1308 407 1361 Graeciannum
425 1321 474 1372 pro
495 1306 563 1356 rium
582 1312 777 1372 conputarent,
795 1308 954 1359 necessario
973 1314 1000 1359 et
1012 1308 1206 1359 intercalarem
1219 1306 1342 1355 mensem

194 1379 372 1428 instituerunt
382 1390 458 1424 more
472 1325 650 1425 graecomm.
673 1374 698 1424 9.
716 1392 781 1425 nam
800 1381 827 1425 et
840 1375 941 1427 Graeci
958 1393 1019 1427 curn
1033 1375 1284 1426 animaduerterent
1301 1377 1342 1422 te·

195 1461 269 1496 mere
287 1459 317 1493 se
336 1443 469 1492 trecentis
487 1443 686 1508 quinquaginta
704 1447 832 1508 quattuor
849 1443 946 1494 diebus
963 1445 1106 1495 ordinasse
1120 1453 1219 1493 annam
1233 1468 1264 1478 —
1277 1455 1342 1505 quo·
1413 1448 1414 1451 ’

195 1515 269 1564 niam
287 1516 435 1575 appareret
452 1510 486 1560 de
504 1509 569 1559 solis
588 1526 677 1571 cursu,
697 1512 741 1575 qui
758 1513 891 1561 trecentis
910 1512 1058 1578 sexaginta
1071 1512 1188 1576 qarinque
1200 1510 1297 1560 diablus
1315 1511 1344 1557 et

196 1579 348 1646 quadrante
362 1578 504 1627 zodiacum
518 1577 642 1639 conficit,
656 1578 754 1628 deesse
768 1595 840 1628 anno
850 1594 899 1629 suo
911 1581 1038 1630 undecim
1050 1580 1109 1629 dies
1123 1586 1151 1629 et
1164 1578 1343 1643 quadrantem

194 1645 417 1701 -intcroalares
429 1651 504 1695 stata
511 1646 619 1695 ratione
631 1647 777 1696 commenti
789 1652 860 1709 sunt,
874 1648 915 1697 ita
926 1654 957 1697 nt
969 1655 1067 1698 octauo
1079 1662 1184 1712 quoque
1195 1661 1266 1696 anno
1277 1660 1343 1694 non·

196 1716 292 1780 aginta
301 1713 369 1775 dies,
383 1729 417 1763 ex
430 1713 528 1777 quibus
540 1718 597 1763 tres
610 1728 719 1764 menses
731 1715 866 1763 tricenum
878 1716 981 1765 diermn
995 1720 1209 1780 conposuerunt,
1221 1715 1342 1762 interca·

194 1785 294 1834 larcnt
310 1778 349 1830 10.
363 1781 391 1830 id
403 1779 505 1831 Graeci
517 1780 651 1841 iecerunt,
665 1783 793 1846 quoniam
806 1788 867 1831 erat
879 1798 1023 1848 operosum
1036 1788 1117 1848 atque
1130 1780 1245 1832 difficile
1257 1780 1342 1830 omni·
1387 1774 1391 1780 ’

197 1852 246 1900 bns
260 1848 339 1899 annis
351 1849 478 1897 undecim
491 1848 550 1897 dies
564 1855 591 1897 et
603 1849 783 1913 quadrantem
794 1850 972 1901 intercalare.
995 1852 1090 1916 itaque
1103 1850 1258 1900 maluerunt
1270 1848 1343 1897 bunc

196 1931 335 1968 nnmerum
348 1917 434 1965 octies
448 1916 644 1979 multiplicare,
658 1922 687 1965 et
697 1918 851 1982 nonaginta
863 1919 937 1979 dies,
951 1921 996 1982 qui
1008 1924 1158 1969 nascuntur
1169 1919 1193 1967 ai
1206 1916 1344 1981 quadrans

197 2001 255 2035 cum
269 1983 366 2033 diebus
378 1984 504 2033 undecim
517 1984 604 2033 octies
616 1991 801 2049 conponatur,
820 1986 943 2036 inserere
955 1988 984 2036 in
996 1992 1052 2035 tres
1064 2001 1174 2035 menses
1185 1991 1216 2034 ut
1227 1984 1344 2033 elisimus

197 2050 414 2102 distribuendos:
427 2051 478 2100 hos
490 2051 550 2101 dies
561 2041 800 2117 ὑπερβαίνοντας,
812 2068 921 2103 menses
933 2068 999 2103 uero
1013 2045 1183 2118 ἐμβολίμους
1197 2050 1344 2116 appellita-

197 2121 273 2173 bant.
294 2118 332 2168 ll.
351 2119 423 2168 hunc
441 2134 506 2183 ergo
519 2119 641 2168 ordinem
653 2120 786 2170 Romanis
799 2136 905 2186 quoque
918 2122 1020 2171 imitari
1036 2121 1156 2187 placuit:
1169 2120 1218 2170 sed
1231 2120 1343 2176 fnestra,

198 2189 297 2253 quippe
314 2186 386 2251 fugit
403 2202 450 2237 eos
468 2187 539 2236 diem
557 2202 648 2250 unum,
666 2189 738 2237 ucat
755 2203 838 2253 supra
856 2191 1067 2249 ammonuimus,
1089 2188 1210 2239 additum
1228 2202 1245 2236 a
1262 2200 1292 2234 se
1309 2184 1344 2234 ad

198 2258 334 2305 Graecum
345 2269 486 2304 numerum
498 2254 668 2305 inhonorem
680 2256 784 2321 inparia
797 2257 911 2306 numeri.
926 2272 960 2306 en
972 2272 1002 2306 ra
1014 2271 1064 2322 per
1075 2256 1232 2306 octennium
1245 2267 1344 2302 conne-

197 2326 256 2373 nire
269 2336 397 2372 numerus
409 2328 492 2386 atque
504 2322 570 2371 ordo
582 2338 637 2372 non
648 2329 768 2388 poterat.
783 2322 822 2372 12.
836 2324 1017 2390 sednondum
1034 2325 1086 2374 lroc
1104 2338 1195 2374 errore
1214 2326 1345 2385 conperto

198 2406 248 2456 per
259 2400 321 2440 octo
335 2404 422 2439 annos
428 2390 582 2454 nonaginta
594 2392 673 2455 quasi
685 2391 921 2456 superfundendos
928 2391 1094 2442 Graecorum
1107 2390 1231 2455 exemplo
1245 2402 1345 2453 conpu-

198 2459 297 2508 tabant
308 2458 377 2519 dics,
391 2457 559 2521 alternisque
573 2460 652 2507 annis
669 2459 748 2511 binos
767 2465 795 2509 et
805 2460 920 2510 uicenos
938 2460 1051 2511 alternis
1068 2464 1162 2509 ternos
1178 2458 1346 2520 uicenosque

198 2525 399 2576 intercalantes
417 2526 609 2590 esperrsabant
621 2527 879 2577 intercalationibus
896 2532 1033 2591 quattuor.
1058 2526 1106 2577 sed
1124 2532 1223 2577 octauo
1239 2539 1346 2589 quoque

200 2609 272 2644 anno
284 2593 467 2642 intercalares
480 2598 542 2642 octo
556 2594 710 2645 affluebant
721 2595 780 2644 dies
794 2610 827 2644 ex
840 2595 954 2661 singulis
968 2596 1066 2660 quibus
1075 2595 1210 2644 uertentis
1221 2594 1286 2643 anni
1298 2606 1345 2641 nu·

199 2676 301 2710 merum
316 2660 387 2724 apud
393 2661 531 2710 Romanos
543 2668 626 2725 super
638 2662 775 2713 Graecum
788 2663 943 2713 abundasse
955 2664 1011 2712 iam
1024 2663 1147 2712 dirimas.
1165 2661 1203 2713 13.
1216 2661 1269 2711 boc
1281 2675 1346 2725 quo·

199 2745 251 2793 quo
262 2743 353 2778 errore
366 2728 422 2777 iarn
435 2728 545 2793 cognito
558 2728 627 2779 haec
640 2732 749 2794 species
762 2732 962 2781 emendationis
980 2731 1093 2780 inducta
1111 2736 1162 2781 eat.
1187 2730 1269 2780 tertio
1282 2742 1346 2792 quo·

200 2812 252 2860 qne
270 2795 397 2845 octennio
416 2795 456 2845 ita
473 2796 679 2847 intercalandea
696 2799 896 2863 dispensabant
914 2799 987 2859 dies,
1009 2805 1111 2848 utnon
1129 2798 1282 2863 nonaginta
1298 2794 1347 2844 aad

200 2863 347 2927 sexaginta
360 2878 408 2912 sex
420 2863 626 2925 intercalarent,
640 2868 817 2931 conpensatio
828 2867 929 2931 uiginti
942 2870 970 2916 et
981 2873 1109 2931 quattuor
1120 2867 1217 2916 dicbus
1229 2880 1278 2930 pre
1291 2862 1347 2911 illis

201 2932 246 2996 qui
258 2946 308 2996 per
320 2931 432 2983 totidem
446 2947 533 2980 annos
550 2948 633 2997 supra
646 2932 814 2984 Graecorum
826 2950 966 2983 numerum
979 2939 1133 2985 creuerant
1160 2933 1200 2982 14,
1214 2932 1287 2982 omni
1300 2946 1346 2980 au-

201 3006 255 3051 tem
269 2997 475 3048 intercalationi
485 3001 587 3049 mensis
595 3001 761 3051 Februarius
772 3002 919 3066 deputatus
929 3007 980 3062 est,
992 3003 1119 3067 quoniam
1129 3002 1153 3051 is
1162 3001 1273 3051 ultimus
1283 2996 1348 3047 anni

201 3070 274 3117 erat:
286 3052 454 3130 quodetiam
467 3066 555 3132 ipsum
568 3067 601 3117 de
615 3069 782 3119 Graecorum
794 3070 949 3119 imitatione
962 3070 1113 3120 iaciebant.
1138 3084 1201 3119 narn
1216 3074 1244 3118 et
1256 3067 1296 3116 illi
1308 3066 1347 3114 ul·

200 3136 266 3183 timo
280 3133 400 3183 anniani
413 3136 501 3184 mensi
513 3136 664 3199 superfluos
676 3138 881 3188 interserebant
892 3137 952 3187 dics
963 3142 995 3187 ut
1011 3138 1097 3187 refert
1115 3137 1285 3201 Glaucippus
1303 3133 1347 3197 qul

200 3202 234 3251 de
251 3201 339 3251 sacris
356 3200 564 3253 Atheniensium
582 3205 700 3270 scripsit.
726 3205 765 3254 15.
785 3221 880 3255 uerum
897 3221 952 3255 una
969 3221 998 3254 re
1013 3221 1030 3254 a
1042 3205 1158 3255 Graecis
1173 3202 1347 3253 differebant.

200 3286 264 3319 nam
276 3268 316 3317 illi
329 3269 458 3321 coniecto
471 3270 565 3320 ultimo
582 3286 691 3333 mensa,
710 3274 826 3323 Romani
839 3288 894 3322 non
911 3274 1038 3322 coniecto
1051 3272 1203 3322 Februario
1220 3271 1269 3319 sed
1287 3273 1349 3333 post

199 3337 360 3388 uicesimum
378 3343 407 3386 et
423 3339 534 3387 tertium
551 3338 623 3388 diem
641 3343 700 3391 eius
716 3340 930 3401 intercalabant,
955 3339 1157 3389 'Terminalibus
1173 3338 1282 3387 scilicet
1294 3337 1349 3385 iam

201 3405 336 3470 peractis:
349 3403 449 3454 deinde
461 3405 581 3470 reliquos
592 3408 738 3459 Februarii
748 3410 851 3460 mensis
864 3409 931 3469 dies,
945 3408 990 3472 qui
1003 3413 1084 3457 erant
1096 3408 1222 3472 quinque,
1235 3409 1297 3469 post
1308 3404 1348 3452 in·

202 3470 410 3522 tercalationem
425 3473 642 3537 subiungebant:
662 3477 743 3527 credo
755 3482 851 3527 uetere
864 3475 1008 3541 religionis
1020 3490 1087 3525 surae
1101 3489 1184 3535 more,
1203 3478 1233 3522 ut
1244 3472 1348 3522 Febru-

202 3540 289 3589 arium
307 3541 380 3590 omni
397 3541 477 3589 modo
495 3542 612 3591 Martius
631 3552 853 3609 consequeretur.
880 3542 918 3593 lu.
939 3544 987 3592 aed
1000 3559 1060 3592 curm
1080 3558 1164 3607 saepe
1184 3541 1351 3590 eueniretut

201 3608 342 3659 nundinae
354 3608 433 3659 modo
446 3609 476 3656 in
489 3608 555 3657 anni
566 3610 717 3675 principem
735 3612 807 3661 diem
821 3611 940 3661 modain
953 3612 1046 3661 Nonas
1060 3610 1192 3660 caderent
1204 3634 1237 3643 -ο
1248 3612 1350 3656 utrum·

203 3691 254 3740 quo
268 3679 358 3724 autem
367 3676 551 3739 perniciosum
564 3678 604 3726 rei
617 3678 744 3743 publicae
757 3679 1100 3744 putabatur—remedium
1112 3692 1165 3742 quo
1176 3675 1229 3725 hoc
1243 3680 1351 3725 auerte·

201 3748 276 3793 retur
289 3743 477 3807 excogitatum,
489 3748 543 3792 est:
558 3746 629 3809 quod
642 3748 806 3810 aperiemus,
820 3748 844 3796 si
856 3747 930 3812 prius
943 3746 1142 3797 ostenderimus
1155 3758 1203 3795 cur
1212 3742 1351 3793 nundinae

202 3811 246 3861 uel
259 3811 353 3875 primis
366 3809 502 3860 Kalendis
514 3812 559 3862 uel
571 3814 596 3862 N
598 3815 659 3863 onis
677 3815 802 3863 omnibus
814 3814 995 3864 canebantur.
1010 3814 1049 3863 17.
1063 3829 1127 3863 nam
1140 3813 1266 3878 quotiens
1283 3811 1351 3859 inci-

203 3879 375 3943 pienteanno
387 3877 447 3928 dies
460 3881 553 3944 coepit
566 3882 611 3947 qui
625 3882 750 3931 addictus
763 3883 954 3943 estnundinis,
968 3883 1055 3931 omnia
1067 3881 1116 3930 ille
1130 3895 1216 3931 annuus
1222 3878 1352 3928 infaustis

203 3945 314 3996 casibus
331 3945 471 3996 luctuosus
489 3947 555 3998 luit:
575 3950 748 4014 maximeque
766 3949 920 4014 Lepidiano
938 3949 1053 3999 tumultu
1072 3948 1164 4013 opinio
1177 3948 1232 3997 ista
1243 3946 1353 3995 firmata

203 4018 255 4064 est.
270 4012 310 4063 18.
319 4014 405 4062 Nonis
418 4020 509 4065 autem
523 4021 674 4067 conuentus
686 4019 834 4066 uniuersae
847 4016 1027 4067 multitudinis
1036 4015 1165 4065 uitamlus
1175 4014 1351 4065 existimaba-

202 4088 254 4145 tur,
272 4082 400 4146 quoniam
413 4082 529 4148 populus
541 4087 680 4136 Romanus
699 4084 806 4134 exactis
819 4085 903 4132 etiam
922 4085 1032 4148 regibus
1045 4084 1116 4132 diem
1129 4082 1201 4132 hunc
1213 4082 1352 4131 Nonarum

203 4152 320 4200 mamare
334 4147 505 4212 celebrabat,
515 4168 593 4217 quem
600 4153 722 4203 natalem
729 4150 908 4201 Servii'l'ullii
916 4151 1106 4200 existimabat:
1117 4151 1189 4214 quia,
1197 4151 1351 4199 cumincer·

202 4222 343 4267 tumescat
356 4233 408 4282 quo
421 4235 515 4269 mense
527 4220 639 4270 Seruius
646 4220 753 4269 'Pullius
766 4224 847 4268 natus
860 4219 967 4277 fuisset,
980 4219 1066 4267 Nouis
1079 4223 1173 4267 tamen
1183 4222 1277 4267 natum
1290 4230 1351 4265 esse

203 4289 354 4347 constaret,
364 4288 558 4338 ornnesNonas
571 4288 675 4339 celebri
687 4287 787 4337 notitia
800 4285 1028 4352 frequentabant:
1040 4286 1144 4334 ueritas
1157 4300 1223 4348 ergo
1237 4284 1282 4347 qui
1295 4282 1350 4331 die·

202 4356 253 4405 bus
270 4362 433 4422 praeerant,
453 4371 488 4405 nc
502 4357 565 4420 quid
579 4356 707 4405 nundinis
725 4353 843 4404 collecta
860 4352 1025 4402 uniuersitas
1044 4353 1077 4402 ob
1096 4352 1260 4401 desidorium
1277 4349 1351 4413 regis

203 4429 329 4488 nouaret,
343 4425 452 4474 cannae
464 4428 495 4473 ut
506 4424 602 4473 Nonae
616 4440 632 4473 a
644 4423 773 4473 nundinis
789 4426 1012 4488 segregarentur.
1029 4418 1067 4469 lu.
1081 4420 1153 4470 unde
1166 4419 1226 4469 dies
1236 4417 1285 4468 illc
1298 4430 1351 4482 quo
