3186 4996
215 375 257 436 46
594 397 637 438 ns
660 397 747 440 vinis
771 396 985 441 runvsrnrnvs

216 541 305 605 iocos
328 542 537 635 purissimum
565 565 682 627 penem
710 553 743 607 et
764 544 1013 608 homuncionem
1040 543 1278 631 lepidissimum
1302 569 1358 634 ap-

215 640 332 727 pellat,
371 664 500 728 unaque
532 652 563 706 ct
594 642 698 707 altera
732 643 943 708 liberalitate
964 644 1186 732 loeupletauit.
1237 648 1358 734 scripta

216 743 348 829 quidem
372 744 442 806 eius
465 765 569 831 usque
592 744 675 809 adeo
697 743 850 832 probauit
873 767 1091 833 mansuraque
1113 757 1270 833 perpetuo
1290 749 1357 834 opi·
1403 808 1406 813 ⁴

216 853 312 908 natus
347 852 410 924 est,
452 852 490 907 ut
521 867 587 909 non
624 847 720 910 modo
755 845 908 911 Seculare
942 868 1072 911 carmen
1111 849 1358 934 conponendum

215 947 395 1008 iniunxerit
435 946 491 1009 sed
526 954 558 1010 et
592 945 799 1010 Vindelicum
831 948 1002 1011 uictoriam
1032 947 1158 1012 Tiberii
1192 939 1391 1036 Drusiqu⁰es¹

214 1047 441 1133 priuignorum
481 1068 612 1111 suorum
647 1069 784 1134 cumque
816 1049 960 1133 coegerit
990 1059 1123 1135 propter
1158 1048 1219 1113 boc
1253 1049 1358 1113 tribus

215 1149 396 1210 carminum
423 1146 517 1211 libris
543 1148 702 1230 exlongo
729 1147 903 1213 interuallo
932 1158 1083 1236 quartum
1105 1149 1244 1231 addere3
1285 1158 1359 1235 post

215 1269 380 1313 sermones
408 1270 487 1313 uero
514 1248 673 1334 quosdam
698 1248 799 1313 lectos
827 1247 950 1313 nullam
975 1251 1027 1315 sui
1050 1252 1247 1314 mentionem
1268 1249 1358 1314 babi-

213 1358 280 1412 tam
302 1350 350 1413 ita
376 1352 418 1414 sit
439 1359 592 1436 questus:
630 1350 745 1419 ‘irasci
763 1371 815 1413 me
837 1352 898 1414 tibi
920 1354 1017 1432 scito,
1041 1351 1129 1438 quod
1149 1372 1214 1415 non
1236 1352 1271 1414 in
1292 1350 1359 1437 ple-

214 1452 326 1536 risque
353 1452 423 1530 eius
452 1450 539 1514 modi
569 1451 698 1537 scriptis
725 1473 852 1514 mecum
880 1453 1083 1538 potissimum
1113 1451 1273 1541 loquaris;
1316 1472 1358 1514 an
1369 1466 1392 1505 ¹⁰
1444 1512 1448 1517 .

215 1551 340 1615 uereris
364 1573 406 1615 ne
434 1552 520 1636 apud
547 1561 695 1636 posteros
724 1552 846 1616 infame
873 1553 934 1617 tibi
953 1555 1011 1635 sit,
1041 1552 1128 1639 quod
1147 1551 1292 1616 uidearis
1312 1552 1358 1615 fa-

211 1638 352 1716 miliaris
375 1653 470 1718 nobis
498 1651 613 1717 essc?'
648 1646 1224 1761 expresseritque;·'eclogau1adse,
1264 1655 1357 1716 cuius

215 1754 343 1817 initium
366 1763 431 1818 est:
945 1746 953 1755 ”
984 1748 989 1755 ’
1072 1752 1078 1759 ’

298 1942 315 1992 5
334 1958 391 2007 sqq.
417 1943 568 1993 Commeat.
588 1943 670 2007 Cruq.
685 1943 712 1991 in
726 1944 792 2001 Hor,
812 1959 894 1993 carm.
909 1943 947 1993 IV
961 1942 989 2003 l,
1011 1942 1037 1992 l:
1058 1943 1210 1993 ‘Statuerat
1221 1943 1355 1992 Horatius

131 2034 134 2040 ·
215 2010 248 2058 ml
268 2010 379 2060 tertium
397 2026 482 2075 usquc
502 2010 600 2060 librum
619 2011 757 2075 complere
775 2026 843 2075 opus
862 2011 1026 2060 carminum:
1060 2026 1154 2059 uerum
1173 2011 1260 2065 tribus
1279 2010 1357 2058 libris

214 2079 270 2127 iam
289 2079 385 2141 editis,
405 2094 440 2128 ex
457 2080 576 2128 maximo
595 2078 743 2127 interuallo
762 2079 833 2127 huno
857 2085 982 2143 quartum
1000 2080 1123 2128 scribere
1142 2078 1296 2142 compulsus
1316 2084 1357 2125 est
1395 2120 1398 2129 .

198 2146 249 2203 ,ab
267 2147 404 2209 AugustO,
423 2153 455 2195 ut
473 2147 559 2195 rescrt
572 2146 719 2195 Suetonius
739 2148 765 2194 in
784 2147 844 2195 uita
857 2146 981 2207 Horatii,
1001 2148 1029 2195 in
1048 2146 1157 2195 laudem
1175 2147 1296 2211 priuigni
1315 2145 1358 2193 sui

214 2214 297 2262 Drusi
310 2214 440 2277 Neronis,
461 2215 506 2277 qui
519 2215 610 2263 uictor
628 2214 660 2262 de
679 2214 776 2263 Raetis
793 2214 947 2263 Vindelicis
966 2215 1057 2262 fuerat
1075 2211 1222 2263 reuersus.'
1252 2212 1357 2261 Eadem

213 2282 271 2329 sere
285 2284 375 2330 Acron
395 2282 429 2330 ad
446 2281 473 2329 h.
489 2281 506 2330 l.
525 2282 580 2330 nisi
592 2281 662 2345 quod
673 2281 833 2330 Suetonium
846 2298 900 2331 uon
913 2282 1044 2331 nominat.
1065 2282 1217 2346 l‘orplryrio
1230 2282 1258 2329 in
1276 2281 1302 2329 li.
1323 2279 1356 2327 l.:

214 2350 295 2405 ‘Post
314 2354 515 2398 consummatos
540 2349 683 2413 editosque
707 2354 764 2399 tres
788 2350 939 2398 carminum
963 2349 1047 2398 libros
1066 2350 1184 2399 maximo
1208 2348 1356 2397 interuallo

212 2416 285 2465 hunc
310 2423 435 2480 quartum
459 2418 580 2466 scribere
605 2416 760 2481 compulsus
784 2432 845 2465 esse
868 2417 971 2466 dicitur
994 2418 1029 2466 ab
1053 2418 1175 2481 Augusto
1193 2422 1223 2466 ut
1240 2416 1358 2465 Neronis

213 2484 339 2549 priuigni
353 2486 412 2533 cius
430 2487 576 2533 uictoriam
595 2485 629 2533 de
647 2485 764 2534 Rhaetis
782 2485 946 2534 Vimleliciis
964 2486 1119 2549 quaesitum
1137 2481 1313 2534 illustraret’

298 2552 383 2616 isqq.
404 2552 555 2617 Porphyrio
569 2554 597 2600 in
615 2553 681 2602 Hor.
702 2553 782 2616 epist.
802 2553 830 2600 11
850 2552 877 2614 l,
899 2552 925 2601 l:
951 2556 1087 2618 ‘Apparet
1104 2552 1177 2602 hune
1195 2552 1308 2613 librum,
1327 2556 1357 2599 ut

212 2620 445 2683 supradiximus,
469 2619 580 2668 hortatu
599 2620 729 2669 Caesaris
747 2620 878 2684 scriptum
898 2636 972 2682 esse,
997 2622 1074 2668 cuius
1097 2622 1138 2669 rei
1158 2621 1242 2669 ctiam
1261 2620 1357 2669 Suetu-

213 2688 274 2736 nius
294 2690 458 2736 auctorest.
495 2702 558 2735 nani
578 2687 650 2751 apud
668 2702 727 2735 cum
746 2686 865 2752 epistola
884 2687 1024 2736 inuenitur
1050 2689 1168 2751 Augusti
1186 2688 1357 2752 increpantis

213 2755 371 2816 Horatium,
397 2753 467 2818 quod
490 2770 545 2803 non
564 2754 598 2802 ad
622 2769 651 2803 se
671 2770 776 2818 quoque
799 2755 917 2818 plurima
940 2756 1053 2804 scribat.
1096 2770 1161 2818 ergo
1183 2755 1236 2804 hoe
1255 2755 1357 2818 princi-

213 2823 288 2886 pium
306 2837 367 2871 oum
381 2822 461 2870 laude
479 2822 654 2886 imperatoris
673 2829 701 2870 ct
720 2823 754 2870 ab
774 2824 966 2883 excursationc,
985 2821 1056 2885 quod
1075 2821 1151 2870 illum
1169 2821 1258 2871 noluit
1276 2822 1357 2884 (immo

212 2888 342 2953 noluerit)
353 2894 518 2954 occupatum
531 2890 598 2937 inre
610 2889 723 2953 publica
736 2890 795 2937 suis
805 2889 936 2954 impedire
955 2887 1145 2939 sermonibus’
1164 2888 1315 2954 Porphyris
1329 2889 1356 2937 in

213 2958 278 3006 Hor.
293 2974 335 3022 cp.
355 2956 433 3005 120:
454 2957 540 3005 ‘Sane
560 2973 592 3006 cx
612 2957 654 3005 bis
671 2957 798 3006 uersibus
817 2963 845 3005 ct
864 2958 892 3006 in
908 2957 1045 3022 principio
1064 2958 1203 3020 sequentis
1222 2957 1286 3006 libri
1309 2972 1356 3021 ap-

212 3030 292 3089 paret
304 3025 449 3074 Horatium
461 3024 512 3073 hoc
524 3024 651 3073 uolumen
663 3025 741 3088 quasi
753 3025 930 3073 nouissimum
941 3026 1026 3074 totius
1038 3027 1129 3089 operis
1140 3024 1278 3073 babuisse.
1293 3039 1357 3073 nam

214 3092 363 3141 secuudum
382 3090 559 3157 epistolarum
579 3099 692 3141 coactus
712 3090 835 3141 adiecit)
873 3090 1023 3141 Commeat.
1044 3096 1124 3156 Cruq.
1145 3092 1173 3140 in
1192 3093 1217 3141 b.
1237 3092 1270 3141 l.:
1289 3092 1356 3141 ‘Au-

213 3165 293 3223 gusto
317 3160 474 3224 increpanti
496 3161 643 3209 Horatium
666 3160 737 3224 quod
760 3175 814 3209 non
839 3160 873 3208 ad
896 3175 926 3209 se
945 3175 1052 3225 quoquc
1074 3160 1193 3226 plurima
1211 3161 1356 3221 scriberet,

212 3234 243 3276 ut
262 3227 408 3277 Suetonius
427 3232 598 3287 auctorest,
617 3228 759 3292 inprimis
778 3243 839 3277 cum
851 3227 933 3277 lande
947 3229 1076 3277 (⁴aesaris
1095 3243 1156 3277 sese
1175 3234 1302 3285 excusat,
1322 3244 1357 3276 no

213 3299 302 3360 ipsum
322 3297 349 3344 in
368 3295 513 3360 republica
531 3301 696 3361 occupatum
714 3296 779 3350 suis,
794 3296 906 3361 scriptis
924 3294 1086 3346 detineret’
1123 3298 1213 3346 ricton
1231 3298 1260 3345 in
1277 3297 1303 3345 lr.
1323 3295 1358 3344 l.:

212 3488 265 3543 peu
284 3471 416 3526 Nunnius
433 3455 742 3542 ἆνθιηιερφρονοῦμεν
757 3470 889 3525 Muretus
904 3462 918 3549 Η
932 3476 1078 3546 preterea
1092 3471 1120 3525 Ε
1133 3466 1147 3549 Η
1162 3488 1236 3547 sepe
1251 3470 1300 3526 GE
1311 3465 1326 3549 Η
1344 3480 1354 3529 Ι

211 3554 399 3631 putissimum
415 3555 570 3610 Lambinus
585 3546 598 3633 Η
613 3571 721 3630 penem
739 3555 887 3610 Muretus:
913 3572 993 3631 pene
1010 3555 1084 3611 ACD
1105 3568 1184 3633 pene
1201 3557 1229 3609 Ε
1240 3573 1357 3630 poenae

213 3641 345 3711 Nunnius
359 3636 372 3720 Η
387 3639 614 3698 homuntionem
630 3639 735 3695 ACDE
747 3633 762 3719 Η
777 3637 893 3716 apellat
905 3639 979 3695 ΑΘΕ
993 3632 1006 3718 Η
1022 3620 1239 3718 3eiusi1squc]
1254 3638 1355 3718 eiusq;

213 3719 261 3803 ΟΗ
276 3734 424 3804 perpetuo
435 3725 581 3792 Nunnius,
602 3725 750 3781 Muretus:
765 3728 914 3801 perpetua
930 3726 1033 3780 ACDN
1044 3721 1057 3802 Η
1074 3725 1213 3801 opinatus
1235 3730 1281 3781 est
1302 3744 1356 3782 orn.

213 3812 240 3866 B
261 3803 273 3886 (
278 3853 618 3867 ................
639 3808 795 3886 Grunnius)
817 3801 830 3888 Η
851 3807 967 3868 almodo
988 3827 1064 3866 corr.
1081 3826 1096 3865 c
1114 3807 1225 3866 mundo
1243 3827 1279 3865 m.
1292 3812 1356 3866 ead.

211 3900 240 3951 in
252 3895 274 3950 C
288 3891 300 3969 Η
316 3893 547 3973 conponentium
557 3895 580 3949 G
590 3893 830 3972 componendum
842 3895 952 3950 Asos
965 3887 978 3972 Η
992 3903 1088 3955 Sucro
1101 3892 1248 3972 quosdam
1261 3893 1356 3952 lectos

212 3981 316 4036 ACDE
330 3974 403 4037 uero
421 3977 517 4035 lectos
538 3978 687 4054 quosdam
705 3980 849 4051 Cruquius
865 3997 937 4036 nero
960 3978 1057 4035 lectos
1079 3979 1212 4037 Muretus
1235 3997 1356 4058 quoque

212 4064 308 4123 lectos
323 4065 456 4139 Nunnius
471 4056 484 4143 Η
499 4063 673 4120 memoriam
684 4066 713 4119 Ε
725 4066 813 4133 (corr.
832 4082 868 4120 m.
888 4068 913 4136 l)
931 4057 944 4143 Η
962 4073 989 4124 ll
1008 4062 1119 4120 ueteris
1131 4063 1219 4132 (corr.
1236 4083 1272 4120 m.
1290 4071 1317 4138 l)
1338 4065 1360 4119 C

213 4144 225 4227 Η
253 4159 283 4210 12
304 4147 391 4206 nobis
414 4151 501 4205 multo
524 4152 679 4205 recentiori
700 4168 775 4206 mun.
795 4152 825 4204 in
847 4151 874 4204 Ε
890 4164 1040 4221 suprascr.
1068 4140 1082 4227 Η
1110 4150 1356 4227 expresseritque

210 4237 328 4307 scripsi,
344 4237 417 4291 idem
435 4237 565 4290 serrensi
582 4236 786 4311 Lucbmnnrms
800 4237 829 4290 in
845 4251 898 4306 me.
916 4237 959 4290 ed.
982 4233 1066 4306 Wolf.
1083 4250 1169 4305 quem
1184 4235 1357 4292 Ritsrlaeelius

210 4323 282 4376 rniln'
304 4322 506 4378 commodavit:
535 4320 746 4397 expressitque
762 4321 829 4375 libri
847 4313 860 4397 Η
882 4317 1021 4395 eclogam
1042 4319 1191 4376 Muretus:
1216 4320 1356 4397 eglogam

136 4456 140 4465 ,
208 4405 315 4463 ACDE
328 4403 460 4480 elogium
481 4404 614 4461 Nunnius
634 4398 648 4484 Η
668 4403 707 4462 ad
724 4424 758 4462 se
776 4422 829 4460 om.
844 4407 872 4461 B
886 4397 900 4484 Η
917 4412 950 4467 13
969 4404 1093 4462 inicium
1114 4398 1138 4461 C
