<?xml version="1.0" encoding="UTF-8"?>
<!DOCTYPE html PUBLIC "-//W3C//DTD XHTML 1.0 Transitional//EN"
    "http://www.w3.org/TR/xhtml1/DTD/xhtml1-transitional.dtd">
<html xmlns="http://www.w3.org/1999/xhtml" xml:lang="en" lang="en">
 <head>
  <title>
</title>
<meta http-equiv="Content-Type" content="text/html;charset=utf-8" />
  <meta name='ocr-system' content='tesseract 3.04.00' />
  <meta name='ocr-capabilities' content='ocr_page ocr_carea ocr_par ocr_line ocrx_word'/>
</head>
<body>
  <div class='ocr_page' id='page_1' title='image "./csuetonitranqui01ritsgoog_0238.png"; bbox 0 0 3218 5000; ppageno 0'>
   <div class='ocr_carea' id='block_1_1' title="bbox 604 431 1348 495">
    <p class='ocr_par' dir='ltr' id='par_1_1' title="bbox 604 431 1348 495">
     <span class='ocr_line' id='line_1_1' title="bbox 604 431 1348 495; baseline 0.015 -11"><span class='ocrx_word' id='word_1_1' title='bbox 604 443 646 484; x_wconf 82' lang='lat' dir='ltr'>nn</span> <span class='ocrx_word' id='word_1_2' title='bbox 670 444 809 486; x_wconf 77' lang='lat' dir='ltr'>unsvers</span> <span class='ocrx_word' id='word_1_3' title='bbox 832 444 941 486; x_wconf 79' lang='lat' dir='ltr'>saevas</span> <span class='ocrx_word' id='word_1_4' title='bbox 1286 431 1348 495; x_wconf 81' lang='lat'>213</span> 
     </span>
    </p>
   </div>
   <div class='ocr_carea' id='block_1_2' title="bbox 184 579 1459 1288">
    <p class='ocr_par' dir='ltr' id='par_1_2' title="bbox 184 579 1459 1288">
     <span class='ocr_line' id='line_1_2' title="bbox 291 579 1459 658; baseline 0 -4"><span class='ocrx_word' id='word_1_5' title='bbox 291 589 386 654; x_wconf 84' lang='lat' dir='ltr'>Luna</span> <span class='ocrx_word' id='word_1_6' title='bbox 420 613 485 657; x_wconf 91' lang='lat' dir='ltr'>non</span> <span class='ocrx_word' id='word_1_7' title='bbox 521 590 632 656; x_wconf 89' lang='lat' dir='ltr'>deficit</span> <span class='ocrx_word' id='word_1_8' title='bbox 664 591 722 656; x_wconf 91' lang='lat' dir='ltr'>sed</span> <span class='ocrx_word' id='word_1_9' title='bbox 755 590 967 656; x_wconf 78' lang='lat' dir='ltr'>obumbratur</span> <span class='ocrx_word' id='word_1_10' title='bbox 1000 614 1061 657; x_wconf 90' lang='lat' dir='ltr'>nec</span> <span class='ocrx_word' id='word_1_11' title='bbox 1092 579 1459 658; x_wconf 74' lang='lat' dir='ltr'>deminutionemldl*</span> 
     </span>
     <span class='ocr_line' id='line_1_3' title="bbox 208 693 1349 782; baseline 0.001 -25"><span class='ocrx_word' id='word_1_12' title='bbox 208 694 306 757; x_wconf 80' lang='lat' dir='ltr'>sentit</span> <span class='ocrx_word' id='word_1_13' title='bbox 324 700 466 780; x_wconf 88' lang='lat' dir='ltr'>eorporis</span> <span class='ocrx_word' id='word_1_14' title='bbox 490 693 547 759; x_wconf 90' lang='lat' dir='ltr'>sed</span> <span class='ocrx_word' id='word_1_15' title='bbox 570 693 698 759; x_wconf 90' lang='lat' dir='ltr'>obiectu</span> <span class='ocrx_word' id='word_1_16' title='bbox 722 693 946 759; x_wconf 84' lang='lat' dir='ltr'>obumbrantis</span> <span class='ocrx_word' id='word_1_17' title='bbox 967 703 1075 759; x_wconf 77' lang='lat' dir='ltr'>terrae</span> <span class='ocrx_word' id='word_1_18' title='bbox 1095 716 1206 760; x_wconf 90' lang='lat' dir='ltr'>casum</span> <span class='ocrx_word' id='word_1_19' title='bbox 1226 695 1349 782; x_wconf 91' lang='lat' dir='ltr'>patitur</span> 
     </span>
     <span class='ocr_line' id='line_1_4' title="bbox 207 793 1349 884; baseline 0.004 -26"><span class='ocrx_word' id='word_1_20' title='bbox 207 793 348 859; x_wconf 90' lang='lat' dir='ltr'>luminis.</span> <span class='ocrx_word' id='word_1_21' title='bbox 401 796 523 881; x_wconf 88' lang='lat' dir='ltr'>patitur</span> <span class='ocrx_word' id='word_1_22' title='bbox 549 805 658 860; x_wconf 90' lang='lat' dir='ltr'>autem</span> <span class='ocrx_word' id='word_1_23' title='bbox 690 795 935 882; x_wconf 81' lang='lat' dir='ltr'>quintadecima</span> <span class='ocrx_word' id='word_1_24' title='bbox 961 817 1065 883; x_wconf 89' lang='lat' dir='ltr'>usque</span> <span class='ocrx_word' id='word_1_25' title='bbox 1091 796 1246 884; x_wconf 83' lang='lat' dir='ltr'><strong>quamdiu</strong></span> <span class='ocrx_word' id='word_1_26' title='bbox 1275 819 1349 862; x_wconf 89' lang='lat' dir='ltr'>een-</span> 
     </span>
     <span class='ocr_line' id='line_1_5' title="bbox 205 878 1347 987; baseline 0.001 -26"><span class='ocrx_word' id='word_1_27' title='bbox 205 905 291 961; x_wconf 89' lang='lat' dir='ltr'>trum</span> <span class='ocrx_word' id='word_1_28' title='bbox 313 897 420 985; x_wconf 86' lang='lat' dir='ltr'>adque</span> <span class='ocrx_word' id='word_1_29' title='bbox 447 898 595 962; x_wconf 87' lang='lat' dir='ltr'>umbram</span> <span class='ocrx_word' id='word_1_30' title='bbox 618 897 779 962; x_wconf 88' lang='lat' dir='ltr'>obstantis</span> <span class='ocrx_word' id='word_1_31' title='bbox 801 878 908 962; x_wconf 77' lang='lat' dir='ltr'>terrae</span> <span class='ocrx_word' id='word_1_32' title='bbox 930 909 1026 963; x_wconf 82' lang='lat' dir='ltr'>exeat</span> <span class='ocrx_word' id='word_1_33' title='bbox 1048 899 1223 987; x_wconf 86' lang='lat' dir='ltr'>uideatque</span> <span class='ocrx_word' id='word_1_34' title='bbox 1246 899 1347 966; x_wconf 90' lang='lat' dir='ltr'>solem</span> 
     </span>
     <span class='ocr_line' id='line_1_6' title="bbox 184 997 1348 1085; baseline 0.008 -28"><span class='ocrx_word' id='word_1_35' title='bbox 184 997 259 1062; x_wconf 83' lang='lat' dir='ltr'>suel</span> <span class='ocrx_word' id='word_1_36' title='bbox 275 1020 295 1061; x_wconf 90' lang='lat' dir='ltr'>a</span> <span class='ocrx_word' id='word_1_37' title='bbox 310 997 377 1063; x_wconf 91' lang='lat' dir='ltr'>sole</span> <span class='ocrx_word' id='word_1_38' title='bbox 393 998 552 1064; x_wconf 89' lang='lat' dir='ltr'>uideatur.</span> <span class='ocrx_word' id='word_1_39' title='bbox 586 1008 714 1064; x_wconf 89' lang='lat' dir='ltr'>constat</span> <span class='ocrx_word' id='word_1_40' title='bbox 734 1022 812 1085; x_wconf 86' lang='lat' dir='ltr'>ergo</span> <span class='ocrx_word' id='word_1_41' title='bbox 832 1001 941 1065; x_wconf 89' lang='lat' dir='ltr'>lunam</span> <span class='ocrx_word' id='word_1_42' title='bbox 960 1024 1002 1065; x_wconf 83' lang='lat' dir='ltr'>ex</span> <span class='ocrx_word' id='word_1_43' title='bbox 1019 1000 1097 1066; x_wconf 91' lang='lat' dir='ltr'>solis</span> <span class='ocrx_word' id='word_1_44' title='bbox 1116 1002 1218 1066; x_wconf 90' lang='lat' dir='ltr'>radiis</span> <span class='ocrx_word' id='word_1_45' title='bbox 1237 1001 1348 1066; x_wconf 90' lang='lat' dir='ltr'>lumen</span> 
     </span>
     <span class='ocr_line' id='line_1_7' title="bbox 205 1100 1347 1189; baseline 0.002 -24"><span class='ocrx_word' id='word_1_46' title='bbox 205 1102 352 1187; x_wconf 87' lang='lat' dir='ltr'>accipere</span> <span class='ocrx_word' id='word_1_47' title='bbox 368 1109 401 1165; x_wconf 90' lang='lat' dir='ltr'>et</span> <span class='ocrx_word' id='word_1_48' title='bbox 414 1101 489 1165; x_wconf 91' lang='lat' dir='ltr'>dum</span> <span class='ocrx_word' id='word_1_49' title='bbox 507 1100 637 1167; x_wconf 90' lang='lat' dir='ltr'>obiectu</span> <span class='ocrx_word' id='word_1_50' title='bbox 648 1108 755 1166; x_wconf 85' lang='lat' dir='ltr'>terrae</span> <span class='ocrx_word' id='word_1_51' title='bbox 770 1101 871 1166; x_wconf 90' lang='lat' dir='ltr'>solem</span> <span class='ocrx_word' id='word_1_52' title='bbox 887 1125 951 1168; x_wconf 93' lang='lat' dir='ltr'>non</span> <span class='ocrx_word' id='word_1_53' title='bbox 966 1105 1132 1189; x_wconf 80' lang='lat' dir='ltr'>aspexerit</span> <span class='ocrx_word' id='word_1_54' title='bbox 1145 1112 1222 1168; x_wconf 90' lang='lat' dir='ltr'>tune</span> <span class='ocrx_word' id='word_1_55' title='bbox 1238 1103 1347 1167; x_wconf 90' lang='lat' dir='ltr'>lumen</span> 
     </span>
     <span class='ocr_line' id='line_1_8' title="bbox 206 1188 1346 1288; baseline 0.001 -20"><span class='ocrx_word' id='word_1_56' title='bbox 206 1205 365 1269; x_wconf 86' lang='lat' dir='ltr'>amittere.</span> <span class='ocrx_word' id='word_1_57' title='bbox 401 1223 478 1266; x_wconf 88' lang='lat' dir='ltr'>narn</span> <span class='ocrx_word' id='word_1_58' title='bbox 499 1203 613 1267; x_wconf 90' lang='lat' dir='ltr'>dicunt</span> <span class='ocrx_word' id='word_1_59' title='bbox 634 1205 727 1269; x_wconf 89' lang='lat' dir='ltr'>stoici</span> <span class='ocrx_word' id='word_1_60' title='bbox 747 1188 874 1269; x_wconf 83' lang='lat' dir='ltr'>ornnem</span> <span class='ocrx_word' id='word_1_61' title='bbox 896 1212 1018 1270; x_wconf 88' lang='lat' dir='ltr'>terram</span> <span class='ocrx_word' id='word_1_62' title='bbox 1040 1205 1206 1270; x_wconf 87' lang='lat' dir='ltr'>montibus</span> <span class='ocrx_word' id='word_1_63' title='bbox 1228 1204 1346 1288; x_wconf 85' lang='lat' dir='ltr'>claudi,</span> 
     </span>
    </p>
   </div>
   <div class='ocr_carea' id='block_1_3' title="bbox 545 1454 881 1473">
    <p class='ocr_par' dir='ltr' id='par_1_3' title="bbox 545 1454 881 1473">
     <span class='ocr_line' id='line_1_9' title="bbox 545 1454 881 1473; baseline 0.003 -1"><span class='ocrx_word' id='word_1_64' title='bbox 545 1454 551 1472; x_wconf 64' lang='grc'>1</span> <span class='ocrx_word' id='word_1_65' title='bbox 625 1454 631 1472; x_wconf 79' lang='grc' dir='ltr'><strong><em>Ι</em></strong></span> <span class='ocrx_word' id='word_1_66' title='bbox 875 1456 881 1473; x_wconf 63' lang='grc' dir='ltr'>ἱ</span> 
     </span>
    </p>
   </div>
   <div class='ocr_carea' id='block_1_4' title="bbox 112 1453 1444 3433">
    <p class='ocr_par' dir='ltr' id='par_1_4' title="bbox 112 1453 1444 3433">
     <span class='ocr_line' id='line_1_10' title="bbox 205 1453 1346 1529; baseline 0 -15"><span class='ocrx_word' id='word_1_67' title='bbox 205 1463 284 1514; x_wconf 81' lang='grc' dir='ltr'><strong><em>κινεῖ</em></strong></span> <span class='ocrx_word' id='word_1_68' title='bbox 298 1458 363 1525; x_wconf 74' lang='grc' dir='ltr'><strong><em>περὶ</em></strong></span> <span class='ocrx_word' id='word_1_69' title='bbox 380 1453 430 1511; x_wconf 85' lang='grc' dir='ltr'>τὸν</span> <span class='ocrx_word' id='word_1_70' title='bbox 453 1454 573 1529; x_wconf 59' lang='lat' dir='ltr'>Atianos</span> <span class='ocrx_word' id='word_1_71' title='bbox 595 1463 715 1526; x_wconf 83' lang='grc' dir='ltr'><strong><em>κοκλον,</em></strong></span> <span class='ocrx_word' id='word_1_72' title='bbox 739 1458 789 1514; x_wconf 76' lang='grc' dir='ltr'>καὶ</span> <span class='ocrx_word' id='word_1_73' title='bbox 811 1480 884 1514; x_wconf 88' lang='grc' dir='ltr'><strong><em>κατα</em></strong></span> <span class='ocrx_word' id='word_1_74' title='bbox 907 1455 958 1521; x_wconf 75' lang='grc' dir='ltr'>τοίς</span> <span class='ocrx_word' id='word_1_75' title='bbox 985 1456 1089 1529; x_wconf 80' lang='grc' dir='ltr'><strong><em>ταύτης</em></strong></span> <span class='ocrx_word' id='word_1_76' title='bbox 1108 1454 1245 1528; x_wconf 65' lang='lat' dir='ltr'>inuitasse</span> <span class='ocrx_word' id='word_1_77' title='bbox 1267 1477 1346 1514; x_wconf 87' lang='grc' dir='ltr'><strong><em>σκια-</em></strong></span> 
     </span>
     <span class='ocr_line' id='line_1_11' title="bbox 205 1521 1347 1598; baseline 0 -17"><span class='ocrx_word' id='word_1_78' title='bbox 205 1529 305 1593; x_wconf 74' lang='grc' dir='ltr'><strong><em>ζεσθαι</em></strong></span> <span class='ocrx_word' id='word_1_79' title='bbox 332 1522 383 1579; x_wconf 85' lang='grc' dir='ltr'>τὸν</span> <span class='ocrx_word' id='word_1_80' title='bbox 412 1527 519 1580; x_wconf 78' lang='grc' dir='ltr'><strong><em>δίσκον.</em></strong></span> <span class='ocrx_word' id='word_1_81' title='bbox 560 1523 746 1597; x_wconf 76' lang='grc' dir='ltr'><em>Ξενοφάνης,</em></span> <span class='ocrx_word' id='word_1_82' title='bbox 775 1525 898 1589; x_wconf 75' lang='grc' dir='ltr'><strong><em>πολλοὺς</em></strong></span> <span class='ocrx_word' id='word_1_83' title='bbox 926 1523 1002 1581; x_wconf 82' lang='grc' dir='ltr'><strong><em>εἶναι</em></strong></span> <span class='ocrx_word' id='word_1_84' title='bbox 1031 1521 1131 1597; x_wconf 72' lang='grc' dir='ltr'><strong><em>ἡλίους</em></strong></span> <span class='ocrx_word' id='word_1_85' title='bbox 1153 1527 1204 1581; x_wconf 75' lang='grc' dir='ltr'>καὶ</span> <span class='ocrx_word' id='word_1_86' title='bbox 1226 1524 1347 1598; x_wconf 76' lang='grc' dir='ltr'><strong><em>σελήνας</em></strong></span> 
     </span>
     <span class='ocr_line' id='line_1_12' title="bbox 205 1588 1346 1677; baseline 0.001 -28"><span class='ocrx_word' id='word_1_87' title='bbox 205 1590 278 1649; x_wconf 75' lang='grc' dir='ltr'><strong><em>κατὰ</em></strong></span> <span class='ocrx_word' id='word_1_88' title='bbox 296 1595 419 1663; x_wconf 78' lang='grc' dir='ltr'><strong><em>κλίματα</em></strong></span> <span class='ocrx_word' id='word_1_89' title='bbox 437 1597 487 1664; x_wconf 71' lang='grc' dir='ltr'>τῆς</span> <span class='ocrx_word' id='word_1_90' title='bbox 505 1595 565 1664; x_wconf 77' lang='grc' dir='ltr'>γῆς,</span> <span class='ocrx_word' id='word_1_91' title='bbox 584 1596 634 1649; x_wconf 76' lang='grc' dir='ltr'>καὶ</span> <span class='ocrx_word' id='word_1_92' title='bbox 652 1588 799 1665; x_wconf 74' lang='grc' dir='ltr'><strong><em>οἷποτομοὶς</em></strong></span> <span class='ocrx_word' id='word_1_93' title='bbox 822 1595 871 1650; x_wconf 78' lang='grc' dir='ltr'>καὶ</span> <span class='ocrx_word' id='word_1_94' title='bbox 888 1592 987 1661; x_wconf 77' lang='grc' dir='ltr'><strong><em>ζώνας·</em></strong></span> <span class='ocrx_word' id='word_1_95' title='bbox 1011 1592 1084 1649; x_wconf 78' lang='lat' dir='ltr'>sosoi</span> <span class='ocrx_word' id='word_1_96' title='bbox 1100 1615 1165 1649; x_wconf 87' lang='grc' dir='ltr'><strong><em>τινα</em></strong></span> <span class='ocrx_word' id='word_1_97' title='bbox 1188 1591 1221 1649; x_wconf 77' lang='lat' dir='ltr'>dl</span> <span class='ocrx_word' id='word_1_98' title='bbox 1243 1592 1346 1677; x_wconf 85' lang='grc' dir='ltr'><strong><em>καιρὸν</em></strong></span> 
     </span>
     <span class='ocr_line' id='line_1_13' title="bbox 206 1657 1347 1749; baseline 0.001 -32"><span class='ocrx_word' id='word_1_99' title='bbox 206 1659 357 1749; x_wconf 60' lang='grc' dir='ltr'><strong><em>ἐμπίπτειν</em></strong></span> <span class='ocrx_word' id='word_1_100' title='bbox 375 1657 425 1715; x_wconf 86' lang='grc' dir='ltr'>τὸν</span> <span class='ocrx_word' id='word_1_101' title='bbox 444 1665 544 1717; x_wconf 77' lang='grc' dir='ltr'><strong><em>δίσκον</em></strong></span> <span class='ocrx_word' id='word_1_102' title='bbox 562 1664 604 1724; x_wconf 81' lang='grc' dir='ltr'>είς</span> <span class='ocrx_word' id='word_1_103' title='bbox 626 1683 690 1717; x_wconf 89' lang='grc' dir='ltr'><strong><em>τινα</em></strong></span> <span class='ocrx_word' id='word_1_104' title='bbox 712 1657 862 1735; x_wconf 67' lang='grc' dir='ltr'><strong><em>ἀποτομὴν</em></strong></span> <span class='ocrx_word' id='word_1_105' title='bbox 881 1666 932 1732; x_wconf 81' lang='grc' dir='ltr'>τῆς</span> <span class='ocrx_word' id='word_1_106' title='bbox 950 1665 1002 1733; x_wconf 74' lang='grc' dir='ltr'>γῆς</span> <span class='ocrx_word' id='word_1_107' title='bbox 1024 1657 1077 1717; x_wconf 75' lang='grc' dir='ltr'>οὐκ</span> <span class='ocrx_word' id='word_1_108' title='bbox 1100 1661 1274 1733; x_wconf 75' lang='grc' dir='ltr'><strong><em>οἰκουμένην</em></strong></span> <span class='ocrx_word' id='word_1_109' title='bbox 1296 1657 1347 1749; x_wconf 76' lang='lat' dir='ltr'>up&#39;</span> 
     </span>
     <span class='ocr_line' id='line_1_14' title="bbox 204 1722 1346 1802; baseline 0 -16"><span class='ocrx_word' id='word_1_110' title='bbox 204 1734 293 1802; x_wconf 78' lang='lat' dir='ltr'>posia</span> <span class='ocrx_word' id='word_1_111' title='bbox 313 1731 362 1783; x_wconf 84' lang='lat' dir='ltr'>sel</span> <span class='ocrx_word' id='word_1_112' title='bbox 375 1722 463 1791; x_wconf 70' lang='grc' dir='ltr'><strong><em>οὕτως</em></strong></span> <span class='ocrx_word' id='word_1_113' title='bbox 480 1724 573 1799; x_wconf 74' lang='grc' dir='ltr'><strong><em>ὥσπερ</em></strong></span> <span class='ocrx_word' id='word_1_114' title='bbox 591 1734 821 1801; x_wconf 78' lang='grc' dir='ltr'><strong><em>κενεμβατοῦντα</em></strong></span> <span class='ocrx_word' id='word_1_115' title='bbox 840 1729 969 1799; x_wconf 78' lang='grc' dir='ltr'><strong><em>ἔκλειψιν</em></strong></span> <span class='ocrx_word' id='word_1_116' title='bbox 985 1724 1149 1799; x_wconf 73' lang='grc' dir='ltr'><strong><em>ὑπομένειν.</em></strong></span> <span class='ocrx_word' id='word_1_117' title='bbox 1186 1726 1245 1786; x_wconf 80' lang='grc' dir='ltr'>ὁδ’</span> <span class='ocrx_word' id='word_1_118' title='bbox 1258 1726 1346 1795; x_wconf 65' lang='lat' dir='ltr'>crisos</span> 
     </span>
     <span class='ocr_line' id='line_1_15' title="bbox 205 1784 1346 1884; baseline 0.001 -31"><span class='ocrx_word' id='word_1_119' title='bbox 205 1784 360 1884; x_wconf 42' lang='grc' dir='ltr'>τΙνΙῆλιον</span> <span class='ocrx_word' id='word_1_120' title='bbox 382 1797 423 1861; x_wconf 78' lang='grc' dir='ltr'>εἰς</span> <span class='ocrx_word' id='word_1_121' title='bbox 446 1795 568 1867; x_wconf 78' lang='grc' dir='ltr'><strong><em>ἄπειρον</em></strong></span> <span class='ocrx_word' id='word_1_122' title='bbox 588 1801 642 1868; x_wconf 75' lang='grc' dir='ltr'>μὲν</span> <span class='ocrx_word' id='word_1_123' title='bbox 663 1799 811 1868; x_wconf 71' lang='grc' dir='ltr'><strong><em>προϊέναι,</em></strong></span> <span class='ocrx_word' id='word_1_124' title='bbox 841 1802 940 1854; x_wconf 77' lang='grc' dir='ltr'><strong><em>δοκεῖν</em></strong></span> <span class='ocrx_word' id='word_1_125' title='bbox 968 1797 1001 1854; x_wconf 79' lang='lat' dir='ltr'>dl</span> <span class='ocrx_word' id='word_1_126' title='bbox 1026 1803 1196 1854; x_wconf 76' lang='grc' dir='ltr'><strong><em>κυκλεῖσθαι</em></strong></span> <span class='ocrx_word' id='word_1_127' title='bbox 1220 1796 1270 1854; x_wconf 72' lang='grc' dir='ltr'>διὰ</span> <span class='ocrx_word' id='word_1_128' title='bbox 1293 1796 1346 1870; x_wconf 78' lang='grc' dir='ltr'>τὴν</span> 
     </span>
     <span class='ocr_line' id='line_1_16' title="bbox 206 1884 373 1923; baseline -0.024 0"><span class='ocrx_word' id='word_1_129' title='bbox 206 1884 373 1923; x_wconf 87' lang='grc' dir='ltr'><strong><em>αποστασιν.</em></strong></span> 
     </span>
     <span class='ocr_line' id='line_1_17' title="bbox 292 1935 1345 2004; baseline 0 -14"><span class='ocrx_word' id='word_1_130' title='bbox 292 1935 365 1994; x_wconf 74' lang='lat' dir='ltr'>lul*</span> <span class='ocrx_word' id='word_1_131' title='bbox 387 1939 509 1989; x_wconf 84' lang='lat' dir='ltr'>Isidorus</span> <span class='ocrx_word' id='word_1_132' title='bbox 527 1939 561 1987; x_wconf 93' lang='lat' dir='ltr'>de</span> <span class='ocrx_word' id='word_1_133' title='bbox 580 1944 680 1989; x_wconf 86' lang='lat' dir='ltr'>natura</span> <span class='ocrx_word' id='word_1_134' title='bbox 702 1956 791 1989; x_wconf 89' lang='lat' dir='ltr'>rerum</span> <span class='ocrx_word' id='word_1_135' title='bbox 814 1940 891 1990; x_wconf 86' lang='lat' dir='ltr'>XXI:</span> <span class='ocrx_word' id='word_1_136' title='bbox 923 1940 979 1989; x_wconf 87' lang='lat' dir='ltr'>‘De</span> <span class='ocrx_word' id='word_1_137' title='bbox 1003 1939 1100 2004; x_wconf 80' lang='lat' dir='ltr'>eclipsi</span> <span class='ocrx_word' id='word_1_138' title='bbox 1123 1938 1214 1989; x_wconf 87' lang='lat' dir='ltr'>lunae.</span> <span class='ocrx_word' id='word_1_139' title='bbox 1251 1939 1345 1991; x_wconf 83' lang='lat' dir='ltr'>Luna</span> 
     </span>
     <span class='ocr_line' id='line_1_18' title="bbox 205 2007 1346 2073; baseline 0 -14"><span class='ocrx_word' id='word_1_140' title='bbox 205 2024 269 2060; x_wconf 88' lang='lat' dir='ltr'>non</span> <span class='ocrx_word' id='word_1_141' title='bbox 292 2008 419 2059; x_wconf 76' lang='lat' dir='ltr'>deficit</span> <span class='ocrx_word' id='word_1_142' title='bbox 497 2007 646 2057; x_wconf 90' lang='lat' dir='ltr'>luminis.</span> <span class='ocrx_word' id='word_1_143' title='bbox 687 2008 760 2058; x_wconf 84' lang='lat' dir='ltr'>hene</span> <span class='ocrx_word' id='word_1_144' title='bbox 789 2009 861 2057; x_wconf 88' lang='lat' dir='ltr'>enim</span> <span class='ocrx_word' id='word_1_145' title='bbox 883 2007 1039 2073; x_wconf 89' lang='lat' dir='ltr'>philosophi</span> <span class='ocrx_word' id='word_1_146' title='bbox 1060 2024 1114 2057; x_wconf 93' lang='lat' dir='ltr'>uon</span> <span class='ocrx_word' id='word_1_147' title='bbox 1132 2007 1235 2058; x_wconf 88' lang='lat' dir='ltr'>habere</span> <span class='ocrx_word' id='word_1_148' title='bbox 1253 2007 1346 2059; x_wconf 85' lang='lat' dir='ltr'>lumen</span> 
     </span>
     <span class='ocr_line' id='line_1_19' title="bbox 195 2074 1344 2143; baseline -0.001 -16"><span class='ocrx_word' id='word_1_149' title='bbox 195 2077 357 2143; x_wconf 86' lang='lat' dir='ltr'>proprium,</span> <span class='ocrx_word' id='word_1_150' title='bbox 382 2075 431 2125; x_wconf 85' lang='lat' dir='ltr'>sed</span> <span class='ocrx_word' id='word_1_151' title='bbox 456 2076 571 2125; x_wconf 88' lang='lat' dir='ltr'>eandem</span> <span class='ocrx_word' id='word_1_152' title='bbox 596 2092 611 2125; x_wconf 91' lang='lat' dir='ltr'>a</span> <span class='ocrx_word' id='word_1_153' title='bbox 634 2076 691 2126; x_wconf 92' lang='lat' dir='ltr'>sole</span> <span class='ocrx_word' id='word_1_154' title='bbox 716 2076 876 2126; x_wconf 83' lang='lat' dir='ltr'>inluminari</span> <span class='ocrx_word' id='word_1_155' title='bbox 900 2074 1064 2137; x_wconf 87' lang='lat' dir='ltr'>defenduut,</span> <span class='ocrx_word' id='word_1_156' title='bbox 1093 2080 1122 2124; x_wconf 95' lang='lat' dir='ltr'>et</span> <span class='ocrx_word' id='word_1_157' title='bbox 1149 2077 1214 2140; x_wconf 91' lang='lat' dir='ltr'>quia</span> <span class='ocrx_word' id='word_1_158' title='bbox 1242 2091 1276 2125; x_wconf 88' lang='lat' dir='ltr'>ea</span> <span class='ocrx_word' id='word_1_159' title='bbox 1298 2076 1344 2126; x_wconf 89' lang='lat' dir='ltr'>de·</span> 
     </span>
     <span class='ocr_line' id='line_1_20' title="bbox 206 2142 1344 2208; baseline -0.001 -13"><span class='ocrx_word' id='word_1_160' title='bbox 206 2146 346 2195; x_wconf 79' lang='lat' dir='ltr'>mensione</span> <span class='ocrx_word' id='word_1_161' title='bbox 366 2144 431 2193; x_wconf 89' lang='lat' dir='ltr'>luna</span> <span class='ocrx_word' id='word_1_162' title='bbox 449 2144 536 2193; x_wconf 87' lang='lat' dir='ltr'>distat</span> <span class='ocrx_word' id='word_1_163' title='bbox 555 2160 571 2192; x_wconf 89' lang='lat' dir='ltr'>a</span> <span class='ocrx_word' id='word_1_164' title='bbox 589 2143 660 2205; x_wconf 85' lang='lat' dir='ltr'>sole,</span> <span class='ocrx_word' id='word_1_165' title='bbox 685 2149 715 2193; x_wconf 90' lang='lat' dir='ltr'>ut</span> <span class='ocrx_word' id='word_1_166' title='bbox 738 2159 788 2208; x_wconf 88' lang='lat' dir='ltr'>per</span> <span class='ocrx_word' id='word_1_167' title='bbox 805 2142 925 2195; x_wconf 87' lang='lat' dir='ltr'>mediam</span> <span class='ocrx_word' id='word_1_168' title='bbox 948 2148 1049 2192; x_wconf 89' lang='lat' dir='ltr'>terram</span> <span class='ocrx_word' id='word_1_169' title='bbox 1073 2142 1097 2192; x_wconf 92' lang='lat' dir='ltr'>si</span> <span class='ocrx_word' id='word_1_170' title='bbox 1121 2144 1185 2208; x_wconf 91' lang='lat' dir='ltr'>quid</span> <span class='ocrx_word' id='word_1_171' title='bbox 1209 2143 1344 2194; x_wconf 88' lang='lat' dir='ltr'>directum</span> 
     </span>
     <span class='ocr_line' id='line_1_21' title="bbox 206 2211 1344 2277; baseline -0.002 -14"><span class='ocrx_word' id='word_1_172' title='bbox 206 2214 352 2263; x_wconf 85' lang='lat' dir='ltr'>traiciatur</span> <span class='ocrx_word' id='word_1_173' title='bbox 370 2212 532 2277; x_wconf 84' lang='lat' dir='ltr'>contingere</span> <span class='ocrx_word' id='word_1_174' title='bbox 551 2213 638 2277; x_wconf 89' lang='lat' dir='ltr'>possit</span> <span class='ocrx_word' id='word_1_175' title='bbox 655 2212 742 2263; x_wconf 90' lang='lat' dir='ltr'>solem</span> <span class='ocrx_word' id='word_1_176' title='bbox 761 2212 811 2261; x_wconf 91' lang='lat' dir='ltr'>sub</span> <span class='ocrx_word' id='word_1_177' title='bbox 829 2217 945 2273; x_wconf 85' lang='lat' dir='ltr'>terram,</span> <span class='ocrx_word' id='word_1_178' title='bbox 969 2211 1063 2261; x_wconf 90' lang='lat' dir='ltr'>lunam</span> <span class='ocrx_word' id='word_1_179' title='bbox 1081 2215 1173 2260; x_wconf 76' lang='lat' dir='ltr'>atatem</span> <span class='ocrx_word' id='word_1_180' title='bbox 1192 2227 1273 2277; x_wconf 90' lang='lat' dir='ltr'>super</span> <span class='ocrx_word' id='word_1_181' title='bbox 1290 2217 1344 2261; x_wconf 91' lang='lat' dir='ltr'>ter·</span> 
     </span>
     <span class='ocr_line' id='line_1_22' title="bbox 205 2279 1343 2345; baseline -0.001 -14"><span class='ocrx_word' id='word_1_182' title='bbox 205 2297 271 2342; x_wconf 87' lang='lat' dir='ltr'>ram,</span> <span class='ocrx_word' id='word_1_183' title='bbox 292 2287 320 2331; x_wconf 88' lang='lat' dir='ltr'>et</span> <span class='ocrx_word' id='word_1_184' title='bbox 338 2280 403 2345; x_wconf 88' lang='lat' dir='ltr'>quia</span> <span class='ocrx_word' id='word_1_185' title='bbox 421 2295 505 2344; x_wconf 89' lang='lat' dir='ltr'>usque</span> <span class='ocrx_word' id='word_1_186' title='bbox 525 2280 560 2329; x_wconf 84' lang='lat' dir='ltr'>ad</span> <span class='ocrx_word' id='word_1_187' title='bbox 578 2280 702 2330; x_wconf 88' lang='lat' dir='ltr'>lunarem</span> <span class='ocrx_word' id='word_1_188' title='bbox 720 2279 853 2330; x_wconf 89' lang='lat' dir='ltr'>circulum</span> <span class='ocrx_word' id='word_1_189' title='bbox 870 2285 962 2328; x_wconf 89' lang='lat' dir='ltr'>terrae</span> <span class='ocrx_word' id='word_1_190' title='bbox 978 2280 1074 2329; x_wconf 86' lang='lat' dir='ltr'>umbra</span> <span class='ocrx_word' id='word_1_191' title='bbox 1087 2279 1256 2340; x_wconf 82' lang='lat' dir='ltr'>extenditur,</span> <span class='ocrx_word' id='word_1_192' title='bbox 1281 2279 1343 2330; x_wconf 92' lang='lat' dir='ltr'>ideo</span> 
     </span>
     <span class='ocr_line' id='line_1_23' title="bbox 205 2347 1345 2413; baseline -0.002 -15"><span class='ocrx_word' id='word_1_193' title='bbox 205 2350 282 2400; x_wconf 87' lang='lat' dir='ltr'>uenit</span> <span class='ocrx_word' id='word_1_194' title='bbox 300 2363 510 2413; x_wconf 86' lang='lat' dir='ltr'>nonnumquam,</span> <span class='ocrx_word' id='word_1_195' title='bbox 530 2353 560 2396; x_wconf 90' lang='lat' dir='ltr'>ut</span> <span class='ocrx_word' id='word_1_196' title='bbox 577 2347 644 2397; x_wconf 89' lang='lat' dir='ltr'>solis</span> <span class='ocrx_word' id='word_1_197' title='bbox 662 2348 734 2397; x_wconf 89' lang='lat' dir='ltr'>radii</span> <span class='ocrx_word' id='word_1_198' title='bbox 752 2348 891 2398; x_wconf 83' lang='lat' dir='ltr'>obiciente</span> <span class='ocrx_word' id='word_1_199' title='bbox 918 2362 948 2397; x_wconf 89' lang='lat' dir='ltr'>se</span> <span class='ocrx_word' id='word_1_200' title='bbox 971 2347 1042 2397; x_wconf 92' lang='lat' dir='ltr'>mole</span> <span class='ocrx_word' id='word_1_201' title='bbox 1066 2352 1157 2397; x_wconf 88' lang='lat' dir='ltr'>terrae</span> <span class='ocrx_word' id='word_1_202' title='bbox 1179 2347 1226 2397; x_wconf 89' lang='lat' dir='ltr'>uel</span> <span class='ocrx_word' id='word_1_203' title='bbox 1247 2347 1345 2396; x_wconf 90' lang='lat' dir='ltr'>umbra</span> 
     </span>
     <span class='ocr_line' id='line_1_24' title="bbox 207 2414 1444 2481; baseline -0.002 -15"><span class='ocrx_word' id='word_1_204' title='bbox 207 2417 240 2466; x_wconf 88' lang='lat' dir='ltr'>ad</span> <span class='ocrx_word' id='word_1_205' title='bbox 269 2432 331 2467; x_wconf 89' lang='lat' dir='ltr'>earn</span> <span class='ocrx_word' id='word_1_206' title='bbox 361 2431 415 2466; x_wconf 89' lang='lat' dir='ltr'>non</span> <span class='ocrx_word' id='word_1_207' title='bbox 443 2416 616 2481; x_wconf 88' lang='lat' dir='ltr'>perueniant.</span> <span class='ocrx_word' id='word_1_208' title='bbox 661 2417 800 2465; x_wconf 84' lang='lat' dir='ltr'>Patitur</span> <span class='ocrx_word' id='word_1_209' title='bbox 828 2420 939 2465; x_wconf 78' lang='lat' dir='ltr'>cirtem</span> <span class='ocrx_word' id='word_1_210' title='bbox 1024 2415 1149 2465; x_wconf 90' lang='lat' dir='ltr'>umbra.</span> <span class='ocrx_word' id='word_1_211' title='bbox 1191 2414 1343 2479; x_wconf 86' lang='lat' dir='ltr'>figuraliter</span> <span class='ocrx_word' id='word_1_212' title='bbox 1440 2470 1444 2478; x_wconf 48' lang='grc'>,</span> 
     </span>
     <span class='ocr_line' id='line_1_25' title="bbox 207 2481 1343 2550; baseline -0.001 -16"><span class='ocrx_word' id='word_1_213' title='bbox 207 2490 297 2534; x_wconf 79' lang='lat' dir='ltr'>etitem</span> <span class='ocrx_word' id='word_1_214' title='bbox 315 2500 364 2550; x_wconf 89' lang='lat' dir='ltr'>per</span> <span class='ocrx_word' id='word_1_215' title='bbox 381 2483 465 2533; x_wconf 88' lang='lat' dir='ltr'>lunae</span> <span class='ocrx_word' id='word_1_216' title='bbox 483 2482 624 2534; x_wconf 82' lang='lat' dir='ltr'>deiectum</span> <span class='ocrx_word' id='word_1_217' title='bbox 643 2484 781 2534; x_wconf 86' lang='lat' dir='ltr'>ecclesiae</span> <span class='ocrx_word' id='word_1_218' title='bbox 800 2484 1008 2549; x_wconf 81' lang='lat' dir='ltr'>persecutiones</span> <span class='ocrx_word' id='word_1_219' title='bbox 1024 2481 1222 2547; x_wconf 83' lang='lat' dir='ltr'>intelleguntur</span> <span class='ocrx_word' id='word_1_220' title='bbox 1235 2483 1343 2548; x_wconf 87' lang='lat' dir='ltr'>quando</span> 
     </span>
     <span class='ocr_line' id='line_1_26' title="bbox 206 2550 1342 2617; baseline -0.003 -14"><span class='ocrx_word' id='word_1_221' title='bbox 206 2559 353 2617; x_wconf 77' lang='lat' dir='ltr'>martyrum</span> <span class='ocrx_word' id='word_1_222' title='bbox 378 2551 509 2601; x_wconf 87' lang='lat' dir='ltr'>caedibus</span> <span class='ocrx_word' id='word_1_223' title='bbox 533 2558 561 2601; x_wconf 93' lang='lat' dir='ltr'>et</span> <span class='ocrx_word' id='word_1_224' title='bbox 584 2552 717 2601; x_wconf 88' lang='lat' dir='ltr'>effusione</span> <span class='ocrx_word' id='word_1_225' title='bbox 736 2552 881 2616; x_wconf 84' lang='lat' dir='ltr'>sanguinis</span> <span class='ocrx_word' id='word_1_226' title='bbox 899 2555 1038 2615; x_wconf 88' lang='lat' dir='ltr'>tamquam</span> <span class='ocrx_word' id='word_1_227' title='bbox 1057 2550 1105 2600; x_wconf 92' lang='lat' dir='ltr'>illo</span> <span class='ocrx_word' id='word_1_228' title='bbox 1123 2550 1236 2601; x_wconf 88' lang='lat' dir='ltr'>defectu</span> <span class='ocrx_word' id='word_1_229' title='bbox 1250 2556 1279 2601; x_wconf 89' lang='lat' dir='ltr'>et</span> <span class='ocrx_word' id='word_1_230' title='bbox 1296 2551 1342 2600; x_wconf 93' lang='lat' dir='ltr'>ob-</span> 
     </span>
     <span class='ocr_line' id='line_1_27' title="bbox 205 2618 1343 2684; baseline -0.002 -13"><span class='ocrx_word' id='word_1_231' title='bbox 205 2623 363 2671; x_wconf 85' lang='lat' dir='ltr'>scuratione</span> <span class='ocrx_word' id='word_1_232' title='bbox 375 2620 455 2684; x_wconf 85' lang='lat' dir='ltr'>quasi</span> <span class='ocrx_word' id='word_1_233' title='bbox 468 2624 610 2670; x_wconf 87' lang='lat' dir='ltr'>cruentam</span> <span class='ocrx_word' id='word_1_234' title='bbox 629 2620 730 2669; x_wconf 85' lang='lat' dir='ltr'>faciem</span> <span class='ocrx_word' id='word_1_235' title='bbox 748 2620 814 2670; x_wconf 89' lang='lat' dir='ltr'>luna</span> <span class='ocrx_word' id='word_1_236' title='bbox 831 2619 959 2669; x_wconf 89' lang='lat' dir='ltr'>uideatur</span> <span class='ocrx_word' id='word_1_237' title='bbox 976 2619 1131 2681; x_wconf 87' lang='lat' dir='ltr'>ostendere,</span> <span class='ocrx_word' id='word_1_238' title='bbox 1150 2624 1180 2668; x_wconf 91' lang='lat' dir='ltr'>ut</span> <span class='ocrx_word' id='word_1_239' title='bbox 1199 2634 1215 2668; x_wconf 87' lang='lat' dir='ltr'>a</span> <span class='ocrx_word' id='word_1_240' title='bbox 1233 2618 1343 2669; x_wconf 88' lang='lat' dir='ltr'>nomine</span> 
     </span>
     <span class='ocr_line' id='line_1_28' title="bbox 206 2687 1343 2752; baseline -0.001 -14"><span class='ocrx_word' id='word_1_241' title='bbox 206 2688 364 2739; x_wconf 88' lang='lat' dir='ltr'>Christiano</span> <span class='ocrx_word' id='word_1_242' title='bbox 382 2692 539 2737; x_wconf 87' lang='lat' dir='ltr'>terreantur</span> <span class='ocrx_word' id='word_1_243' title='bbox 557 2688 656 2738; x_wconf 86' lang='lat' dir='ltr'>infirmi</span> <span class='ocrx_word' id='word_1_244' title='bbox 674 2687 721 2749; x_wconf 79' lang='lat' dir='ltr'>(en</span> <span class='ocrx_word' id='word_1_245' title='bbox 733 2690 869 2752; x_wconf 79' lang='lat' dir='ltr'>Augustini</span> <span class='ocrx_word' id='word_1_246' title='bbox 885 2704 973 2737; x_wconf 70' lang='grc' dir='ltr'><strong><em>οιιοικ.</em></strong></span> <span class='ocrx_word' id='word_1_247' title='bbox 991 2694 1016 2738; x_wconf 81' lang='lat' dir='ltr'>tn</span> <span class='ocrx_word' id='word_1_248' title='bbox 1032 2702 1073 2752; x_wconf 86' lang='lat' dir='ltr'>ps.</span> <span class='ocrx_word' id='word_1_249' title='bbox 1087 2687 1114 2736; x_wconf 83' lang='lat' dir='ltr'><strong><em>X</em></strong></span> <span class='ocrx_word' id='word_1_250' title='bbox 1131 2688 1168 2751; x_wconf 69' lang='lat' dir='ltr'>A).</span> <span class='ocrx_word' id='word_1_251' title='bbox 1204 2687 1253 2736; x_wconf 87' lang='lat' dir='ltr'>sed</span> <span class='ocrx_word' id='word_1_252' title='bbox 1271 2687 1343 2737; x_wconf 89' lang='lat' dir='ltr'>sicut</span> 
     </span>
     <span class='ocr_line' id='line_1_29' title="bbox 205 2754 1341 2821; baseline -0.001 -15"><span class='ocrx_word' id='word_1_253' title='bbox 205 2757 262 2806; x_wconf 82' lang='lat' dir='ltr'>ista</span> <span class='ocrx_word' id='word_1_254' title='bbox 278 2761 339 2821; x_wconf 92' lang='lat' dir='ltr'>post</span> <span class='ocrx_word' id='word_1_255' title='bbox 357 2755 496 2806; x_wconf 87' lang='lat' dir='ltr'>defectum</span> <span class='ocrx_word' id='word_1_256' title='bbox 514 2757 662 2821; x_wconf 88' lang='lat' dir='ltr'>perspicua</span> <span class='ocrx_word' id='word_1_257' title='bbox 681 2756 874 2806; x_wconf 89' lang='lat' dir='ltr'>inlustratione</span> <span class='ocrx_word' id='word_1_258' title='bbox 899 2755 1041 2817; x_wconf 82' lang='lat' dir='ltr'>clarescit,</span> <span class='ocrx_word' id='word_1_259' title='bbox 1066 2754 1136 2804; x_wconf 86' lang='lat' dir='ltr'>adeo</span> <span class='ocrx_word' id='word_1_260' title='bbox 1159 2759 1190 2804; x_wconf 88' lang='lat' dir='ltr'>ut</span> <span class='ocrx_word' id='word_1_261' title='bbox 1208 2755 1278 2804; x_wconf 88' lang='lat' dir='ltr'>nihil</span> <span class='ocrx_word' id='word_1_262' title='bbox 1296 2755 1341 2805; x_wconf 90' lang='lat' dir='ltr'>de·</span> 
     </span>
     <span class='ocr_line' id='line_1_30' title="bbox 205 2824 1342 2889; baseline 0.001 -17"><span class='ocrx_word' id='word_1_263' title='bbox 205 2824 327 2873; x_wconf 90' lang='lat' dir='ltr'>trimenti</span> <span class='ocrx_word' id='word_1_264' title='bbox 346 2825 464 2873; x_wconf 78' lang='lat' dir='ltr'>sensisse</span> <span class='ocrx_word' id='word_1_265' title='bbox 483 2824 620 2885; x_wconf 86' lang='lat' dir='ltr'>uideatur,</span> <span class='ocrx_word' id='word_1_266' title='bbox 639 2825 679 2873; x_wconf 86' lang='lat' dir='ltr'>ita</span> <span class='ocrx_word' id='word_1_267' title='bbox 698 2830 726 2873; x_wconf 92' lang='lat' dir='ltr'>et</span> <span class='ocrx_word' id='word_1_268' title='bbox 745 2825 866 2874; x_wconf 87' lang='lat' dir='ltr'>eeclesia</span> <span class='ocrx_word' id='word_1_269' title='bbox 883 2830 1026 2889; x_wconf 88' lang='lat' dir='ltr'>postquam</span> <span class='ocrx_word' id='word_1_270' title='bbox 1044 2839 1094 2888; x_wconf 85' lang='lat' dir='ltr'>per</span> <span class='ocrx_word' id='word_1_271' title='bbox 1111 2829 1259 2887; x_wconf 81' lang='lat' dir='ltr'>martyrum</span> <span class='ocrx_word' id='word_1_272' title='bbox 1278 2839 1342 2873; x_wconf 89' lang='lat' dir='ltr'>con·</span> 
     </span>
     <span class='ocr_line' id='line_1_31' title="bbox 206 2891 1342 2958; baseline 0 -17"><span class='ocrx_word' id='word_1_273' title='bbox 206 2893 357 2941; x_wconf 83' lang='lat' dir='ltr'>sessionem</span> <span class='ocrx_word' id='word_1_274' title='bbox 379 2908 457 2942; x_wconf 88' lang='lat' dir='ltr'>suum</span> <span class='ocrx_word' id='word_1_275' title='bbox 479 2907 528 2957; x_wconf 88' lang='lat' dir='ltr'>pro</span> <span class='ocrx_word' id='word_1_276' title='bbox 547 2891 657 2942; x_wconf 85' lang='lat' dir='ltr'>Christo</span> <span class='ocrx_word' id='word_1_277' title='bbox 681 2894 843 2958; x_wconf 89' lang='lat' dir='ltr'>sanguinem</span> <span class='ocrx_word' id='word_1_278' title='bbox 867 2892 983 2955; x_wconf 80' lang='lat' dir='ltr'>fuderit,</span> <span class='ocrx_word' id='word_1_279' title='bbox 1006 2892 1110 2942; x_wconf 85' lang='lat' dir='ltr'>maiore</span> <span class='ocrx_word' id='word_1_280' title='bbox 1129 2891 1194 2941; x_wconf 87' lang='lat' dir='ltr'>fidei</span> <span class='ocrx_word' id='word_1_281' title='bbox 1213 2891 1342 2942; x_wconf 85' lang='lat' dir='ltr'>claritate</span> 
     </span>
     <span class='ocr_line' id='line_1_32' title="bbox 206 2959 1342 3025; baseline 0 -16"><span class='ocrx_word' id='word_1_282' title='bbox 206 2959 326 3025; x_wconf 79' lang='lat' dir='ltr'>refulget</span> <span class='ocrx_word' id='word_1_283' title='bbox 349 2961 436 3024; x_wconf 84' lang='lat' dir='ltr'>adque</span> <span class='ocrx_word' id='word_1_284' title='bbox 456 2960 602 3023; x_wconf 79' lang='lat' dir='ltr'>insigniori</span> <span class='ocrx_word' id='word_1_285' title='bbox 624 2960 727 3010; x_wconf 90' lang='lat' dir='ltr'>lumine</span> <span class='ocrx_word' id='word_1_286' title='bbox 751 2961 883 3010; x_wconf 88' lang='lat' dir='ltr'>decorata</span> <span class='ocrx_word' id='word_1_287' title='bbox 906 2964 993 3010; x_wconf 86' lang='lat' dir='ltr'>semet</span> <span class='ocrx_word' id='word_1_288' title='bbox 1017 2961 1106 3025; x_wconf 90' lang='lat' dir='ltr'>ipsam</span> <span class='ocrx_word' id='word_1_289' title='bbox 1128 2960 1213 3010; x_wconf 85' lang='lat' dir='ltr'>latius</span> <span class='ocrx_word' id='word_1_290' title='bbox 1237 2960 1266 3009; x_wconf 92' lang='lat' dir='ltr'>in</span> <span class='ocrx_word' id='word_1_291' title='bbox 1284 2964 1342 3009; x_wconf 92' lang='lat' dir='ltr'>toto</span> 
     </span>
     <span class='ocr_line' id='line_1_33' title="bbox 205 3025 1343 3093; baseline -0.001 -15"><span class='ocrx_word' id='word_1_292' title='bbox 205 3028 270 3078; x_wconf 90' lang='lat' dir='ltr'>orbe</span> <span class='ocrx_word' id='word_1_293' title='bbox 288 3025 435 3077; x_wconf 66' lang='lat' dir='ltr'>diffindit!</span> <span class='ocrx_word' id='word_1_294' title='bbox 465 3027 591 3093; x_wconf 84' lang='lat' dir='ltr'>Hyginus</span> <span class='ocrx_word' id='word_1_295' title='bbox 609 3029 639 3077; x_wconf 92' lang='lat' dir='ltr'>P.</span> <span class='ocrx_word' id='word_1_296' title='bbox 653 3030 684 3078; x_wconf 87' lang='grc' dir='ltr'>Α.</span> <span class='ocrx_word' id='word_1_297' title='bbox 699 3029 755 3078; x_wconf 92' lang='lat' dir='ltr'>lllI</span> <span class='ocrx_word' id='word_1_298' title='bbox 770 3028 813 3077; x_wconf 75' lang='lat' dir='ltr'>lt:</span> <span class='ocrx_word' id='word_1_299' title='bbox 834 3028 940 3079; x_wconf 84' lang='lat' dir='ltr'>‘Lunae</span> <span class='ocrx_word' id='word_1_300' title='bbox 953 3032 1046 3078; x_wconf 88' lang='lat' dir='ltr'>sutem</span> <span class='ocrx_word' id='word_1_301' title='bbox 1058 3027 1172 3093; x_wconf 87' lang='lat' dir='ltr'>eclipsis</span> <span class='ocrx_word' id='word_1_302' title='bbox 1184 3028 1226 3078; x_wconf 90' lang='lat' dir='ltr'>sic</span> <span class='ocrx_word' id='word_1_303' title='bbox 1239 3028 1343 3091; x_wconf 86' lang='lat' dir='ltr'>euenit,</span> 
     </span>
     <span class='ocr_line' id='line_1_34' title="bbox 205 3095 1343 3162; baseline 0 -16"><span class='ocrx_word' id='word_1_304' title='bbox 205 3111 265 3146; x_wconf 90' lang='lat' dir='ltr'>curn</span> <span class='ocrx_word' id='word_1_305' title='bbox 283 3112 368 3162; x_wconf 88' lang='lat' dir='ltr'>prope</span> <span class='ocrx_word' id='word_1_306' title='bbox 386 3096 557 3146; x_wconf 87' lang='lat' dir='ltr'>dimensione</span> <span class='ocrx_word' id='word_1_307' title='bbox 576 3097 710 3159; x_wconf 81' lang='lat' dir='ltr'>sitlans,</span> <span class='ocrx_word' id='word_1_308' title='bbox 730 3112 791 3146; x_wconf 88' lang='lat' dir='ltr'>cum</span> <span class='ocrx_word' id='word_1_309' title='bbox 810 3096 912 3147; x_wconf 90' lang='lat' dir='ltr'>abierit</span> <span class='ocrx_word' id='word_1_310' title='bbox 930 3096 969 3146; x_wconf 92' lang='lat' dir='ltr'>sel</span> <span class='ocrx_word' id='word_1_311' title='bbox 989 3097 1039 3145; x_wconf 89' lang='lat' dir='ltr'>snb</span> <span class='ocrx_word' id='word_1_312' title='bbox 1057 3101 1174 3159; x_wconf 87' lang='lat' dir='ltr'>terram,</span> <span class='ocrx_word' id='word_1_313' title='bbox 1200 3095 1343 3146; x_wconf 78' lang='lat' dir='ltr'>dumtaxat</span> 
     </span>
     <span class='ocr_line' id='line_1_35' title="bbox 202 3164 1342 3230; baseline 0.001 -17"><span class='ocrx_word' id='word_1_314' title='bbox 202 3164 256 3214; x_wconf 92' lang='lat' dir='ltr'>hoc</span> <span class='ocrx_word' id='word_1_315' title='bbox 275 3164 362 3223; x_wconf 91' lang='lat' dir='ltr'>modo,</span> <span class='ocrx_word' id='word_1_316' title='bbox 382 3169 412 3213; x_wconf 89' lang='lat' dir='ltr'>ut</span> <span class='ocrx_word' id='word_1_317' title='bbox 429 3180 478 3229; x_wconf 86' lang='lat' dir='ltr'>per</span> <span class='ocrx_word' id='word_1_318' title='bbox 496 3165 614 3214; x_wconf 86' lang='lat' dir='ltr'>mediam</span> <span class='ocrx_word' id='word_1_319' title='bbox 626 3171 727 3215; x_wconf 82' lang='lat' dir='ltr'>terrani</span> <span class='ocrx_word' id='word_1_320' title='bbox 739 3165 764 3215; x_wconf 91' lang='lat' dir='ltr'>si</span> <span class='ocrx_word' id='word_1_321' title='bbox 783 3164 846 3230; x_wconf 90' lang='lat' dir='ltr'>quid</span> <span class='ocrx_word' id='word_1_322' title='bbox 865 3164 1000 3215; x_wconf 89' lang='lat' dir='ltr'>directum</span> <span class='ocrx_word' id='word_1_323' title='bbox 1019 3165 1164 3214; x_wconf 85' lang='lat' dir='ltr'>traieceris</span> <span class='ocrx_word' id='word_1_324' title='bbox 1179 3164 1342 3228; x_wconf 82' lang='lat' dir='ltr'>contingere</span> 
     </span>
     <span class='ocr_line' id='line_1_36' title="bbox 203 3232 1342 3299; baseline -0.001 -16"><span class='ocrx_word' id='word_1_325' title='bbox 203 3234 292 3299; x_wconf 86' lang='lat' dir='ltr'>possit</span> <span class='ocrx_word' id='word_1_326' title='bbox 315 3232 400 3283; x_wconf 90' lang='lat' dir='ltr'>solem</span> <span class='ocrx_word' id='word_1_327' title='bbox 423 3232 473 3283; x_wconf 88' lang='lat' dir='ltr'>sub</span> <span class='ocrx_word' id='word_1_328' title='bbox 495 3238 610 3295; x_wconf 87' lang='lat' dir='ltr'>terram,</span> <span class='ocrx_word' id='word_1_329' title='bbox 640 3232 734 3283; x_wconf 89' lang='lat' dir='ltr'>lunam</span> <span class='ocrx_word' id='word_1_330' title='bbox 757 3240 850 3283; x_wconf 88' lang='lat' dir='ltr'>autem</span> <span class='ocrx_word' id='word_1_331' title='bbox 872 3248 954 3298; x_wconf 89' lang='lat' dir='ltr'>supra</span> <span class='ocrx_word' id='word_1_332' title='bbox 977 3237 1092 3295; x_wconf 88' lang='lat' dir='ltr'>terram;</span> <span class='ocrx_word' id='word_1_333' title='bbox 1121 3232 1192 3297; x_wconf 90' lang='lat' dir='ltr'>quod</span> <span class='ocrx_word' id='word_1_334' title='bbox 1217 3247 1278 3281; x_wconf 87' lang='lat' dir='ltr'>eum</span> <span class='ocrx_word' id='word_1_335' title='bbox 1300 3233 1342 3282; x_wconf 87' lang='lat' dir='ltr'>ita</span> 
     </span>
     <span class='ocr_line' id='line_1_37' title="bbox 112 3299 1340 3366; baseline 0 -16"><span class='ocrx_word' id='word_1_336' title='bbox 112 3322 115 3326; x_wconf 92' lang='lat'>·</span> <span class='ocrx_word' id='word_1_337' title='bbox 205 3301 312 3361; x_wconf 87' lang='lat' dir='ltr'>euenit,</span> <span class='ocrx_word' id='word_1_338' title='bbox 337 3315 451 3350; x_wconf 88' lang='lat' dir='ltr'>necesse</span> <span class='ocrx_word' id='word_1_339' title='bbox 471 3306 514 3350; x_wconf 89' lang='lat' dir='ltr'>est</span> <span class='ocrx_word' id='word_1_340' title='bbox 532 3300 597 3349; x_wconf 90' lang='lat' dir='ltr'>solis</span> <span class='ocrx_word' id='word_1_341' title='bbox 616 3301 708 3351; x_wconf 89' lang='lat' dir='ltr'>radios</span> <span class='ocrx_word' id='word_1_342' title='bbox 731 3308 842 3366; x_wconf 86' lang='lat' dir='ltr'>proptor</span> <span class='ocrx_word' id='word_1_343' title='bbox 865 3300 1082 3366; x_wconf 78' lang='lat' dir='ltr'>magnitudinem</span> <span class='ocrx_word' id='word_1_344' title='bbox 1107 3306 1198 3349; x_wconf 88' lang='lat' dir='ltr'>terrae</span> <span class='ocrx_word' id='word_1_345' title='bbox 1220 3299 1262 3349; x_wconf 86' lang='lat' dir='ltr'>ita</span> <span class='ocrx_word' id='word_1_346' title='bbox 1280 3314 1340 3350; x_wconf 86' lang='lat' dir='ltr'>esse</span> 
     </span>
     <span class='ocr_line' id='line_1_38' title="bbox 204 3367 1339 3433; baseline -0.002 -15"><span class='ocrx_word' id='word_1_347' title='bbox 204 3368 344 3429; x_wconf 88' lang='lat' dir='ltr'>dimissos,</span> <span class='ocrx_word' id='word_1_348' title='bbox 368 3372 398 3416; x_wconf 92' lang='lat' dir='ltr'>ut</span> <span class='ocrx_word' id='word_1_349' title='bbox 419 3368 512 3417; x_wconf 88' lang='lat' dir='ltr'>lumen</span> <span class='ocrx_word' id='word_1_350' title='bbox 535 3369 594 3417; x_wconf 89' lang='lat' dir='ltr'>eius</span> <span class='ocrx_word' id='word_1_351' title='bbox 618 3384 670 3432; x_wconf 90' lang='lat' dir='ltr'>qno</span> <span class='ocrx_word' id='word_1_352' title='bbox 688 3368 754 3418; x_wconf 89' lang='lat' dir='ltr'>luna</span> <span class='ocrx_word' id='word_1_353' title='bbox 776 3369 851 3420; x_wconf 90' lang='lat' dir='ltr'>lueet</span> <span class='ocrx_word' id='word_1_354' title='bbox 869 3384 923 3418; x_wconf 90' lang='lat' dir='ltr'>non</span> <span class='ocrx_word' id='word_1_355' title='bbox 940 3367 1028 3433; x_wconf 88' lang='lat' dir='ltr'>possit</span> <span class='ocrx_word' id='word_1_356' title='bbox 1052 3368 1087 3417; x_wconf 86' lang='lat' dir='ltr'>ad</span> <span class='ocrx_word' id='word_1_357' title='bbox 1106 3383 1166 3417; x_wconf 90' lang='lat' dir='ltr'>eam</span> <span class='ocrx_word' id='word_1_358' title='bbox 1184 3368 1339 3432; x_wconf 89' lang='lat' dir='ltr'>peruenire,</span> 
     </span>
    </p>
   </div>
   <div class='ocr_carea' id='block_1_5' title="bbox 206 1382 1347 1479">
    <p class='ocr_par' dir='ltr' id='par_1_5' title="bbox 206 1382 1347 1479">
     <span class='ocr_line' id='line_1_39' title="bbox 206 1382 1347 1479; baseline 0 -34"><span class='ocrx_word' id='word_1_359' title='bbox 206 1392 303 1459; x_wconf 73' lang='grc' dir='ltr'><strong><em>δίσκῳ.</em></strong></span> <span class='ocrx_word' id='word_1_360' title='bbox 344 1382 519 1459; x_wconf 75' lang='grc' dir='ltr'><strong><em>Ἀρίσταρχος</em></strong></span> <span class='ocrx_word' id='word_1_361' title='bbox 536 1388 586 1444; x_wconf 77' lang='grc' dir='ltr'>τὸν</span> <span class='ocrx_word' id='word_1_362' title='bbox 603 1386 686 1460; x_wconf 72' lang='grc' dir='ltr'><strong><em>ἥλιον</em></strong></span> <span class='ocrx_word' id='word_1_363' title='bbox 709 1391 801 1460; x_wconf 76' lang='grc' dir='ltr'><strong><em>ἵστησι</em></strong></span> <span class='ocrx_word' id='word_1_364' title='bbox 819 1388 890 1460; x_wconf 76' lang='grc' dir='ltr'><strong><em>μετὰ</em></strong></span> <span class='ocrx_word' id='word_1_365' title='bbox 908 1392 965 1444; x_wconf 77' lang='lat' dir='ltr'>scir</span> <span class='ocrx_word' id='word_1_366' title='bbox 983 1384 1135 1457; x_wconf 76' lang='grc' dir='ltr'><strong><em>οἷπλαννίν,</em></strong></span> <span class='ocrx_word' id='word_1_367' title='bbox 1159 1386 1212 1479; x_wconf 64' lang='grc' dir='ltr'>τῂν</span> <span class='ocrx_word' id='word_1_368' title='bbox 1236 1388 1268 1446; x_wconf 72' lang='lat' dir='ltr'>dl</span> <span class='ocrx_word' id='word_1_369' title='bbox 1292 1393 1347 1474; x_wconf 70' lang='grc' dir='ltr'>γῆν</span> 
     </span>
    </p>
   </div>
   <div class='ocr_carea' id='block_1_6' title="bbox 203 3435 1342 4045">
    <p class='ocr_par' dir='ltr' id='par_1_6' title="bbox 203 3435 1342 4045">
     <span class='ocr_line' id='line_1_40' title="bbox 205 3435 1341 3502; baseline -0.002 -16"><span class='ocrx_word' id='word_1_370' title='bbox 205 3441 233 3486; x_wconf 92' lang='lat' dir='ltr'>et</span> <span class='ocrx_word' id='word_1_371' title='bbox 256 3436 297 3485; x_wconf 91' lang='lat' dir='ltr'>ita</span> <span class='ocrx_word' id='word_1_372' title='bbox 321 3436 495 3485; x_wconf 82' lang='lat' dir='ltr'>existimatur</span> <span class='ocrx_word' id='word_1_373' title='bbox 518 3436 577 3485; x_wconf 86' lang='lat' dir='ltr'>fieri</span> <span class='ocrx_word' id='word_1_374' title='bbox 601 3436 713 3502; x_wconf 88' lang='lat' dir='ltr'>eclipsis</span> <span class='ocrx_word' id='word_1_375' title='bbox 731 3435 833 3487; x_wconf 65' lang='lat' dir='ltr'>lunae!</span> <span class='ocrx_word' id='word_1_376' title='bbox 868 3437 978 3501; x_wconf 85' lang='lat' dir='ltr'>Fragm.</span> <span class='ocrx_word' id='word_1_377' title='bbox 998 3436 1149 3486; x_wconf 87' lang='lat' dir='ltr'>Censorino</span> <span class='ocrx_word' id='word_1_378' title='bbox 1173 3435 1341 3500; x_wconf 87' lang='lat' dir='ltr'>adscriptum</span> 
     </span>
     <span class='ocr_line' id='line_1_41' title="bbox 203 3503 1340 3569; baseline 0 -16"><span class='ocrx_word' id='word_1_379' title='bbox 203 3503 292 3554; x_wconf 78' lang='lat'>1115:</span> <span class='ocrx_word' id='word_1_380' title='bbox 312 3504 402 3553; x_wconf 85' lang='lat' dir='ltr'>‘Luna</span> <span class='ocrx_word' id='word_1_381' title='bbox 419 3503 530 3569; x_wconf 84' lang='lat' dir='ltr'>globum</span> <span class='ocrx_word' id='word_1_382' title='bbox 549 3519 626 3553; x_wconf 87' lang='lat' dir='ltr'>sunm</span> <span class='ocrx_word' id='word_1_383' title='bbox 645 3505 766 3554; x_wconf 86' lang='lat' dir='ltr'>creditur</span> <span class='ocrx_word' id='word_1_384' title='bbox 783 3504 896 3567; x_wconf 89' lang='lat' dir='ltr'>babere,</span> <span class='ocrx_word' id='word_1_385' title='bbox 915 3505 963 3555; x_wconf 88' lang='lat' dir='ltr'>sed</span> <span class='ocrx_word' id='word_1_386' title='bbox 982 3505 1074 3569; x_wconf 79' lang='lat' dir='ltr'>ignem</span> <span class='ocrx_word' id='word_1_387' title='bbox 1093 3520 1110 3553; x_wconf 92' lang='lat' dir='ltr'>a</span> <span class='ocrx_word' id='word_1_388' title='bbox 1122 3503 1180 3554; x_wconf 89' lang='lat' dir='ltr'>sole</span> <span class='ocrx_word' id='word_1_389' title='bbox 1193 3504 1340 3568; x_wconf 91' lang='lat' dir='ltr'>concipere</span> 
     </span>
     <span class='ocr_line' id='line_1_42' title="bbox 204 3571 1339 3637; baseline -0.001 -16"><span class='ocrx_word' id='word_1_390' title='bbox 204 3578 233 3621; x_wconf 88' lang='lat' dir='ltr'>et</span> <span class='ocrx_word' id='word_1_391' title='bbox 251 3577 381 3637; x_wconf 88' lang='lat' dir='ltr'>quantum</span> <span class='ocrx_word' id='word_1_392' title='bbox 400 3572 553 3637; x_wconf 88' lang='lat' dir='ltr'>percutitur</span> <span class='ocrx_word' id='word_1_393' title='bbox 570 3571 723 3622; x_wconf 80' lang='lat' dir='ltr'>ardescere.</span> <span class='ocrx_word' id='word_1_394' title='bbox 761 3579 892 3637; x_wconf 82' lang='lat' dir='ltr'>quantum</span> <span class='ocrx_word' id='word_1_395' title='bbox 910 3573 996 3636; x_wconf 88' lang='lat' dir='ltr'>igitur</span> <span class='ocrx_word' id='word_1_396' title='bbox 1014 3588 1031 3621; x_wconf 88' lang='lat' dir='ltr'>a</span> <span class='ocrx_word' id='word_1_397' title='bbox 1049 3571 1107 3621; x_wconf 87' lang='lat' dir='ltr'>sole</span> <span class='ocrx_word' id='word_1_398' title='bbox 1119 3571 1239 3621; x_wconf 87' lang='lat' dir='ltr'>discedit</span> <span class='ocrx_word' id='word_1_399' title='bbox 1257 3587 1339 3636; x_wconf 86' lang='lat' dir='ltr'>auge-</span> 
     </span>
     <span class='ocr_line' id='line_1_43' title="bbox 205 3638 1341 3704; baseline 0.001 -17"><span class='ocrx_word' id='word_1_400' title='bbox 205 3645 261 3700; x_wconf 81' lang='lat' dir='ltr'>tur3</span> <span class='ocrx_word' id='word_1_401' title='bbox 281 3655 342 3689; x_wconf 89' lang='lat' dir='ltr'>cum</span> <span class='ocrx_word' id='word_1_402' title='bbox 360 3655 425 3689; x_wconf 88' lang='lat' dir='ltr'>uero</span> <span class='ocrx_word' id='word_1_403' title='bbox 444 3645 541 3689; x_wconf 85' lang='lat' dir='ltr'>contra</span> <span class='ocrx_word' id='word_1_404' title='bbox 559 3640 646 3695; x_wconf 85' lang='lat' dir='ltr'>stetit,</span> <span class='ocrx_word' id='word_1_405' title='bbox 666 3644 723 3690; x_wconf 87' lang='lat' dir='ltr'>toto</span> <span class='ocrx_word' id='word_1_406' title='bbox 742 3640 841 3690; x_wconf 88' lang='lat' dir='ltr'>feritur</span> <span class='ocrx_word' id='word_1_407' title='bbox 859 3641 913 3690; x_wconf 86' lang='lat' dir='ltr'>adu</span> <span class='ocrx_word' id='word_1_408' title='bbox 931 3656 974 3689; x_wconf 90' lang='lat' dir='ltr'>rso</span> <span class='ocrx_word' id='word_1_409' title='bbox 994 3645 1022 3689; x_wconf 91' lang='lat' dir='ltr'>et</span> <span class='ocrx_word' id='word_1_410' title='bbox 1034 3640 1109 3688; x_wconf 89' lang='lat' dir='ltr'>uelut</span> <span class='ocrx_word' id='word_1_411' title='bbox 1127 3638 1268 3704; x_wconf 87' lang='lat' dir='ltr'>speculum</span> <span class='ocrx_word' id='word_1_412' title='bbox 1285 3656 1341 3689; x_wconf 92' lang='lat' dir='ltr'>non</span> 
     </span>
     <span class='ocr_line' id='line_1_44' title="bbox 203 3658 1339 3773; baseline 0.001 -17"><span class='ocrx_word' id='word_1_413' title='bbox 203 3709 259 3756; x_wconf 87' lang='lat' dir='ltr'>uim</span> <span class='ocrx_word' id='word_1_414' title='bbox 282 3707 331 3757; x_wconf 89' lang='lat' dir='ltr'>sed</span> <span class='ocrx_word' id='word_1_415' title='bbox 354 3708 502 3773; x_wconf 81' lang='lat' dir='ltr'>imaginem</span> <span class='ocrx_word' id='word_1_416' title='bbox 524 3706 640 3756; x_wconf 79' lang='lat' dir='ltr'>reddit&#39;</span> <span class='ocrx_word' id='word_1_417' title='bbox 677 3708 833 3759; x_wconf 77' lang='lat' dir='ltr'>Scholiasta</span> <span class='ocrx_word' id='word_1_418' title='bbox 857 3658 1015 3758; x_wconf 68' lang='lat' dir='ltr'>(lerinensi</span> <span class='ocrx_word' id='word_1_419' title='bbox 1038 3724 1063 3772; x_wconf 88' lang='lat' dir='ltr'>p.</span> <span class='ocrx_word' id='word_1_420' title='bbox 1091 3705 1152 3756; x_wconf 82' lang='lat'>110:</span> <span class='ocrx_word' id='word_1_421' title='bbox 1182 3707 1252 3756; x_wconf 80' lang='lat' dir='ltr'>‘Alii</span> <span class='ocrx_word' id='word_1_422' title='bbox 1276 3723 1339 3757; x_wconf 92' lang='lat' dir='ltr'>con-</span> 
     </span>
     <span class='ocr_line' id='line_1_45' title="bbox 204 3775 1342 3842; baseline 0.002 -18"><span class='ocrx_word' id='word_1_423' title='bbox 204 3781 247 3824; x_wconf 86' lang='lat' dir='ltr'>tra</span> <span class='ocrx_word' id='word_1_424' title='bbox 266 3776 345 3825; x_wconf 89' lang='lat' dir='ltr'>aiunt</span> <span class='ocrx_word' id='word_1_425' title='bbox 367 3775 460 3825; x_wconf 91' lang='lat' dir='ltr'>lunam</span> <span class='ocrx_word' id='word_1_426' title='bbox 482 3775 592 3840; x_wconf 88' lang='lat' dir='ltr'>globum</span> <span class='ocrx_word' id='word_1_427' title='bbox 610 3790 687 3824; x_wconf 91' lang='lat' dir='ltr'>suum</span> <span class='ocrx_word' id='word_1_428' title='bbox 706 3776 825 3837; x_wconf 86' lang='lat' dir='ltr'>bebere,</span> <span class='ocrx_word' id='word_1_429' title='bbox 849 3776 897 3825; x_wconf 89' lang='lat' dir='ltr'>sed</span> <span class='ocrx_word' id='word_1_430' title='bbox 916 3777 1007 3842; x_wconf 88' lang='lat' dir='ltr'>ignem</span> <span class='ocrx_word' id='word_1_431' title='bbox 1026 3792 1043 3825; x_wconf 89' lang='lat' dir='ltr'>a</span> <span class='ocrx_word' id='word_1_432' title='bbox 1061 3775 1118 3825; x_wconf 86' lang='lat' dir='ltr'>sole</span> <span class='ocrx_word' id='word_1_433' title='bbox 1137 3776 1293 3840; x_wconf 84' lang='lat' dir='ltr'>concipere,</span> <span class='ocrx_word' id='word_1_434' title='bbox 1313 3781 1342 3826; x_wconf 87' lang='lat' dir='ltr'>et</span> 
     </span>
     <span class='ocr_line' id='line_1_46' title="bbox 204 3843 1341 3909; baseline 0.003 -17"><span class='ocrx_word' id='word_1_435' title='bbox 204 3847 334 3908; x_wconf 87' lang='lat' dir='ltr'>quantum</span> <span class='ocrx_word' id='word_1_436' title='bbox 352 3845 505 3908; x_wconf 88' lang='lat' dir='ltr'>percutitur</span> <span class='ocrx_word' id='word_1_437' title='bbox 523 3843 677 3903; x_wconf 89' lang='lat' dir='ltr'>ardescere,</span> <span class='ocrx_word' id='word_1_438' title='bbox 698 3850 727 3892; x_wconf 88' lang='lat' dir='ltr'>et</span> <span class='ocrx_word' id='word_1_439' title='bbox 745 3849 875 3908; x_wconf 85' lang='lat' dir='ltr'>quantum</span> <span class='ocrx_word' id='word_1_440' title='bbox 893 3859 910 3893; x_wconf 86' lang='lat' dir='ltr'>a</span> <span class='ocrx_word' id='word_1_441' title='bbox 928 3845 986 3895; x_wconf 88' lang='lat' dir='ltr'>sole</span> <span class='ocrx_word' id='word_1_442' title='bbox 1005 3844 1123 3893; x_wconf 90' lang='lat' dir='ltr'>discedit</span> <span class='ocrx_word' id='word_1_443' title='bbox 1142 3845 1248 3909; x_wconf 87' lang='lat' dir='ltr'>augeri.</span> <span class='ocrx_word' id='word_1_444' title='bbox 1279 3859 1341 3895; x_wconf 86' lang='lat' dir='ltr'>cum</span> 
     </span>
     <span class='ocr_line' id='line_1_47' title="bbox 203 3911 1341 3977; baseline 0.003 -17"><span class='ocrx_word' id='word_1_445' title='bbox 203 3926 270 3960; x_wconf 90' lang='lat' dir='ltr'>uero</span> <span class='ocrx_word' id='word_1_446' title='bbox 289 3916 385 3961; x_wconf 88' lang='lat' dir='ltr'>contra</span> <span class='ocrx_word' id='word_1_447' title='bbox 403 3914 522 3974; x_wconf 88' lang='lat' dir='ltr'>steterit,</span> <span class='ocrx_word' id='word_1_448' title='bbox 541 3911 639 3961; x_wconf 81' lang='lat' dir='ltr'>feritur</span> <span class='ocrx_word' id='word_1_449' title='bbox 658 3927 691 3961; x_wconf 85' lang='lat' dir='ltr'>ex</span> <span class='ocrx_word' id='word_1_450' title='bbox 710 3911 826 3961; x_wconf 86' lang='lat' dir='ltr'>aduerso</span> <span class='ocrx_word' id='word_1_451' title='bbox 845 3917 873 3961; x_wconf 90' lang='lat' dir='ltr'>et</span> <span class='ocrx_word' id='word_1_452' title='bbox 890 3911 968 3961; x_wconf 88' lang='lat' dir='ltr'>uelut</span> <span class='ocrx_word' id='word_1_453' title='bbox 985 3911 1127 3977; x_wconf 89' lang='lat' dir='ltr'>speculum</span> <span class='ocrx_word' id='word_1_454' title='bbox 1144 3926 1199 3961; x_wconf 91' lang='lat' dir='ltr'>non</span> <span class='ocrx_word' id='word_1_455' title='bbox 1217 3912 1273 3961; x_wconf 86' lang='lat' dir='ltr'>uim</span> <span class='ocrx_word' id='word_1_456' title='bbox 1291 3912 1341 3963; x_wconf 90' lang='lat' dir='ltr'>sed</span> 
     </span>
     <span class='ocr_line' id='line_1_48' title="bbox 203 3979 1341 4045; baseline 0.003 -17"><span class='ocrx_word' id='word_1_457' title='bbox 203 3979 352 4045; x_wconf 81' lang='lat' dir='ltr'>imaginem</span> <span class='ocrx_word' id='word_1_458' title='bbox 371 3979 472 4042; x_wconf 85' lang='lat' dir='ltr'>reddit,</span> <span class='ocrx_word' id='word_1_459' title='bbox 497 3979 585 4029; x_wconf 88' lang='lat' dir='ltr'>nude</span> <span class='ocrx_word' id='word_1_460' title='bbox 606 3984 639 4027; x_wconf 84' lang='lat' dir='ltr'>ot</span> <span class='ocrx_word' id='word_1_461' title='bbox 657 3980 831 4029; x_wconf 82' lang='lat' dir='ltr'>deiectum</span> <span class='ocrx_word' id='word_1_462' title='bbox 849 3980 995 4045; x_wconf 88' lang='lat' dir='ltr'>patitur,</span> <span class='ocrx_word' id='word_1_463' title='bbox 1020 3980 1049 4029; x_wconf 89' lang='lat' dir='ltr'>si</span> <span class='ocrx_word' id='word_1_464' title='bbox 1072 3979 1164 4030; x_wconf 89' lang='lat' dir='ltr'>inter</span> <span class='ocrx_word' id='word_1_465' title='bbox 1182 3981 1289 4045; x_wconf 85' lang='lat' dir='ltr'>ipsum</span> <span class='ocrx_word' id='word_1_466' title='bbox 1307 3986 1341 4031; x_wconf 90' lang='lat' dir='ltr'>et</span> 
     </span>
    </p>
   </div>
   <div class='ocr_carea' id='block_1_7' title="bbox 203 4127 1341 4560">
    <p class='ocr_par' dir='ltr' id='par_1_7' title="bbox 203 4127 1341 4560">
     <span class='ocr_line' id='line_1_49' title="bbox 290 4127 1339 4216; baseline -0.002 -20"><span class='ocrx_word' id='word_1_467' title='bbox 290 4145 302 4196; x_wconf 94' lang='lat' dir='ltr'>l</span> <span class='ocrx_word' id='word_1_468' title='bbox 315 4132 429 4193; x_wconf 88' lang='lat' dir='ltr'>defecit</span> <span class='ocrx_word' id='word_1_469' title='bbox 441 4132 479 4191; x_wconf 76' lang='lat'>13¹</span> <span class='ocrx_word' id='word_1_470' title='bbox 494 4129 508 4209; x_wconf 94' lang='grc' dir='ltr'>ΙΙ</span> <span class='ocrx_word' id='word_1_471' title='bbox 525 4134 841 4193; x_wconf 84' lang='lat' dir='ltr'>deminucionenemA</span> <span class='ocrx_word' id='word_1_472' title='bbox 855 4127 868 4214; x_wconf 96' lang='grc' dir='ltr'>ΙΙ</span> <span class='ocrx_word' id='word_1_473' title='bbox 883 4132 1027 4194; x_wconf 61' lang='lat' dir='ltr'>subiecto</span> <span class='ocrx_word' id='word_1_474' title='bbox 1038 4130 1077 4191; x_wconf 81' lang='grc' dir='ltr'>Βι</span> <span class='ocrx_word' id='word_1_475' title='bbox 1103 4127 1108 4216; x_wconf 98' lang='grc' dir='ltr'>Ι</span> <span class='ocrx_word' id='word_1_476' title='bbox 1123 4132 1339 4194; x_wconf 89' lang='lat' dir='ltr'>obumbrantes</span> 
     </span>
     <span class='ocr_line' id='line_1_50' title="bbox 203 4213 1340 4340; baseline 0 -63"><span class='ocrx_word' id='word_1_477' title='bbox 203 4222 228 4277; x_wconf 99' lang='lat' dir='ltr'><em>A</em></span> <span class='ocrx_word' id='word_1_478' title='bbox 244 4218 412 4279; x_wconf 89' lang='lat' dir='ltr'>obumbrati</span> <span class='ocrx_word' id='word_1_479' title='bbox 430 4223 458 4277; x_wconf 89' lang='lat' dir='ltr'><em>B</em></span> <span class='ocrx_word' id='word_1_480' title='bbox 471 4215 485 4302; x_wconf 95' lang='grc' dir='ltr'>ΙΙ</span> <span class='ocrx_word' id='word_1_481' title='bbox 500 4221 588 4279; x_wconf 89' lang='lat' dir='ltr'>terris</span> <span class='ocrx_word' id='word_1_482' title='bbox 607 4216 647 4277; x_wconf 68' lang='lat'>13²</span> <span class='ocrx_word' id='word_1_483' title='bbox 662 4214 680 4340; x_wconf 92' lang='grc' dir='ltr'>ΙΙ</span> <span class='ocrx_word' id='word_1_484' title='bbox 691 4239 764 4278; x_wconf 90' lang='lat' dir='ltr'>casu</span> <span class='ocrx_word' id='word_1_485' title='bbox 780 4215 815 4277; x_wconf 88' lang='lat' dir='ltr'>B¹</span> <span class='ocrx_word' id='word_1_486' title='bbox 832 4213 845 4301; x_wconf 94' lang='grc' dir='ltr'>ΙΙ</span> <span class='ocrx_word' id='word_1_487' title='bbox 860 4228 877 4280; x_wconf 85' lang='grc'>3</span> <span class='ocrx_word' id='word_1_488' title='bbox 893 4220 1023 4297; x_wconf 68' lang='lat' dir='ltr'>patietur</span> <span class='ocrx_word' id='word_1_489' title='bbox 1038 4222 1065 4276; x_wconf 90' lang='lat' dir='ltr'><em>B</em></span> <span class='ocrx_word' id='word_1_490' title='bbox 1086 4214 1090 4300; x_wconf 95' lang='grc' dir='ltr'>Ι</span> <span class='ocrx_word' id='word_1_491' title='bbox 1123 4230 1224 4279; x_wconf 88' lang='lat' dir='ltr'>autem</span> <span class='ocrx_word' id='word_1_492' title='bbox 1238 4219 1296 4279; x_wconf 89' lang='lat' dir='ltr'>hoc</span> <span class='ocrx_word' id='word_1_493' title='bbox 1312 4222 1340 4277; x_wconf 93' lang='lat' dir='ltr'><em>B</em></span> 
     </span>
     <span class='ocr_line' id='line_1_51' title="bbox 206 4298 1341 4387; baseline -0.002 -25"><span class='ocrx_word' id='word_1_494' title='bbox 206 4298 218 4386; x_wconf 93' lang='grc' dir='ltr'>ΙΙ</span> <span class='ocrx_word' id='word_1_495' title='bbox 239 4302 666 4385; x_wconf 83' lang='lat' dir='ltr'>quesqnaeB¹hoc11squeB</span> <span class='ocrx_word' id='word_1_496' title='bbox 694 4298 708 4387; x_wconf 95' lang='grc' dir='ltr'>ΙΙ</span> <span class='ocrx_word' id='word_1_497' title='bbox 723 4313 740 4366; x_wconf 83' lang='lat'>4</span> <span class='ocrx_word' id='word_1_498' title='bbox 756 4303 862 4363; x_wconf 85' lang='lat' dir='ltr'>umbra</span> <span class='ocrx_word' id='word_1_499' title='bbox 881 4307 907 4361; x_wconf 86' lang='lat' dir='ltr'><em>B</em></span> <span class='ocrx_word' id='word_1_500' title='bbox 920 4298 934 4385; x_wconf 95' lang='grc' dir='ltr'>ΙΙ</span> <span class='ocrx_word' id='word_1_501' title='bbox 951 4313 1041 4363; x_wconf 83' lang='lat' dir='ltr'>exeat</span> <span class='ocrx_word' id='word_1_502' title='bbox 1054 4323 1107 4362; x_wconf 87' lang='lat' dir='ltr'>om.</span> <span class='ocrx_word' id='word_1_503' title='bbox 1123 4308 1148 4363; x_wconf 93' lang='lat' dir='ltr'><em>A</em></span> <span class='ocrx_word' id='word_1_504' title='bbox 1162 4299 1176 4386; x_wconf 95' lang='grc' dir='ltr'>ΙΙ</span> <span class='ocrx_word' id='word_1_505' title='bbox 1191 4318 1207 4367; x_wconf 81' lang='lat'>5</span> <span class='ocrx_word' id='word_1_506' title='bbox 1224 4324 1295 4381; x_wconf 84' lang='lat' dir='ltr'>ergo</span> <span class='ocrx_word' id='word_1_507' title='bbox 1312 4306 1341 4360; x_wconf 92' lang='lat' dir='ltr'><em>B</em></span> 
     </span>
     <span class='ocr_line' id='line_1_52' title="bbox 203 4383 1337 4472; baseline 0.004 -24"><span class='ocrx_word' id='word_1_508' title='bbox 203 4397 305 4449; x_wconf 90' lang='lat' dir='ltr'>autem</span> <span class='ocrx_word' id='word_1_509' title='bbox 325 4384 379 4472; x_wconf 82' lang='grc' dir='ltr'>ΑΙΙ</span> <span class='ocrx_word' id='word_1_510' title='bbox 393 4390 466 4450; x_wconf 89' lang='lat' dir='ltr'>luna</span> <span class='ocrx_word' id='word_1_511' title='bbox 487 4395 541 4450; x_wconf 87' lang='lat' dir='ltr'>AB</span> <span class='ocrx_word' id='word_1_512' title='bbox 554 4388 567 4470; x_wconf 87' lang='grc' dir='ltr'>ΙΙ</span> <span class='ocrx_word' id='word_1_513' title='bbox 584 4391 641 4449; x_wconf 90' lang='lat' dir='ltr'>olis</span> <span class='ocrx_word' id='word_1_514' title='bbox 657 4387 699 4447; x_wconf 85' lang='lat' dir='ltr'>Bl</span> <span class='ocrx_word' id='word_1_515' title='bbox 720 4385 725 4470; x_wconf 96' lang='grc' dir='ltr'>Ι</span> <span class='ocrx_word' id='word_1_516' title='bbox 753 4389 831 4449; x_wconf 88' lang='lat' dir='ltr'>radii</span> <span class='ocrx_word' id='word_1_517' title='bbox 852 4384 936 4471; x_wconf 79' lang='grc' dir='ltr'>ΑΙΙθ</span> <span class='ocrx_word' id='word_1_518' title='bbox 955 4388 1076 4449; x_wconf 85' lang='lat' dir='ltr'>obiecta</span> <span class='ocrx_word' id='word_1_519' title='bbox 1094 4394 1122 4447; x_wconf 89' lang='lat' dir='ltr'><em>B</em></span> <span class='ocrx_word' id='word_1_520' title='bbox 1138 4391 1236 4450; x_wconf 87' lang='lat' dir='ltr'>eiecto</span> <span class='ocrx_word' id='word_1_521' title='bbox 1255 4383 1337 4472; x_wconf 84' lang='grc' dir='ltr'>ΑΙΙ7</span> 
     </span>
     <span class='ocr_line' id='line_1_53' title="bbox 204 4471 1021 4560; baseline 0.001 -27"><span class='ocrx_word' id='word_1_522' title='bbox 204 4475 330 4541; x_wconf 71' lang='lat' dir='ltr'>samiehi</span> <span class='ocrx_word' id='word_1_523' title='bbox 347 4471 386 4532; x_wconf 76' lang='grc' dir='ltr'>Βι</span> <span class='ocrx_word' id='word_1_524' title='bbox 404 4476 490 4535; x_wconf 89' lang='lat' dir='ltr'>stoici</span> <span class='ocrx_word' id='word_1_525' title='bbox 507 4474 548 4533; x_wconf 77' lang='lat' dir='ltr'>B²</span> <span class='ocrx_word' id='word_1_526' title='bbox 564 4476 672 4535; x_wconf 87' lang='lat' dir='ltr'>stohici</span> <span class='ocrx_word' id='word_1_527' title='bbox 691 4480 714 4534; x_wconf 93' lang='lat' dir='ltr'><em>A</em></span> <span class='ocrx_word' id='word_1_528' title='bbox 737 4472 741 4560; x_wconf 96' lang='grc' dir='ltr'>Ι</span> <span class='ocrx_word' id='word_1_529' title='bbox 758 4474 858 4535; x_wconf 85' lang='lat' dir='ltr'>claudi</span> <span class='ocrx_word' id='word_1_530' title='bbox 877 4474 981 4536; x_wconf 89' lang='lat' dir='ltr'>dicunt</span> <span class='ocrx_word' id='word_1_531' title='bbox 996 4477 1021 4534; x_wconf 86' lang='lat' dir='ltr'><em>A</em></span> 
     </span>
    </p>
   </div>
   <div class='ocr_carea' id='block_1_8' title="bbox 0 0 1614 5000">
    <p class='ocr_par' dir='ltr' id='par_1_8' title="bbox 0 0 1614 5000">
     <span class='ocr_line' id='line_1_54' title="bbox 0 0 1614 5000; baseline 0 1"><span class='ocrx_word' id='word_1_532' title='bbox 0 0 1614 5000; x_wconf 95' lang='lat' dir='ltr'> </span> 
     </span>
    </p>
   </div>
  </div>
 </body>
</html>
