3186 4996
582 428 624 467 DI}
644 426 732 467 Vltus
756 425 969 467 lunvsraravs

331 582 363 637 et
384 573 495 637 omnia
516 582 593 636 tunc
614 573 663 636 ira
686 573 706 650 †
729 581 808 636 tunc
829 571 978 637 desolata

407 673 553 751 †omnia
574 694 661 738 noua
682 696 786 759 regna
811 673 832 751 †
856 673 937 739 duas
960 676 1136 760 accipiunt.
1217 721 1227 733 ,

727 814 827 874 XXII

35 952 38 959 ι
116 898 192 973 30*
293 912 477 998 {Aegyptus
504 910 541 974 fit
568 932 703 976 romana
724 912 894 998 prouincia
923 918 961 989 (a.
994 915 1077 994 7241]
1102 933 1197 998 quam
1221 910 1344 998 primus

204 1015 361 1078 ianuile.
385 1029 580 1078 CORNELIVS
606 1028 761 1094 GALLVS,
784 1013 824 1077 de
846 1034 909 1100 quo
939 1011 1104 1097 Vergilius
1126 1013 1249 1077 scribit.

113 1106 188 1183 31*
288 1114 460 1180 Cornelius
496 1114 612 1180 Gallus
646 1113 882 1180 Foroiuliensis
916 1124 1026 1202 poeta,
1058 1136 1078 1178 a
1108 1134 1172 1202 quo
1206 1115 1366 1201 primums

202 1221 391 1319 Aegyptum
421 1225 542 1281 rectam
565 1238 663 1304 supra
690 1215 851 1298 diximus,
875 1215 992 1280 XLIII
1020 1218 1136 1280 aetatis
1159 1237 1237 1280 suae
1259 1237 1345 1280 anno

205 1321 338 1408 propria
359 1341 394 1383 se
417 1340 517 1384 manu
537 1318 765 1411 interfecitgpr.
792 1329 848 1381 727
864 1332 915 1380 out
934 1328 1015 1396 725³).

202 1526 327 1591 Vergilio
350 1529 437 1574 erant.
480 1524 581 1575 Sensus
605 1530 661 1574 est:
697 1525 742 1575 hio
761 1526 807 1591 qai
830 1526 947 1575 Bauium
965 1525 1112 1590 pessimum
1130 1522 1241 1589 poetam
1260 1528 1343 1581 amat,
1387 1525 1392 1535 “

203 1597 287 1644 etiam
310 1595 449 1643 Maeuium
473 1594 595 1659 peiorem
618 1600 649 1641 ut
667 1592 777 1658 duplum
800 1593 904 1643 lrabeat
938 1593 1049 1643 malum.
1075 1593 1167 1642 chron.
1193 1592 1274 1641 dicit:
1298 1591 1346 1654 (sic

204 1679 265 1713 curn
283 1662 352 1711 dicit
369 1667 487 1718 correxi,
507 1660 690 1725 Hieronymus
708 1661 777 1710 dicit
800 1662 939 1725 Sauppiaa)
962 1662 998 1710 M.
1018 1661 1122 1710 Bauius
1145 1666 1242 1725 pocta,
1266 1674 1346 1724 quem

203 1730 344 1795 Vergilius
362 1730 391 1779 in
409 1728 546 1778 bucolicis
564 1733 657 1790 notat,
677 1731 706 1778 in
725 1728 904 1793 Cappadocia
921 1727 1054 1778 moritur!
1077 1728 1175 1777 ultima
1194 1745 1228 1777 ex
1245 1729 1345 1777 Hiero·

204 1814 283 1862 nyma
306 1798 447 1871 desgripta
470 1802 542 1845 suut.
567 1796 679 1845 Servius
704 1796 756 1846 ecl.
781 1797 823 1846 111
846 1795 893 1845 00:
918 1797 972 1857 Qui
990 1796 1108 1845 Bauium
1126 1811 1181 1846 non
1200 1793 1266 1860 odit]
1288 1796 1345 1860 ‘pro

202 1881 293 1931 poena
312 1865 337 1913 ei
357 1864 517 1929 contingat,
536 1870 567 1912 ut
585 1864 686 1928 diligat
701 1865 841 1913 Maeuium
858 1865 980 1929 peiorem
997 1870 1117 1929 pactam.
1138 1880 1200 1913 nam
1219 1863 1345 1913 Maeuius

203 1939 231 1984 at
251 1934 355 1983 Bauius
374 1933 488 1996 pessimi
507 1932 617 1981 fuerunt
635 1937 748 1996 poetae,
769 1933 875 1980 inimici
895 1938 951 1980 tam
970 1932 1087 1981 Horatio
1112 1947 1192 1996 quam
1211 1930 1343 1995 Vergilio.
1420 1946 1423 1952 ·

203 2000 274 2051 uude
288 2001 433 2049 Horatius:
464 2000 542 2049 Mala
554 1999 645 2048 soluta
663 2000 743 2048 nauis
757 2000 814 2048 exit
833 1999 900 2048 alite
917 1997 921 2064 1
938 1999 1030 2048 ferens
1049 1999 1167 2049 olentem
1181 1996 1344 2048 Maeuium'

287 2065 341 2121 tt*
358 2069 542 2130 Hieronymus
561 2066 603 2115 Ol.
620 2066 681 2127 187,
700 2065 725 2117 3.
754 2064 783 2119 31
794 2068 809 2099 *
828 2067 1012 2129 Hieronymus
1025 2066 1069 2115 Ol.
1087 2066 1145 2127 188,
1159 2068 1183 2115 2.
1199 2066 1345 2115 Suetonius

203 2137 270 2201 Aug.
294 2135 340 2186 ud:
361 2137 554 2200 ‘nequeenim
576 2140 679 2185 temere
698 2150 731 2184 ex
750 2136 822 2184 omni
841 2150 953 2185 numero
972 2134 1000 2183 in
1019 2135 1144 2184 amicitia
1164 2136 1222 2184 eius
1246 2134 1345 2184 afflicti

203 2205 377 2269 reperientur
399 2207 511 2267 praeter
534 2201 723 2253 Saluidienum
747 2203 846 2252 Rufum
870 2218 949 2266 qrrem
969 2203 1004 2252 ad
1021 2202 1194 2252 consulatum
1212 2216 1298 2267 usque
1318 2206 1346 2251 ct

203 2272 360 2322 Cornelium
379 2270 488 2321 Gallum
507 2285 588 2334 quem
611 2270 647 2319 ad
667 2270 874 2336 praefecturam
896 2271 1016 2335 Aegypti
1035 2286 1068 2319 cx
1085 2269 1179 2320 infima
1202 2275 1345 2334 utrumque

202 2340 314 2390 fortuna
331 2343 504 2404 prouexerat.
529 2353 641 2402 quorum
665 2338 781 2388 alterum
805 2354 849 2388 res
871 2354 957 2388 nouas
981 2337 1139 2388 molientem
1162 2337 1345 2387 damnandum

203 2408 314 2457 senatui
332 2407 459 2465 tradidit,
479 2405 561 2454 alteri
580 2406 614 2455 ob
632 2406 770 2471 ingratum
790 2413 818 2455 et
835 2406 995 2456 maliuolum
1009 2406 1128 2455 animum
1141 2405 1220 2455 domo
1239 2411 1267 2454 st
1285 2420 1344 2470 pro-

202 2475 304 2524 uinciis
328 2476 385 2523 suis
408 2473 560 2522 interdixit.
597 2474 645 2522 sed
664 2473 745 2523 Gallo
768 2490 874 2538 quoquc
899 2479 927 2523 ct
950 2479 1142 2523 accusatorum
1160 2473 1346 2522 denuntiatio·

203 2543 283 2591 nibus
302 2548 330 2592 st
348 2547 461 2591 senatus
480 2540 613 2590 consultis
632 2541 666 2590 ad
679 2557 776 2591 necem
795 2541 925 2607 conpulso
942 2542 1069 2591 laudauit
1085 2541 1194 2605 quidem
1211 2541 1345 2605 pietatem

202 2616 349 2675 tantopere
367 2626 415 2674 pro
434 2624 463 2657 se
483 2609 699 2672 indignantium,
724 2615 845 2658 ceterum
864 2616 892 2659 et
909 2609 1096 2659 inlacrimauit
1114 2615 1142 2659 et
1163 2609 1251 2658 uicem
1268 2624 1345 2657 suam
1387 2601 1393 2612 ’

203 2684 368 2742 conquestus
387 2682 444 2737 cst,
463 2676 534 2739 quod
552 2677 606 2725 sibi
619 2677 671 2726 soli
689 2692 743 2726 non
757 2676 854 2726 liceret
873 2678 970 2726 amicis
989 2684 1125 2740 qrratenas
1138 2676 1222 2726 uellet
1241 2672 1344 2725 irasci.’

204 2747 239 2795 cf.
260 2745 373 2795 Cassius
396 2744 450 2793 Dio
473 2743 540 2793 LIII
558 2742 590 2794 23
608 2745 655 2809 qui
673 2761 698 2793 a.
717 2743 767 2792 728
784 2744 887 2793 obiisse
905 2744 1013 2794 Gallum
1032 2749 1163 2803 testatur,
1186 2744 1346 2793 Ammianus

204 2812 327 2862 Marcell.
350 2812 463 2861 xvdc
485 2811 668 2877 austrapius
688 2813 740 2863 VII
765 2812 789 2860 7.
817 2811 928 2861 Seruius
947 2812 998 2861 ecl.
1017 2813 1041 2860 X
1062 2810 1074 2859 1
1095 2808 1200 2875 Gallus]
1225 2811 1284 2859 ‘hic
1303 2815 1346 2860 est

204 2880 290 2929 Gaius
309 2876 440 2944 [Asinius]
461 2877 557 2928 Gallus
581 2876 683 2943 [orator
705 2880 794 2929 Asinii
818 2878 951 2929 Pollionis
973 2876 1070 2943 filius]‚
1094 2880 1140 2943 qui
1163 2885 1227 2927 ante
1252 2893 1346 2927 omnes

203 2948 306 3012 primus
329 2946 449 3012 Aegypti
472 2947 633 3011 praelectus
652 2948 718 3007 fuit,
743 2948 857 2996 eximius
880 2953 975 3011 poeta:
1006 2962 1069 2995 nam
1093 2952 1122 2995 et
1143 2946 1344 3010 Euphorionem

203 3042 234 3050 -
253 3022 384 3080 utsupra
403 3015 519 3063 diximus
537 3041 568 3049 -
587 3015 729 3064 transtulit
748 3015 777 3063 in
798 3014 914 3063 latinum
932 3029 1085 3063 sermonem
1104 3019 1133 3063 et
1151 3029 1270 3062 amorum
1284 3028 1346 3063 suu-

203 3098 261 3132 rum
279 3082 313 3132 ds
332 3082 479 3144 Cytheride
492 3082 577 3132 libros
595 3082 707 3147 scripsit
725 3087 860 3146 quattuor.
890 3081 935 3131 hie
949 3082 1064 3146 primum
1077 3081 1105 3130 in
1118 3082 1216 3131 amicis
1229 3081 1347 3145 Augusti

203 3151 334 3199 Caesaris
348 3151 412 3199 suit:
433 3155 531 3215 postea
545 3166 605 3199 cum
618 3151 742 3199 uenisset
755 3151 783 3198 in
796 3150 994 3213 suspicionem.
1014 3149 1085 3213 qnod
1098 3156 1194 3199 contra
1208 3164 1268 3197 eum
1282 3164 1345 3198 con·

203 3218 321 3277 iuraret,
346 3219 455 3267 occisus
474 3224 524 3267 est.
553 3217 716 3271 suitautem
735 3218 840 3266 amicus
857 3217 973 3281 Vergilii
992 3216 1063 3267 adeo
1082 3226 1111 3266 ut
1130 3224 1243 3281 quartus
1261 3216 1345 3266 Geor-

202 3287 325 3351 gicorum
339 3302 355 3335 a
369 3285 458 3335 modio
476 3300 560 3350 usquo
575 3284 609 3333 ad
626 3285 707 3335 tinem
721 3286 781 3334 eius
793 3284 889 3334 laudes
901 3289 1023 3346 teneret,
1042 3300 1110 3349 quas
1122 3291 1220 3349 postea
1233 3285 1345 3334 iulreute

201 3355 325 3423 Augusto
344 3355 372 3402 in
390 3354 514 3402 Aristaei
532 3352 654 3401 fabulam
668 3353 855 3403 commutauit.
884 3351 931 3401 hic
951 3357 1042 3402 autem
1055 3352 1151 3402 Gallus
1170 3354 1275 3402 amauit
1291 3368 1345 3402 mo·

201 3422 331 3470 ratricem
349 3421 476 3471 libertam
493 3420 646 3480 Volumuii‚
665 3437 733 3485 quae
748 3436 779 3470 eo
796 3426 888 3484 spreto
907 3425 1017 3471 euntem
1029 3420 1177 3470 Antonium
1190 3420 1225 3470 ad
1239 3419 1346 3470 Gallias

204 3495 246 3539 est
269 3496 380 3538 secuta:
404 3496 516 3553 propter
539 3488 609 3553 quod
632 3489 752 3539 dolorem
777 3489 852 3539 Galli
870 3503 943 3538 nunc
961 3489 1071 3540 uidetur
1088 3488 1227 3540 consolari
1249 3488 1334 3553 Vergi

203 3555 276 3606 lius)
297 3573 320 3606 e.
341 3572 406 3620 q.‚s.
427 3556 463 3605 cl.
483 3557 559 3607 Serv.
580 3573 673 3623 georg.
692 3558 731 3607 IV
751 3556 762 3605 l
783 3557 834 3608 ecl.
853 3557 892 3607 VI
910 3556 950 3605 72.
983 3574 989 3586 ·

202 3684 405 3696 ——n—

290 3772 303 3824 l
322 3762 423 3821 omnia
438 3770 510 3820 tunc
525 3763 604 3821 irae:
624 3772 695 3821 tune
709 3761 915 3822 dissoluuntur
930 3780 1063 3832 amores,
1084 3760 1088 3835 Ι
1109 3768 1139 3819 et
1153 3777 1234 3817 noua
1251 3776 1347 3833 regna

205 3846 449 3925 duosaccipiunt
460 3847 597 3905 dominos
612 3849 767 3913 Balacrus
781 3847 889 3907 ardent
901 3856 972 3912 tunc
985 3847 1045 3909 ira:
1062 3854 1153 3922 atque
1170 3843 1352 3901 animocon-·

205 3930 297 3990 corde
312 3930 412 3990 soluto
433 3930 438 4008 Ι
458 3933 610 4011 accipiunt
623 3932 760 3991 dominos
777 3940 848 3990 tunc
864 3930 923 3989 duo
941 3950 1036 4006 regna
1052 3947 1122 3987 suos
1138 3929 1178 3984 M.
1198 3929 1347 3984 Frehcrus

205 4012 405 4096 [irascantur]
423 4023 452 4073 et
470 4016 570 4075 omnia
581 4024 652 4076 tunc
669 4018 715 4075 ira
728 4017 878 4087 resoluta,
899 4010 904 4096 1
925 4015 1024 4073 omnia
1038 4021 1138 4071 mente
1154 4031 1234 4070 nouo
1252 4030 1347 4088 regna

205 4100 264 4160 duo
277 4101 432 4179 accipiunt
444 4102 606 4174 Sauppias:
618 4110 649 4161 et
659 4102 909 4159 communiatunc
921 4100 966 4157 ira
976 4106 1116 4174 turgente
1129 4094 1231 4155 soluta
1244 4092 1248 4173 1
1261 4104 1346 4170 sunt3

205 4184 318 4244 domini
332 4204 412 4243 noua
426 4186 487 4243 iam
501 4204 597 4262 regna
612 4186 671 4244 dno
690 4185 844 4264 accipiunt
863 4185 1034 4241 Frdtacraa
1051 4190 1081 4240 ct
1097 4181 1196 4239 omnia
1211 4190 1283 4238 tunc
1302 4179 1348 4238 ira

204 4280 278 4329 tunc
304 4268 444 4329 desolata
469 4270 569 4328 omnia
595 4290 676 4328 noua
695 4289 793 4346 regna
821 4269 897 4327 duas
917 4267 1072 4345 accipiunt
1093 4269 1155 4324 cod.
1180 4267 1274 4323 Paris.
1297 4259 1348 4346 113
1378 4344 1381 4348 ¹

203 4354 367 4434 Aegyptus
379 4386 421 4396 —-
454 4353 590 4412 rouincia
606 4362 637 4412 a!
650 4357 817 4412 Eusebiaaa
836 4357 942 4411 seclusi
955 4348 968 4432 11
983 4361 1000 4411 4
1015 4349 1048 4409 Ο.
1072 4369 1125 4409 am.
1145 4350 1220 4408 Scal.
1243 4344 1257 4431 11
1277 4350 1346 4409 Vir-

202 4439 293 4516 gilius
311 4441 412 4513 (Scal.)
428 4374 473 4519 116
494 4437 598 4497 Sallus
612 4441 640 4496 P
657 4433 702 4521 116
721 4437 954 4517 quadragesimo
973 4437 1049 4494 Scal.
