3200 4992
266 400 306 468 Sl
373 382 375 387 ⁵
643 421 685 465 oa
709 422 793 467 virts
819 420 1030 497 rucvsramrs

806 576 869 637 VII

179 686 258 759 63*
351 706 529 755 Mvuaulvs
552 706 708 755 Priaticus
732 689 899 755 Ciceronis
923 687 1101 775 discipulus
1131 693 1239 751 orator
1267 684 1404 750 habetur

264 793 402 878 insignia
418 800 564 868 (a.‚729):
588 793 658 878 qui,
676 814 750 855 cum
769 779 1089 855 Galliam'comatam
1107 796 1251 874 regeret,
1274 787 1403 871 Lugdu-

264 916 342 957 num
363 893 520 958 condidit.

798 1017 877 1077 VIII

180 1109 256 1182 tl*
350 1129 538 1177 PASSIENVS
562 1123 655 1199 pater
679 1113 877 1179 declamator
896 1113 1037 1197 insignis
1060 1111 1146 1175 diem
1175 1108 1243 1175 obit
1264 1116 1403 1202 (71744).

784 1255 880 1315 VIIII

178 1361 253 1435 65*
349 1384 565 1449 auusrruvs,
588 1370 644 1456 qui
662 1368 890 1453 septemdecim
907 1380 1002 1432 natus
1021 1387 1124 1430 annos
1143 1364 1291 1430 Caelium
1312 1385 1425 1430 secu-s

266 1481 411 1553 sanarat,
440 1472 548 1535 clarus
577 1474 661 1534 inter
691 1480 835 1535 oratores
864 1469 1001 1534 habetur
1028 1474 1068 1544 (a.
1099 1476 1181 1547 733):
1227 1474 1259 1530 at
1285 1465 1325 1529 ad
1349 1486 1404 1529 ex-

265 1583 401 1636 tremum
435 1572 619 1636 morborum
654 1573 761 1637 taedio
795 1573 829 1635 in
857 1571 974 1659 balneo
1003 1568 1171 1633 uoluntate
1200 1568 1405 1633 exanimatus

266 1672 417 1737 heredem
439 1671 571 1760 reliquit
593 1675 788 1759 Augustum.

265 1845 307 1904 54,
318 1844 359 1893 ι19
377 1861 431 1895 non
449 1851 514 1896 ante
534 1861 558 1895 a.
577 1846 627 1897 738
644 1848 672 1896 id
690 1862 786 1896 munus
805 1846 955 1911 capessivit
973 1844 1020 1908 (ef.
1034 1846 1126 1894 Herm.
1145 1860 1171 1909 p.
1190 1842 1223 1893 20
1240 1842 1300 1908 aq.)‚
1320 1839 1404 1891 facile

265 1914 325 1962 fieri
344 1915 446 1978 potuit,
466 1919 496 1964 ut
514 1914 636 1964 Messala
653 1921 716 1980 post
733 1915 896 1965 decennium
914 1914 1020 1963 demum
1038 1911 1074 1975 (a.
1093 1910 1245 1975 ras-738)
1264 1925 1403 1959 suecesso-

251 1998 323 2051 'rem
342 1983 490 2048 acciperet.
520 1988 665 2047 praeterea
677 1983 776 2033 Diouis
793 1983 916 2031 narratio
934 1997 1023 2047 neque
1042 1996 1102 2030 cum
1119 1981 1219 2029 'Facito
1236 1993 1325 2042 neque
1344 1992 1404 2026 curn

266 2051 433 2114 Hieronymo
452 2051 601 2115 conspirat,
621 2052 720 2115 quippe
740 2051 785 2115 (pri
803 2051 839 2100 M.
852 2052 1002 2116 Agrippam
1014 2049 1129 2114 primum
1140 2049 1311 2113 praelectum
1329 2046 1405 2095 urbis

266 2118 349 2177 dicat,
369 2117 517 2167 Messalam
537 2134 601 2168 vero
620 2118 702 2183 plane
722 2120 840 2168 emittat.
1214 2118 1219 2135 “

351 2181 405 2238 63*
422 2186 605 2250 Hieronymus
628 2186 672 2235 01.
699 2186 758 2249 188,
782 2189 806 2235 4.
847 2186 1001 2235 Munatium
1023 2190 1054 2234 nt
1077 2184 1219 2234 Ciceronis
1240 2180 1404 2248 discipulum

267 2254 339 2318 apud
357 2258 466 2303 veteres
485 2255 564 2318 quasi
582 2255 724 2319 peculiare
743 2256 861 2303 oratoria
880 2269 1032 2319 cognomen
1051 2269 1147 2318 gerere
1165 2257 1257 2301 monet
1270 2251 1405 2299 Herman-

265 2337 316 2371 nus
338 2321 356 2370 l.
379 2337 405 2370 c.
431 2321 502 2371 conl.
527 2321 598 2371 Plin.
622 2323 654 2371 N.
679 2322 715 2372 H.
739 2323 792 2371 VII
812 2322 857 2384 12,
881 2322 913 2369 55
931 2323 1029 2371 Ascou.
1054 2323 1082 2369 iu
1100 2320 1195 2370 Milon.
1214 2336 1240 2384 p.
1259 2317 1301 2368 33.
1338 2317 1403 2367 Sue-

265 2391 357 2439 tonius
376 2389 409 2438 de
434 2405 546 2454 gramm.
572 2395 601 2439 et
624 2391 693 2440 rhet.
713 2390 760 2439 30:
789 2390 985 2455 ‘receptusque
1008 2386 1141 2453 (Albucius
1158 2387 1236 2450 Silus)
1260 2387 1289 2435 iu
1306 2385 1405 2436 Planci

265 2457 383 2506 oratoria
402 2458 624 2518 contubernium,
644 2460 689 2507 eui
702 2456 890 2507 declamatore
903 2472 960 2507 mos
978 2462 1039 2507 erat
1051 2457 1126 2521 prius
1138 2454 1257 2520 aliquem
1276 2454 1322 2518 qui
1340 2458 1404 2503 ante

265 2525 373 2574 diceret
391 2526 526 2585 excitare,
546 2527 670 2590 suscepit
694 2541 741 2574 eas
760 2531 853 2590 partes
877 2533 959 2590 atque
978 2525 1018 2573 ita
1037 2524 1176 2589 impleuit,
1198 2528 1229 2571 ut
1247 2521 1351 2571 Planco
1369 2522 1405 2571 si-

266 2593 380 2641 lentium
399 2593 551 2657 imponeret
572 2609 625 2642 non
651 2593 764 2642 audenti
785 2594 814 2642 in
833 2594 1067 2659 comparationem
1090 2608 1119 2641 ae
1138 2588 1308 2640 demittere)
1327 2617 1359 2624 -
1378 2604 1403 2638 a.

265 2661 315 2709 727
335 2676 368 2708 ex
385 2661 493 2709 Munati
512 2662 652 2710 sententia
671 2660 842 2711 Octavianus
859 2663 999 2727 Augustus
1022 2661 1177 2713 nominatus
1201 2665 1251 2708 eat.
1286 2658 1323 2708 cl.
1342 2656 1405 2724 Vel·

265 2728 337 2778 leiua
355 2728 383 2776 11
399 2726 433 2776 ot
453 2728 620 2778 Censorinus
637 2728 678 2777 21.
699 2730 735 2778 cf.
755 2728 929 2779 Hermannus
947 2728 965 2777 l.
985 2745 1009 2778 c.
1254 2770 1257 2789 ,

330 2791 404 2859 ,64*
421 2796 604 2859 Hieronymus
628 2795 671 2845 Ol.
698 2796 759 2855 192,
784 2796 809 2847 3.
845 2799 952 2846 Seneca
971 2801 1093 2846 controv.
1117 2796 1146 2845 II
1168 2812 1194 2861 p.
1216 2792 1275 2855 163,
1306 2792 1337 2842 19
1349 2809 1403 2857 sq.:

266 2864 427 2914 ‘Passienus
445 2865 487 2912 uir
505 2864 745 2928 eloquentissimus
764 2870 792 2914 et
804 2866 933 2930 temporis
946 2866 988 2913 sni
1007 2865 1110 2929 primus
1128 2860 1240 2913 orator'.
1262 2863 1287 2911 X
1299 2878 1324 2927 p.
1344 2859 1402 2921 2115,

265 2934 341 2996 4sq.:
363 2931 506 2981 ‘Passieno
521 2968 549 2980 ..
569 2932 751 2982 declamatori
770 2933 866 2982 subtili
884 2933 932 2982 sed
952 2930 1048 2981 arido'.
1073 2948 1099 2996 p.
1118 2930 1181 2993 333,
1202 2930 1311 2995 l3sqq.:
1333 2930 1403 2977 ‘cum
1426 2984 1430 2993 Ι

265 3000 355 3049 Pollio
374 2999 612 3049 commendaretur
634 3016 651 3049 a
670 3000 791 3050 Caesare
817 3002 951 3050 Passieno
974 3015 1026 3050 nec
1054 3003 1165 3051 curaret
1209 2997 1401 3061 interroganti,

267 3083 350 3133 quare
369 3083 423 3145 nep
448 3068 670 3145 cpnpleeteretur
692 3071 765 3118 tanti
789 3069 842 3118 uiri
865 3069 998 3133 gratiam,
1023 3066 1128 3132 (demur
1164 3064 1248 3133 ηλίοο
1270 3063 1404 3120 καίοντος

266 3129 371 3199 λύχνον
388 3150 441 3200 ουχ
458 3134 557 3184 απτον)
1366 3191 1372 3202 ⁴

350 3200 405 3256 tt*
422 3204 604 3268 Hieronymus
623 3204 666 3254 01.
687 3204 748 3267 189,
772 3205 796 3253 4.
828 3201 925 3254 Cicero
944 3220 991 3270 pro
1011 3204 1107 3255 Caelio
1127 3204 1155 3253 lx
1187 3203 1339 3252 ‘Atratinus
1356 3199 1404 3249 hu·

266 3273 441 3322 inanissimus
454 3276 537 3336 atque
550 3273 669 3337 optimus
687 3271 872 3322 adolescens’.
898 3272 928 3320 7:
943 3272 1077 3322 ‘disertus
1090 3269 1275 3322 adolescens’.
1295 3269 1405 3332 Quinti·

265 3338 357 3389 lianus
369 3340 409 3390 xl
429 3339 455 3403 l,
474 3338 521 3389 68:
541 3341 637 3389 ‘utitur
648 3341 701 3389 hae
714 3341 901 3390 moderatione
920 3340 1017 3390 Cicero
1035 3356 1083 3406 pro
1103 3341 1200 3390 Caelio
1218 3344 1313 3389 contra
1324 3328 1404 3386 Atra-

265 3408 365 3471 tinum,
390 3413 421 3456 ut
443 3423 504 3456 eum
527 3423 581 3457 non
605 3409 716 3457 inimice
736 3409 874 3473 corripere
892 3409 939 3457 sed
957 3424 1047 3473 paene
1069 3409 1159 3474 patrie
1177 3424 1287 3458 mouere
1308 3406 1404 3455 uidea-

265 3480 323 3525 tur:
340 3474 410 3533 'uam
429 3481 457 3525 et
479 3475 580 3525 nobilis
604 3481 632 3527 et
655 3477 763 3526 iuuenis
787 3484 816 3525 et
837 3492 891 3525 uon
914 3477 1015 3527 iniusto
1038 3477 1132 3526 dolore
1161 3481 1278 3527 uenerat
1305 3473 1340 3523 ad
1359 3489 1404 3522 ac·

267 3541 436 3593 euasudum.'
460 3543 572 3593 Caelius
586 3546 658 3593 enim
670 3550 777 3609 patrem
791 3545 850 3594 eius
863 3549 1055 3595 accusaverat.
1079 3546 1227 3595 Suetonius
1244 3545 1278 3593 de
1291 3556 1403 3607 gramm.

266 3616 294 3660 et
313 3611 382 3661 rhet.
401 3610 446 3660 ⁶26:
478 3612 563 3661 ‘hunc
582 3612 697 3662 eundem
715 3612 834 3675 (Plotium
854 3614 976 3675 Gallum),
1000 3629 1065 3662 nam
1083 3613 1237 3663 diutissime
1260 3612 1343 3669 uixit,
1366 3610 1404 3658 M.

267 3678 379 3729 Caelina
396 3681 425 3729 in
443 3681 584 3743 oratione,
604 3696 684 3745 quam
702 3696 750 3745 pro
763 3696 794 3729 se
812 3681 845 3730 dc
863 3682 892 3730 ui
905 3680 1018 3745 habuit,
1038 3681 1179 3746 significat
1191 3681 1312 3730 dictasse
1325 3679 1404 3726 Atra·

265 3748 324 3797 tino
343 3749 501 3797 accusatori
513 3764 561 3798 suo
575 3746 731 3797 actionem)
763 3748 891 3798 Ceterum
910 3763 936 3798 a.
955 3747 1005 3800 733
1022 3750 1054 3798 L.
1069 3748 1244 3814 Sempronius
1262 3746 1405 3801 Atratinus

265 3816 288 3864 L
310 3815 355 3864 ·F
376 3840 382 3851 ·
399 3816 421 3865 L
443 3842 449 3853 ·
465 3816 490 3864 N
511 3841 516 3852 ·
533 3816 604 3866 PRO
626 3816 716 3865 ·COS
736 3833 769 3866 ex
786 3817 884 3866 Africa
903 3816 1094 3883 triumphavit,
1116 3832 1195 3882 quem
1209 3816 1325 3865 eundem
1344 3827 1404 3863 esse

265 3881 392 3949 Scaliger
409 3884 553 3933 iudicavit.
589 3884 630 3933 sic
655 3884 682 3933 in
705 3889 801 3950 aperto
821 3891 864 3935 est
883 3900 932 3935 eur
955 3902 1015 3935 eum
1034 3885 1086 3935 hoc
1105 3900 1177 3935 anuo
1196 3884 1299 3934 clarum
1319 3882 1403 3931 fuisse

264 3951 449 4015 Hieronymus
468 3952 581 4002 scribat.

354 4118 364 4167 l
382 4107 535 4166 Monetius
555 4109 582 4164 Β
599 4106 758 4167 Munacius
781 4109 883 4181 (Scal.)
899 4102 914 4188 ll
930 4107 1095 4185 Cyeeronis
1119 4110 1146 4164 Β
1159 4101 1173 4189 ΙΙ
1189 4104 1354 4183 discipulos
1382 4104 1405 4160 Β

268 4186 280 4271 ll
298 4199 315 4251 2
336 4191 483 4250 comatam
499 4192 622 4251 P'Scal.
645 4202 822 4251 commotam
839 4195 866 4249 B
887 4188 900 4272 ll
920 4202 938 4253 4
954 4190 1017 4249 obit
1038 4194 1065 4248 Β
1085 4191 1159 4251 obiit
1176 4193 1277 4265 (Scul.)
1292 4183 1306 4272 ΙΙ
1322 4202 1338 4251 5
1353 4189 1404 4267 qui

267 4276 483 4352 septemdecim
500 4277 568 4335 Scal
569 4319 732 4335 ........
750 4297 798 4335 em
816 4278 923 4336 decem
947 4281 974 4335 Β
998 4278 1104 4350 (media
1123 4279 1175 4351 sol.
1201 4280 1290 4334 lucer.
1306 4279 1402 4348 perie-

266 4369 346 4434 runt)
369 4358 382 4441 ΙΙ
404 4360 540 4419 Caelium
562 4363 638 4419 Scal.
661 4361 797 4421 Coelium
812 4365 840 4419 Ρ
855 4407 961 4420 ......
981 4382 1009 4419 m
1028 4365 1054 4419 B
1068 4357 1081 4444 ll
1096 4371 1113 4425 6
1129 4371 1160 4421 et
1182 4361 1222 4421 ad
1237 4363 1263 4419 P
1277 4362 1353 4419 Scal.
1374 4369 1405 4418 et

267 4464 318 4502 οοι.
339 4449 367 4504 Β
380 4443 394 4528 ΙΙ
409 4458 427 4510 8
442 4446 605 4527 dereliquit
617 4449 696 4505 Scal.
