3218 5000
417 444 650 487 aversensem
667 444 756 487 aram
779 445 822 487 ne
843 446 930 489 anuo
954 410 1159 490 nouasonru
1255 494 1259 509 ¹
1299 425 1359 489 189
1396 500 1405 511 ·

225 594 305 644 iecit:
328 599 356 645 et
367 595 497 644 Ianuario
516 594 624 659 quidem
636 595 696 644 dies
708 610 774 659 quos
787 595 902 645 dicimus
915 600 1040 661 quartum
1059 602 1087 646 et
1103 596 1212 647 tertium
1225 595 1367 647 Kalendas

224 662 390 712 Februarias
403 663 491 723 dedit,
509 662 597 726 Aprili
616 667 720 712 sextum
733 662 875 713 Kalendas
886 664 990 727 lisias,
1008 665 1086 715 Innio
1104 664 1213 712 tertium
1225 663 1367 713 Kalendas

224 730 317 793 Iulias,
330 731 453 794 Augusto
467 735 591 794 quartum
610 736 647 779 ct·
656 730 765 781 tertium
778 730 921 781 Kalendas
935 731 1125 795 Septembres,
1139 731 1293 795 Septembri
1310 738 1367 780 ter-

223 798 290 848 tium
302 798 444 847 Kalendas
457 797 601 855 Octobres,
614 799 762 847 Nouembri
774 800 884 848 tertium
897 799 1038 848 Kalendas
1052 798 1234 859 Decembres,
1248 798 1365 848 Decem-

224 865 267 914 bri
279 881 343 914 uero
356 870 481 931 quartum
495 871 523 913 et
535 866 644 914 tertium
656 865 797 914 Kalendas
808 866 961 916 lanuarias.
983 866 1021 915 10.
1032 866 1073 914 ita
1083 866 1185 915 iactum
1199 870 1241 914 est
1252 872 1290 925 ut,
1305 879 1365 915 cum

224 948 317 985 omnes
330 933 358 982 bi
376 947 486 982 menses
500 933 596 997 quibus
614 933 674 982 dies
693 933 796 983 addidit
814 939 879 983 ante
896 933 968 982 hanc
986 932 1185 982 ordinationem
1203 932 1366 981 habuissent

223 1003 325 1049 mensis
338 999 478 1064 sequentis
490 1000 632 1050 Kalendas
651 1000 686 1049 ad
703 1002 848 1065 septimum
866 1001 1000 1050 decimum
1013 1005 1197 1061 reuertentes,
1215 1006 1313 1064 postea
1331 1016 1365 1050 ex

224 1074 370 1133 augmento
390 1068 541 1117 additonrm
559 1068 662 1116 dierum
679 1066 708 1116 hi
731 1068 777 1132 qni
797 1068 864 1118 duos
882 1072 1050 1132 acceperunt
1063 1068 1096 1117 ad
1109 1082 1208 1117 nonum
1221 1068 1364 1132 decimum,

224 1136 269 1200 qui
281 1151 346 1184 nero
358 1149 449 1197 unum,
464 1135 498 1184 ad
511 1141 637 1184 octauum
650 1135 783 1184 decimum
793 1135 929 1186 haberent
937 1136 1053 1185 reditum
1063 1135 1257 1184 Kalendarum.
1274 1135 1313 1183 ll.
1324 1135 1364 1185 ie·

223 1204 324 1253 riarum
336 1207 430 1251 tamen
443 1201 572 1267 cuiusque
587 1203 688 1252 mensis
701 1203 767 1252 ordo
779 1209 905 1253 seruatus
918 1209 968 1252 est.
981 1218 1045 1252 nam
1056 1203 1080 1251 si
1093 1204 1136 1251 cui
1148 1204 1207 1251 fere
1218 1203 1315 1251 tertius
1329 1204 1364 1253 ab

222 1270 317 1320 Idibus
330 1269 389 1319 dies
402 1268 489 1319 festus
502 1275 549 1319 aut
562 1270 678 1320 feriatus
688 1270 741 1319 fult
754 1277 782 1319 et
793 1276 858 1320 tunc
871 1287 897 1320 a.
911 1271 936 1319 d.
950 1275 1057 1319 sextum
1069 1271 1203 1319 decimum
1210 1270 1363 1333 dicebatur,

224 1337 306 1387 etiam
319 1343 381 1402 post
393 1342 569 1401 augmentum
581 1338 684 1386 dierum
698 1338 795 1387 eadem
807 1337 905 1403 religio
917 1344 1029 1387 seruata
1042 1343 1097 1399 est,
1119 1344 1149 1386 ut
1160 1338 1242 1387 tertio
1261 1338 1295 1387 ab
1309 1338 1363 1387 Idi-

222 1404 272 1454 bus
290 1406 335 1455 die
349 1404 549 1467 celebraretur,
566 1404 632 1455 licet
649 1406 683 1453 ab
701 1405 871 1455 incremento
884 1420 938 1455 non
955 1405 1011 1454 iam
1024 1421 1049 1455 a.
1064 1405 1089 1454 d.
1107 1411 1213 1455 sextum
1230 1404 1364 1455 decimum

222 1472 364 1522 Kalendas
376 1472 425 1522 sed
439 1488 464 1521 a.
478 1472 504 1521 d.
518 1472 662 1537 septimum
675 1473 818 1533 decimum,
831 1473 855 1523 si
866 1488 944 1535 unns,
958 1489 982 1522 a.
997 1474 1022 1522 d.
1036 1478 1164 1522 octauum
1179 1473 1327 1536 decimum,
1340 1474 1364 1522 sl
1394 1516 1397 1533 ,

222 1540 274 1589 duo
291 1544 355 1589 sunt
373 1539 467 1602 additi,
485 1540 631 1589 diceretur.
664 1539 703 1588 12.
721 1555 785 1590 nam
798 1541 860 1589 ideo
876 1556 962 1593 nouos
975 1541 1034 1590 dies
1052 1542 1127 1590 circa
1139 1540 1220 1589 finem
1233 1540 1363 1605 cuiusque

221 1608 324 1658 mensis
335 1607 464 1669 inseruit,
477 1607 524 1657 ubi
537 1606 619 1657 finem
632 1607 751 1657 omnium
764 1609 875 1671 quaein
888 1623 982 1658 mense
995 1615 1075 1658 erant
1086 1608 1208 1674 repperit
1224 1607 1363 1671 seriarum,

223 1676 399 1739 adiectosqne
412 1690 505 1724 omnes
519 1690 535 1723 a
547 1689 578 1725 se
590 1675 650 1724 dies
656 1676 743 1725 fastos
755 1675 876 1737 notauit,
889 1682 920 1725 nt
931 1677 1062 1726 maiorem
1074 1677 1153 1726 daret
1166 1676 1320 1725 actionibus
1332 1675 1364 1725 li·

222 1742 371 1792 bertatem:
387 1748 414 1792 et
423 1758 478 1792 non
487 1742 572 1792 solnm
582 1741 684 1792 nullum
696 1743 836 1792 nefastum
848 1744 897 1793 sed
909 1759 961 1793 nec
974 1744 1140 1794 comitialem
1153 1759 1315 1809 quemquam
1329 1744 1363 1793 de

222 1809 338 1860 adiectis
349 1811 446 1859 diebus
458 1810 584 1870 instituit,
596 1825 632 1859 ne
646 1811 824 1860 ambitionem
834 1810 1044 1876 magistratuum
1051 1819 1166 1876 augeret
1178 1811 1306 1861 adiectio.
1323 1810 1362 1861 13.

221 1879 261 1927 sie
279 1893 379 1928 annum
397 1877 505 1927 ciuilem
525 1878 631 1927 Caesar
651 1877 755 1927 habitis
778 1878 813 1927 ad
833 1878 928 1928 lunam
949 1879 1163 1929 dimensionibus
1186 1880 1363 1928 coustitutum

223 1945 312 1995 edicto
324 1945 417 2026 palam
430 1946 519 2010 posito
531 1945 691 2010 publicauit.
708 1952 737 1995 et
749 1960 825 1996 error
836 1946 975 2011 hucusque
987 1951 1062 1995 stare
1075 1947 1218 2012 potuisset,
1230 1947 1259 1995 ni
1271 1961 1363 1996 sacer·

221 2012 299 2063 dotes
310 2014 362 2063 srbi
376 2028 495 2063 errorem
507 2029 614 2063 nouuex
627 2013 689 2078 ipsa
702 2014 893 2063 emendatione
906 2014 1049 2064 iecissent.
1075 2029 1139 2063 nam
1152 2028 1212 2063 curn
1224 2019 1365 2079 oporteret

220 2081 293 2130 diem
310 2084 355 2145 qui
373 2097 407 2130 ex
424 2081 621 2145 quadrantibus
639 2080 722 2131 confit
740 2088 836 2145 quarto
854 2096 1051 2146 quoque-anno
1070 2082 1197 2131 confecto
1216 2087 1363 2145 antequam

221 2149 330 2212 quintus
342 2148 486 2213 inciperet,
499 2147 679 2198 intercalare:
694 2148 734 2197 illi
748 2154 844 2213 quarto
857 2164 911 2197 non
924 2154 1037 2213 peracto
1051 2149 1100 2198 sed
1116 2149 1266 2213 incipiente
1279 2149 1363 2198 inter-

221 2216 360 2266 calabant.
376 2215 554 2265 latenrer
566 2216 769 2281 senettriginta
782 2216 861 2266 anais
868 2216 1031 2282 permansit:
1043 2216 1139 2280 quibus
1152 2216 1231 2265 annis
1243 2216 1363 2267 interca·

220 2283 272 2333 leti
284 2290 348 2334 sunt
359 2284 418 2334 dies
431 2284 588 2347 duodecim,
602 2299 663 2333 eum
675 2284 820 2333 debuerint
832 2284 993 2333 intercalari
1004 2298 1112 2333 nouem.
1141 2284 1190 2333 sed
1207 2284 1279 2332 bane
1297 2299 1363 2348 quo·

221 2367 273 2415 que
287 2367 405 2402 errorem
418 2366 481 2401 sero
493 2350 693 2416 deprehensum
706 2352 825 2402 correxit
834 2354 980 2417 Augustus,
994 2351 1040 2416 qui
1053 2367 1138 2401 annos
1151 2351 1293 2401 duodecim
1303 2352 1363 2401 sius

220 2419 381 2469 intercalari
394 2419 438 2468 die
452 2420 568 2483 transigi
580 2419 667 2481 iussit,
681 2424 710 2468 nt
722 2418 764 2468 illi
776 2424 832 2469 tres
845 2420 904 2470 dies
918 2419 963 2485 qui
980 2435 1030 2485 per
1048 2434 1134 2469 annos
1146 2418 1261 2484 triginta
1274 2424 1303 2467 et
1314 2434 1363 2469 sex

219 2487 288 2536 uitio
309 2486 489 2537 sacerdotalis
514 2487 701 2536 festinationis
725 2492 906 2538 exercuerant
926 2486 1104 2552 sequentibus
1123 2487 1203 2536 aunis
1219 2486 1363 2536 duodecim

219 2552 293 2604 nullo
306 2554 350 2604 die
361 2554 737 2605 intercalatodeuorarentur.
754 2552 791 2604 15.
798 2560 861 2620 post
870 2555 922 2605 hoc
928 2570 1010 2604 unum
1016 2554 1243 2604 diemseeundum
1254 2553 1362 2603 ordina·

219 2622 322 2671 tionem
335 2622 465 2672 Caesaris
480 2622 574 2685 quinto
588 2637 694 2686 qnoque
705 2623 855 2687 incipiente
866 2638 938 2673 auno
948 2622 1109 2673 intercalari
1118 2622 1206 2683 iussit,
1218 2628 1246 2670 et
1256 2636 1363 2671 omnem

220 2688 291 2740 hunc
303 2689 425 2739 ordinem
439 2702 539 2739 aereae
552 2690 664 2739 tabulae
679 2691 713 2740 ad
727 2698 869 2740 aeternam
882 2692 1034 2740 custodiam
1046 2690 1180 2739 incisione
1193 2689 1345 2738 mandauit.

304 2757 461 2807 Macrobius
477 2763 529 2806 sat.
542 2758 564 2819 I,
585 2757 628 2819 lb,
646 2758 672 2806 4.
707 2758 750 2807 De
767 2756 901 2808 Kalendis
917 2758 1002 2808 Nonis
1021 2763 1049 2806 et
1065 2758 1157 2806 Idibus
1173 2758 1262 2822 deque
1279 2757 1363 2806 feria·

220 2840 278 2874 rum
301 2825 386 2874 uariis
409 2824 646 2875 obscurationibus
668 2827 825 2876 innumeros
853 2831 981 2876 auctores
1004 2840 1070 2875 cura
1094 2824 1262 2889 quaestionis
1286 2840 1363 2874 eser-

219 2893 290 2943 cuit:
305 2897 333 2941 et
342 2892 406 2942 ideo
419 2908 467 2941 nos
481 2908 550 2956 quae
564 2893 597 2942 dc
611 2893 653 2942 his
667 2894 702 2942 ab
716 2894 839 2944 omnibus
852 2895 927 2944 dicta
939 2904 1003 2944 sunt
1015 2894 1043 2942 in
1057 2908 1138 2942 unuin
1151 2894 1274 2942 breuiter
1286 2892 1362 2943 colli·

219 2961 315 3023 gimus.
329 2960 354 3009 5.
367 2960 497 3009 Romulus
510 2976 570 3010 cunr
583 2960 694 3026 ingenio
708 2961 766 3010 acri
779 2962 941 3025 quidemsed
953 2961 1058 3027 agresti
1070 2966 1170 3010 statum
1177 2962 1280 3025 proprii
1292 2960 1362 3009 ordi·

219 3034 300 3077 naret
311 3028 418 3092 imperii
429 3027 537 3077 initiam
544 3029 673 3093 cuiusque
681 3029 782 3079 mensis
796 3044 829 3078 ex
840 3029 889 3079 illo
901 3030 1029 3079 sumebat
1038 3030 1082 3078 die
1095 3044 1147 3094 quo
1159 3044 1258 3078 nouam
1270 3027 1363 3078 lunam

219 3096 381 3160 contigisset
397 3095 494 3144 uideri.
511 3095 536 3144 b.
556 3097 621 3160 qnia
639 3111 694 3146 non
711 3097 840 3147 continuo
856 3098 951 3146 euenit
966 3106 997 3147 ut
1014 3097 1110 3147 eodem
1127 3097 1171 3145 die
1188 3110 1297 3161 semper
1314 3111 1363 3160 ap-

217 3170 324 3228 pareat,
337 3163 387 3212 sed
398 3163 477 3212 modo
490 3164 594 3213 tardius
606 3165 685 3214 modo
696 3164 812 3214 celerius
822 3180 856 3214 ex
866 3165 949 3214 certis
960 3165 1051 3214 causis
1059 3164 1147 3213 uideri
1156 3163 1236 3226 solet,
1247 3163 1364 3228 contiffl't

217 3237 247 3280 ut
259 3247 318 3280 cunr
332 3230 437 3280 tardius
450 3232 578 3295 apparuit
594 3232 774 3296 praecedenti
792 3233 880 3281 mensi
897 3231 991 3297 plures
1010 3233 1082 3293 dies,
1101 3235 1149 3281 aut
1166 3246 1227 3281 cnm
1244 3231 1363 3281 celerina

217 3299 363 3363 panciores
381 3298 524 3347 darentur:
559 3306 587 3347 et
610 3299 725 3365 singulis
749 3301 900 3365 quibusque
923 3300 1061 3349 mensibus
1079 3304 1240 3364 perpetuam
1258 3298 1363 3348 numeri

218 3367 307 3432 legem
325 3367 428 3432 primus
445 3381 526 3416 casus
544 3367 655 3415 addixit.
681 3368 721 3417 sic
739 3368 843 3418 iactum
861 3372 903 3417 est
920 3372 951 3417 ut
968 3367 1016 3416 alii
1033 3366 1148 3431 triginta
1167 3371 1195 3414 et
1212 3378 1294 3415 unum
1313 3364 1362 3415 alii

216 3433 406 3500 undetriginta
422 3435 584 3483 sortirentur
600 3435 667 3484 dies.
692 3436 717 3483 7.
736 3436 861 3491 omnibus
883 3443 976 3485 tamen
994 3434 1134 3484 mensibus
1152 3448 1185 3483 ex
1202 3434 1246 3482 die
1269 3433 1360 3482 Nona·

217 3514 276 3550 ram
287 3502 352 3551 Idus
365 3517 436 3551 nono
449 3501 493 3550 dic
506 3503 712 3566 repraesentari
724 3503 839 3568 placuit:
859 3508 887 3553 et
895 3502 968 3552 inter
979 3503 1042 3552 ldus
1055 3518 1088 3552 ae
1101 3505 1248 3566 sequentes
1258 3501 1361 3550 Kalen·

218 3569 268 3618 das
286 3570 462 3618 constitutum
480 3575 522 3618 est
539 3569 660 3618 sedecim
677 3570 736 3621 dies
753 3587 814 3621 esse
831 3570 1022 3621 numerandos.
1052 3570 1115 3620 ideo
1132 3570 1234 3618 mensis
1251 3566 1362 3618 uberior

217 3635 284 3685 dnos
302 3636 365 3686 illos
383 3636 480 3701 quibus
499 3636 652 3701 augebatur
669 3638 728 3688 dies
744 3639 816 3688 inter
833 3639 974 3689 Kalemlas
991 3652 1057 3689 suas
1077 3643 1107 3688 et
1118 3638 1211 3688 Nonas
1228 3635 1360 3686 babebat.

215 3702 281 3752 bine
293 3704 357 3754 aliis
369 3705 478 3769 quintus
492 3721 508 3754 ιι
521 3703 654 3754 Kalendis
666 3705 725 3755 dies
739 3706 801 3757 aliis
813 3709 944 3773 septimus
956 3707 1049 3757 Nonas
1062 3706 1140 3756 iacit.
1163 3703 1188 3753 8.
1202 3703 1308 3754 Caesar
1319 3708 1361 3753 ta·

218 3784 280 3821 men
296 3777 328 3822 ut
344 3787 427 3837 supra
438 3772 555 3822 diximus
574 3776 648 3821 stata
665 3788 747 3824 sacra
764 3774 920 3825 custodiens
940 3790 993 3824 nee
1006 3775 1034 3822 in
1045 3773 1101 3823 illis
1112 3772 1252 3823 mensibus
1264 3771 1362 3836 quibus

218 3838 296 3889 binos
308 3841 411 3889 adiecit
420 3840 479 3890 dies
489 3840 611 3889 ordinem
621 3839 707 3889 uoluit
716 3846 820 3891 mutare
828 3843 975 3905 Nonarum,
989 3843 1053 3907 quia
1062 3841 1182 3906 peractis
1192 3840 1274 3890 totius
1285 3854 1361 3889 men·

217 3907 255 3956 eis
268 3909 345 3958 seriis
358 3909 416 3957 dies
430 3923 493 3957 snos
505 3908 546 3957 rei
558 3906 670 3956 dirdnae
683 3915 779 3958 cautus
791 3909 913 3959 inserent.
931 3910 956 3959 9.
971 3912 1069 3975 priscis
1082 3922 1148 3973 ergo
1160 3908 1270 3971 dicbus,
1284 3913 1359 3957 ante-

218 3990 298 4039 quam
311 3975 378 4026 fasti
391 3991 408 4024 a
418 3976 467 4024 Cn.
481 3975 578 4024 Flauio
591 3974 683 4025 scriba
694 3975 787 4025 inuitis
800 3977 928 4027 Patribus
940 3978 968 4027 in
985 3978 1105 4029 omnium
1121 3975 1247 4025 notitiam
1263 3976 1360 4040 prode-

217 4045 324 4108 rentur'p,
341 4043 465 4108 pontifici
483 4044 580 4091 minori
596 4042 667 4092 haec
679 4043 822 4108 prouincia
840 4044 1035 4110 delegabatur,
1052 4050 1083 4094 ut
1098 4059 1188 4095 nonae
1204 4043 1288 4093 lunae
1305 4042 1360 4107 pri-

216 4126 289 4160 mum
301 4112 463 4161 obsentaret
475 4115 615 4175 aspectam
632 4110 772 4174 uisumque
790 4114 850 4176 regi
866 4105 1022 4162 sacrificulo
1038 4113 1186 4161 nuntiaret
1213 4110 1253 4161 10.
1266 4111 1359 4175 itaque

217 4178 353 4230 sacrificio
371 4193 389 4228 a
399 4193 465 4242 rege
479 4184 507 4227 et
519 4177 623 4227 minore
635 4178 764 4244 pontifice
778 4179 918 4228 celebrato
935 4180 1007 4229 idem
1028 4180 1153 4246 pontifex
1171 4179 1266 4230 calata
1276 4178 1305 4226 id
1318 4183 1360 4227 est

216 4252 317 4296 uocata
334 4247 363 4294 in
376 4244 542 4310 Capitolium
558 4245 640 4310 plebe
659 4247 735 4295 iuxta
759 4238 863 4295 curiam
881 4246 1039 4310 Calabram,
1059 4262 1130 4312 quae
1149 4262 1233 4297 casse
1251 4245 1360 4295 Romuli

216 4315 340 4377 proxima
353 4317 404 4375 est,
422 4319 487 4377 quot
505 4328 617 4363 numero
635 4313 695 4363 dies
714 4329 731 4362 a
742 4312 876 4363 Kalendis
893 4314 928 4363 ad
939 4315 1033 4364 Nonas
1049 4318 1226 4379 superessent
1241 4327 1358 4376 pronun·

217 4380 320 4431 tiabat:
341 4386 369 4430 et
385 4383 532 4446 quintanas
550 4381 658 4444 quidem
671 4380 744 4430 dicto
765 4381 909 4446 quinquies
925 4382 1010 4432 uerbo
1032 4381 1123 4444 καλώ,
1136 4380 1304 4446 septimanas
1316 4396 1358 4429 re·

215 4449 302 4515 petito
320 4450 424 4516 septies
440 4448 632 4513 praedicabat.
658 4447 697 4497 ll.
715 4451 828 4500 uerbum
846 4453 938 4501 autem
954 4449 1033 4502 καλῶ
1049 4451 1186 4502 Graecum
1203 4452 1257 4520 est,
1276 4448 1360 4502 idest
