3186 4996
696 408 748 467 rin.
762 422 878 467 ronrrs
1108 454 1122 479 ,
1231 464 1238 489 ἱ
1313 400 1353 463 63

221 576 401 660 cognoscit,
424 573 612 659 languorem
634 580 750 636 nactus
772 580 822 635 est
845 591 981 654 eumque
1003 590 1068 633 non
1090 569 1276 652 intermissa
1298 590 1354 632 na·

173 710 179 721 ·
220 676 387 759 uigatione
408 677 516 753 auxit,
546 675 592 738 ita
615 682 649 737 ut
671 674 803 758 grauior
824 672 990 758 aliquanto
1013 671 1222 735 Brundisium
1245 668 1354 756 appel·

220 774 317 855 leret,
337 777 395 841 ubi
419 776 533 842 diebus
553 776 667 863 paucis
688 774 769 838 obiit
785 773 836 837 XI
858 772 931 836 Kal.
955 771 1089 835 Octobr.
1106 771 1173 836 Oui
1184 772 1295 836 Sentio
1311 770 1352 850 Q.

220 877 372 941 hacretio
393 900 473 943 coss.
495 853 592 961 iussa
614 877 684 939 eius
706 873 877 961 Neapolim
896 872 1055 937 translata
1075 882 1151 938 sunt
1167 872 1353 957 tumuloque

199 980 364 1061 scondita,
394 980 449 1065 qui
476 988 526 1043 est
546 979 602 1063 uia
629 975 808 1041 Puteolana
832 977 918 1039 intra
939 975 1082 1063 lapidem
1103 974 1297 1053 secundum,
1321 976 1355 1037 in

221 1102 284 1166 quo
307 1080 467 1144 distichon
490 1079 570 1143 feeit
591 1077 672 1143 tale:
739 1066 747 1073 ’
969 1075 972 1082 ’

221 1197 224 1204 “
303 1181 439 1245 Mantua
460 1203 517 1247 me
535 1183 664 1264 genuit,
687 1178 818 1244 Calabri
837 1201 989 1266 rapuere,
1012 1187 1101 1242 tenet
1122 1201 1207 1263 nunc

310 1323 314 1331 ·
372 1281 591 1368 Parthenope:
612 1283 716 1346 cecini
738 1302 953 1368 pascuarum
975 1281 1084 1344 duces.

219 1383 357 1449 heredes
384 1384 462 1449 fecit
487 1402 530 1447 ex
557 1383 692 1447 dimidia
713 1382 998 1470 parte'Valerium
1021 1380 1195 1447 Proculum
1222 1382 1355 1446 fratrem

187 1486 286 1550 walio
307 1496 415 1572 patre,
438 1506 481 1548 ex
502 1494 616 1571 quarta
638 1486 838 1571 Augustum,
861 1507 903 1547 ex
920 1484 1110 1573 duodecima
1124 1483 1355 1565 Maecenatem,

221 1608 265 1651 ex
286 1587 413 1674 reliqua
432 1587 472 1650 L.
493 1585 627 1683 Varium
650 1596 682 1651 et
703 1587 845 1651 Plotium
858 1575 1016 1650 Tuccam:
1040 1587 1096 1673 qui
1118 1587 1186 1650 eius
1207 1586 1357 1649 Aeneida

221 1698 296 1774 post
315 1688 437 1753 obitum
464 1690 556 1753 iussu
578 1674 730 1753 Caesaris
759 1688 987 1769 emendarunt,
1016 1687 1056 1751 de
1078 1709 1143 1773 qna
1164 1709 1199 1751 re
1220 1686 1356 1772 Sulpicii

222 1789 505 1874 Carthaginiensis
528 1800 641 1853 extant
661 1789 865 1875 huiusmodi
887 1791 1016 1853 uersus:
1173 1858 1176 1867 ,

305 1893 444 1956 iusserat
465 1891 546 1955 haec
570 1892 692 1977 rapidis
713 1891 837 1961 aboleri
858 1893 1003 1955 carmina
1023 1890 1163 1955 flammis

187 2020 212 2062 rs
372 1992 553 2078 Vergilius,
576 1993 755 2080 Phrygium
776 2000 859 2081 quae
881 1996 1028 2057 cecinere
1052 1994 1176 2058 ducem.

304 2093 414 2158 Tucca
436 2102 526 2158 uetat
544 2094 727 2181 Variusque
750 2094 864 2158 simul:
889 2101 925 2158 tu
948 2097 1088 2158 maxime
1112 2094 1234 2159 Caesar

372 2218 436 2260 non
460 2196 540 2259 sinis
564 2195 733 2260 esLatiae
752 2196 895 2260 consulis
919 2197 1085 2261 historiae.

307 2298 423 2362 infelix
444 2298 573 2382 gemino
596 2297 714 2362 cecidit
735 2320 836 2384 prope
856 2298 1037 2382 Pergamon
1059 2299 1144 2383 igni,

316 2459 318 2464 .
372 2410 408 2463 et¹
424 2419 527 2485 paene
550 2409 599 2463 est
619 2399 682 2463 alio
704 2399 803 2465 Troia
822 2408 964 2464 cremata
986 2420 1076 2485 rogo.

225 2547 427 2566 ——fi—

305 2657 520 2802 Iqcognosoitlt
532 2659 708 2735 cognouitB
723 2653 727 2740 Η
750 2659 904 2737 nauigatio
919 2680 937 2730 ς
951 2654 965 2744 Η
979 2668 1034 2721 tut
1042 2661 1163 2738 grauior
1172 2661 1203 2719 in
1215 2660 1280 2720 dies
1291 2670 1355 2719 tan-

222 2744 289 2804 dem
332 2742 507 2802 rundusium
519 2743 716 2813 aduentaritg
738 2739 878 2824 l‘3obitB
887 2740 981 2825 llobiit
993 2746 1109 2805 decimo
1122 2746 1195 2806 Kal.
1215 2745 1356 2805 Octobris

223 2830 278 2889 Cn.
287 2829 408 2888 Plautio
419 2826 457 2905 Q.
470 2827 613 2888 Lucretio
630 2848 707 2887 coss.
725 2830 858 2909 quicum
877 2832 997 2907 grauari
1013 2830 1117 2889 morbo
1136 2851 1204 2890 sese
1220 2832 1355 2903 sentiret,

149 2950 157 2961 =
221 2915 334 2973 scrinia
354 2932 448 2990 saepe
466 2922 497 2971 et
511 2933 621 2989 magna
637 2915 781 2973 instantia
794 2916 903 2993 petiuit
919 2925 1104 2975 crematurus
1119 2916 1268 2975 Aeneida.
1291 2917 1356 2996 qui-

221 2999 277 3058 bus
293 2998 412 3075 negatis
432 3005 614 3056 testamento
631 2997 764 3057 comburi
776 3000 864 3058 iussit
878 3010 912 3059 ut
926 3021 990 3060 rem
1006 3001 1231 3063 inemendatam
1247 3003 1356 3078 imper-

221 3086 403 3162 fectamque.
435 3101 541 3141 uerum
555 3082 661 3141 Tucca
683 3093 713 3142 et
728 3084 838 3143 Varius
857 3095 1037 3145 monuerunt
1052 3086 1084 3145 id
1104 3087 1275 3163 Augustum
1297 3106 1357 3143 non

220 3170 444 3247 permissurum.
475 3178 547 3224 tunc
563 3166 661 3226 eidem
677 3168 769 3227 Vario
794 3188 830 3227 ac
857 3171 946 3230 simul
962 3173 1086 3238 Tuscae
1109 3173 1223 3249 scripta
1244 3169 1300 3229 sub
1321 3191 1357 3229 ea

222 3253 394 3313 conditione
414 3251 529 3329 legauit
543 3271 581 3311 ne
596 3251 670 3332 quid
691 3252 818 3312 ederent
835 3257 950 3334 quoda
967 3276 999 3314 se
1016 3256 1129 3315 editum
1148 3276 1209 3313 non
1231 3265 1313 3314 esset
1327 3262 1358 3313 et

221 3358 328 3397 uersus
348 3338 440 3396 etiam
461 3337 656 3414 imperfectos
677 3339 703 3396 si
726 3340 778 3417 qui
799 3350 885 3398 erant
905 3342 1120 3421 relinquerent.
1151 3340 1247 3398 uoluit
1265 3341 1356 3398 otiam

222 3443 278 3483 sus.
295 3442 365 3481 ossa
382 3421 544 3501 Neapolim
565 3423 740 3496 transferri,
762 3422 814 3482 ubi
836 3423 887 3483 diu
909 3434 939 3484 et
958 3426 1136 3485 suauissima
1152 3427 1285 3484 uixerat:
1321 3444 1357 3483 ac

169 3561 175 3573 ,
222 3520 358 3567 extrema
375 3505 549 3565 ualetudine
567 3508 634 3585 ipse
652 3506 710 3565 sibi
727 3508 915 3587 epitaphium
931 3512 1005 3570 fecit
1023 3510 1185 3569 distichon.
1208 3510 1357 3567 translata

221 3594 313 3669 igitur
329 3594 412 3651 iussu
428 3592 561 3667 Augusti
578 3593 641 3650 eius
658 3612 728 3651 ossa
747 3602 835 3671 prout
857 3603 1006 3654 statuerat
1027 3594 1187 3672 Neapolim
1204 3595 1289 3653 fuere
1310 3614 1356 3652 se-

220 3678 367 3757 pultaque
388 3677 440 3735 uia
453 3677 624 3735 Puteolana
643 3679 722 3736 intra
735 3677 869 3756 lapidem
884 3681 1065 3750 secundum:
1084 3678 1306 3758 sepulchroque
1326 3679 1357 3737 id
1381 3716 1387 3727 .

222 3763 373 3821 distichon
386 3761 465 3842 quod
481 3763 596 3821 fecerat
608 3761 786 3840 inscriptum
799 3773 860 3823 est:
874 3766 1012 3824 ‘Mantua
1026 3784 1050 3823 e.
1061 3784 1088 3838 q.
1100 3783 1123 3821 s.
1138 3783 1156 3833 ς
1168 3758 1181 3845 Η
1198 3764 1254 3824 Gn.
1263 3764 1324 3821 ΒΝ
1328 3764 1357 3823 G

221 3849 248 3905 Β
264 3846 277 3926 Η
292 3848 396 3907 Sentio
414 3850 533 3919 scripsi:
560 3846 662 3905 Sestio
678 3848 705 3904 Β
719 3848 824 3906 Fectio
838 3854 866 3908 B
881 3851 1001 3911 Plautio
1021 3871 1039 3920 ς
1057 3848 1070 3930 Η
1092 3848 1152 3926 Qu.
1166 3852 1193 3906 B
1208 3851 1313 3929 quinto
1331 3852 1357 3907 Β
1398 3867 1411 3890 r

223 3928 237 4015 Η
253 3928 371 3994 sconsio
388 3934 414 3989 Β
430 3926 442 4012 Η
458 3940 474 3993 6
490 3931 620 3989 disticon
641 3934 667 3990 R
688 3926 702 4013 Η
724 3943 740 3995 9
758 3931 912 3993 dimidiam
930 3944 1048 4014 partem
1061 3938 1087 3992 B
1101 3929 1114 4016 Η
1132 3944 1164 3995 10
1179 3954 1217 3994 ex
1233 3935 1293 3994 alio
1311 3955 1328 4004 ς
1343 3930 1355 4015 Η

221 4028 250 4081 ΙΙ
270 4018 393 4076 Varium
413 4035 444 4085 ςι
460 4016 613 4075 Valerium
629 4019 684 4075 BR
699 4016 713 4099 Η
726 4019 858 4096 plocium
873 4023 900 4079 Β
915 4014 929 4103 Η
944 4020 1102 4079 aeneidem
1118 4022 1173 4077 BR
1188 4019 1356 4079 Aeneidem

223 4097 272 4184 ςΗ
296 4112 326 4163 12
347 4101 462 4160 obitum
483 4110 573 4179 prout
593 4104 744 4180 petiusrat
772 4104 979 4164 emendarunt.
1010 4126 1080 4165 nam
1105 4104 1216 4164 nullius
1237 4105 1356 4165 omniuo

221 4188 373 4247 sententia
388 4195 523 4244 cremata
537 4186 652 4246 Aeneis
672 4188 764 4265 digna
781 4189 849 4248 uisa
862 4191 929 4249 fuit.
959 4190 997 4250 de
1009 4210 1070 4269 qua
1086 4211 1119 4249 re
1139 4190 1262 4268 Sulpitii
1284 4190 1356 4249 Cur·

220 4271 410 4348 thaginensis
434 4279 541 4329 extant
561 4270 734 4332 huiusmodi
755 4292 877 4333 uersus:
901 4296 918 4344 ς
945 4269 959 4356 Η
985 4275 1223 4334 emendauerunt
1241 4278 1267 4332 Β
1289 4271 1301 4351 Η
1326 4286 1357 4336 ll

221 4356 337 4415 luserat
353 4360 378 4413 Β
392 4352 405 4435 Η
421 4354 544 4415 abolere
565 4359 593 4413 Β
606 4351 620 4437 Η
639 4368 669 4420 15
690 4357 842 4435 phrigium
858 4361 885 4417 Β
915 4356 920 4441 Ι
943 4368 975 4422 16
995 4379 1147 4439 uerusque
1164 4362 1190 4417 Β
1205 4354 1218 4438 Η
1237 4370 1268 4420 18
1282 4361 1352 4417 Per·

221 4460 326 4518 gamos
345 4439 387 4523 ςΗ
405 4448 437 4504 19
452 4461 550 4520 paene
571 4445 708 4520 Bpoenc
723 4444 750 4500 Β
769 4463 848 4521 pene
871 4465 889 4514 ς
916 4442 1024 4527 [rogo.
1048 4453 1152 4503 extant
1176 4451 1206 4502 et
1226 4441 1357 4519 Augusti
