3186 4996
232 399 274 461 66
612 412 654 452 on
678 409 764 454 vmrs
785 408 999 452 runvsrmavs

233 585 347 629 mocon
369 560 527 625 elenchon
550 568 623 640 octo
646 556 827 638 uolumina,
859 557 972 642 (quae)
996 575 1076 640 quos
1099 565 1132 618 ct
1153 553 1241 617 unde
1261 572 1378 615 uersus

233 663 435 729 transtulerit
456 662 633 725 continent.
648 659 825 722 {Asconius
840 656 1005 720 Pedianus
1028 654 1126 734 libro,
1151 675 1246 740 quern
1265 659 1379 716 contra

163 826 167 834 .
234 767 468 829 obtrectatores
498 758 638 845 Vergilii
669 761 817 846 scripsit,
853 778 958 844 pauca
985 755 1160 819 admodum
1190 754 1319 819 obiecta
1349 753 1378 815 ei

234 867 387 953 proponit
415 884 518 949 caque
545 863 633 925 circa
661 861 830 924 historiam
858 860 942 939 fere,
977 866 1010 921 et
1025 857 1124 942 'quod
1153 855 1310 943 pleraque
1337 852 1379 916 ab

235 967 378 1031 Homero
400 963 609 1049 sumpsisset,
633 962 691 1025 sed
710 961 772 1025 hoc
793 962 899 1046 ipsum
920 960 1042 1022 crimen
1063 959 1111 1021 sie
1132 955 1308 1021 defendere
1330 975 1401 1016 ass

148 1073 153 1083 “
235 1076 363 1133 suetum
386 1065 448 1129 ait:
489 1071 565 1127 ‘cur
587 1085 652 1127 non
674 1062 724 1126 illi
748 1083 877 1147 quoque
907 1059 1020 1123 eadem
1042 1058 1131 1122 furta
1158 1054 1378 1143 temptarent?

235 1190 349 1232 uerum
370 1164 609 1244 intellecturos,
633 1163 763 1227 facilius
788 1183 861 1226 esse
881 1160 1018 1224 Herculi
1044 1158 1171 1222 clauam
1195 1178 1292 1244 quam
1313 1156 1379 1220 Ho-

236 1292 324 1334 mero
350 1288 481 1331 uersum
509 1264 708 1351 subripere':
742 1272 774 1326 et
802 1273 913 1327 tamen
942 1262 1124 1325 destinasse
1152 1259 1319 1339 recedere,
1346 1266 1381 1320 ut

237 1370 347 1435 onmia
368 1368 410 1432 ad
435 1368 618 1431 satietatem
641 1363 874 1430 maleuolorum
897 1363 1074 1428 decideret.

323 1610 385 1673 dsq.
411 1607 595 1669 Hieronymus
614 1605 701 1670 prael.
721 1605 799 1653 hebr.
819 1609 926 1669 quaest.
946 1604 975 1652 iu
994 1602 1123 1652 Genesim
1142 1606 1206 1650 tom.
1226 1600 1269 1649 ΙΙΙ
1287 1615 1312 1664 p.
1332 1596 1380 1648 301

238 1677 324 1727 Vult:
363 1675 436 1724 ‘Hoc
455 1674 527 1723 idem
545 1688 644 1737 passus
663 1678 705 1722 cst
723 1673 758 1722 ab
778 1671 896 1721 aemulis
920 1676 948 1720 et
966 1672 1134 1720 Mantuanus
1153 1672 1247 1728 uates,
1272 1673 1302 1716 ut
1322 1682 1382 1715 curn

238 1745 369 1811 quosdam
392 1756 487 1791 uersus
510 1741 624 1789 Homeri
648 1739 894 1790 transtulissctad
918 1738 1046 1799 uerbum,
1072 1735 1236 1801 compilator
1258 1740 1382 1785 ueterum

239 1815 386 1862 diceretur.
424 1809 522 1873 quibus
541 1808 588 1857 ille
607 1808 764 1871 respondit,
789 1821 951 1870 magnarum
971 1822 1031 1855 esse
1051 1805 1164 1866 uirium,
1186 1802 1294 1853 clauum
1313 1802 1382 1850 Her·

240 1881 296 1929 culi
315 1885 477 1942 extorquere
496 1875 529 1924 de
548 1874 654 1929 manu'

250 2013 446 2026 -—=-—

329 2112 340 2163 l
368 2099 522 2157 uolumina
547 2095 655 2176 quihus
685 2105 846 2155 annotatur
867 2116 943 2175 quos
970 2104 1001 2154 et
1020 2094 1100 2153 unde
1125 2114 1143 2161 ς
1167 2091 1180 2178 {l
1206 2113 1284 2174 quae
1307 2112 1384 2174 quos

239 2188 359 2259 scripsi:
388 2203 463 2262 quos
478 2184 533 2239 BR
549 2179 562 2258 ll
577 2182 634 2243 3ei
652 2180 773 2240 obiecta
787 2181 872 2259 ponit
888 2200 985 2260 eaque
1003 2176 1046 2261 ςΙΙ
1061 2189 1079 2241 4
1093 2198 1221 2259 eaquae
1237 2181 1263 2237 R
1279 2174 1292 2258 ΙΙ
1307 2191 1323 2241 5
1339 2179 1383 2255 ip-

240 2290 307 2329 sum
321 2289 374 2327 om.
393 2265 436 2345 ςΗ
452 2276 539 2329 finon
559 2266 604 2324 illi
618 2286 649 2334 ς.·
664 2258 801 2324 nonnulli
818 2268 871 2323 BR
886 2260 901 2346 ΙΙ
915 2274 1068 2323 tentarent
1083 2260 1127 2345 cll
1143 2276 1160 2326 8
1177 2265 1327 2341 surripere
1339 2264 1366 2319 R
1376 2258 1384 2341 ll

241 2353 386 2436 recedere
403 2354 428 2408 R
445 2349 595 2408 decedere
611 2353 638 2406 B
655 2348 821 2409 defendere
837 2350 1014 2419 §secedere
1030 2351 1133 2409 Daniel
1147 2344 1191 2431 119
1207 2350 1385 2408 sacietatem

242 2443 267 2497 R
283 2434 296 2521 ll
312 2437 494 2495 molinorum
509 2437 536 2492 R
550 2433 563 2513 fl
581 2434 737 2493 decideret
753 2437 799 2504 Βς
813 2434 998 2492 decederent
1014 2435 1205 2494 Rrecideret
1223 2437 1294 2493 coni.
1314 2436 1384 2490 Gro-

241 2529 341 2582 novius
362 2517 375 2601 ll
398 2519 564 2578 decideret.
586 2521 681 2577 refert
701 2521 792 2577 etiam
813 2518 967 2578 Pedianus
990 2518 1154 2596 benignum
1178 2518 1385 2594 cultoremque

242 2608 373 2666 omnium
389 2603 534 2663 bonorum
551 2614 644 2683 atque
660 2603 846 2662 eruditorum
867 2604 963 2662 fnisse
988 2612 1019 2662 et
1036 2623 1133 2684 usque
1154 2603 1231 2662 adeo
1251 2601 1385 2661 inuidiae

243 2699 416 2770 expertem,
432 2697 466 2747 ut
481 2687 506 2747 si
526 2687 599 2767 quid
615 2687 733 2746 erudite
754 2688 867 2746 dictum
882 2688 1048 2767 inspiceret
1066 2690 1190 2748 alterius
1208 2708 1268 2746 non
1289 2686 1385 2744 minus

242 2774 391 2854 gauderet
410 2793 446 2831 ac
467 2774 491 2830 si
509 2792 595 2830 suum
617 2772 740 2830 suisset:
758 2770 908 2831 neminem
927 2773 1116 2851 uituperare,
1137 2773 1264 2832 laudare
1280 2772 1384 2841 bonos,

243 2881 280 2919 ea
300 2859 489 2917 humanitate
513 2875 581 2915 csse
603 2865 636 2913 ut
657 2856 716 2914 nisi
732 2877 894 2935 peruersus
916 2859 1045 2916 maxime
1069 2859 1197 2938 quisque
1219 2858 1304 2916 illum
1326 2876 1387 2913 non

243 2940 384 3019 diligeret
408 2939 496 2999 niodo
518 2939 573 2999 sed
598 2950 722 3003 amaret.
753 2940 828 2999 nihil
844 2941 957 3021 proprii
977 2941 1091 3001 habere
1113 2926 1300 3005 uidebatur.l
1322 2942 1387 2999 eius

241 3027 428 3087 bibliotheca
443 3046 502 3083 nou
522 3025 620 3083 minus
638 3024 705 3083 aliis
721 3025 818 3084 doctis
834 3025 961 3104 patebat
976 3046 1066 3105 quam
1085 3028 1157 3100 sibi,
1173 3026 1309 3106 illudque
1325 3027 1386 3083 Flu·

243 3112 348 3192 ripidis
370 3111 527 3189 antiquum
546 3130 639 3187 saepe
661 3110 826 3190 usurpabat
847 3100 883 3168 cd
905 3110 966 3170 τῶν
981 3110 1077 3185 φίλων
1095 3104 1196 3185 κοινά,
1219 3109 1388 3170 communia

244 3198 408 3256 amicorum
432 3215 500 3254 esse
519 3195 625 3253 omnia
647 3164 746 3285 lquere
765 3216 896 3255 coaeuos
914 3216 1018 3255 omnes
1035 3207 1144 3276 poetas
1165 3199 1208 3256 ita
1229 3195 1387 3254 adiunctos

243 3281 363 3350 habuit,
388 3288 421 3337 ut
449 3299 516 3338 cum
545 3280 623 3337 inter
649 3299 682 3337 se
706 3279 866 3359 plurimum
894 3280 1009 3339 inuidia
1037 3280 1195 3349 arderent,
1220 3281 1305 3339 illurn
1327 3299 1388 3337 una

245 3386 348 3425 omncs
366 3364 515 3423 colerent:
538 3364 650 3423 Varius
665 3364 771 3443 Tucca
788 3366 932 3424 Horatius
949 3364 1057 3424 Gallus
1071 3368 1257 3445 Propertius.
1287 3367 1389 3424 Auser

244 3470 318 3577 uerq
334 3450 473 3528 quoniam
484 3448 609 3506 Antonii
625 3457 728 3527 partes
746 3458 867 3509 secutus
884 3449 1025 3509 catillum
1039 3472 1103 3509 non
1118 3452 1298 3511 obseruasse
1315 3450 1387 3508 dici·

244 3544 300 3593 tur.
333 3533 511 3593 Cornificius
524 3532 561 3591 ob
577 3553 752 3611 peruersam
764 3543 901 3593 naturam
915 3535 999 3595 illurn
1011 3557 1070 3595 non
1085 3537 1162 3595 tulit.
1180 3522 1300 3613 gloriae
1315 3553 1388 3592 uero

245 3619 322 3677 adeo
341 3628 529 3696 contemptor
548 3618 617 3687 suit,
638 3628 672 3675 nt
694 3638 761 3685 eum
782 3618 906 3698 quidam
921 3640 1026 3679 uersus
1049 3620 1196 3701 quosdam
1216 3619 1271 3679 sibi
1296 3619 1388 3676 ascri·

244 3702 352 3761 herent
369 3702 537 3781 eademque
553 3722 585 3760 rc
598 3703 680 3761 docti
693 3702 888 3777 haberentur,
901 3725 961 3763 non
976 3706 1064 3763 modo
1078 3726 1170 3784 aegre
1186 3726 1246 3763 non
1260 3703 1388 3774 ferebat,

244 3788 334 3845 immo
351 3786 561 3864 noluptnosum
580 3787 610 3845 id
624 3787 682 3846 sibi
703 3796 776 3846 erat.
808 3808 875 3846 cunr
890 3790 969 3848 eninr
985 3789 1150 3863 distichon,
1171 3788 1252 3870 quod
1268 3787 1389 3847 laudem

246 3870 486 3949 felicitatemque
515 3872 643 3947 Augusti
670 3872 861 3945 continebat,
886 3875 1012 3934 fecisset
1033 3874 1192 3955 ualuisque
1212 3893 1273 3932 non
1294 3873 1388 3931 nomi·

245 3962 317 4013 nato
333 3964 456 4035 auctore
474 3955 638 4029 infixisset,
658 3956 688 4014 id
705 3965 769 4015 erat
782 3957 969 4018 huiusmodi:

443 4066 533 4115 noeto
549 4056 625 4134 pluit
640 4066 718 4115 tota:
735 4057 864 4117 redeunt
879 4059 1057 4138 spectacula
1070 4080 1176 4119 mane:
1237 4042 1243 4053 ¹

485 4140 614 4199 diuisum
628 4141 786 4220 imperium
801 4162 868 4201 cum
883 4145 961 4203 Ioue
975 4143 1090 4203 Caesar
1108 4143 1216 4215 habet,

248 4238 300 4298 diu
315 4243 491 4319 quaeritans
507 4242 680 4317 Augustus,
698 4245 854 4301 cuiusnam
869 4244 899 4303 hi
911 4264 1018 4304 uersus
1034 4253 1151 4315 essent,
1169 4264 1272 4302 eorum
1287 4252 1388 4302 aueto-

247 4344 310 4382 rem
325 4344 385 4382 non
401 4325 584 4384 inueniebat.
611 4327 772 4405 Bathyllus
787 4347 860 4386 uero
872 4337 963 4407 poeta
975 4328 1098 4408 quidam
1109 4329 1270 4387 mediocris
1286 4336 1388 4387 tacen-

247 4407 327 4466 tibus
339 4410 407 4467 aliis
419 4408 477 4467 sibi
492 4411 641 4489 ascripsit.
674 4411 869 4491 quamobrem
888 4412 1017 4473 donatus
1033 4415 1260 4495 honoratusque
1280 4413 1390 4473 aan·

912 4678 923 4703 Ι
