3220 5022
251 374 314 436 304
449 388 566 431 castra
592 387 767 430 rannessa
791 386 946 429 versinus
971 385 1175 429 consumans

785 634 861 686 lala

491 756 597 792 VERUS
615 757 650 791 DE
669 755 711 790 ΧΠ
730 756 832 792 vnum
851 755 1025 798 resaeviat
1043 753 1157 790 Puram

314 857 462 937 Qusluor
485 877 505 918 a
526 855 660 943 quadris
680 856 772 919 uenti
794 854 876 919 flant
894 855 1041 942 partibus
1063 853 1169 919 orbisz

315 959 453 1045 quisque
476 957 540 1021 sibi
561 959 696 1022 comites
718 959 866 1042 geminos
887 956 945 1020 alit
965 958 1148 1022 inferiores.

314 1060 348 1123 hi
370 1060 461 1123 uelut
481 1061 516 1123 in
540 1059 627 1123 circo
649 1060 747 1143 positi
771 1058 832 1122 sub
855 1057 986 1123 climate
1007 1068 1095 1123 certo
1160 1134 1164 1140 Ι

313 1164 362 1226 sio
386 1158 547 1225 clementa
566 1170 714 1238 mouent,
738 1171 775 1222 ut
796 1159 921 1223 eisdem
939 1180 1005 1222 non
1026 1158 1122 1222 simul
1143 1160 1275 1222 instent.

313 1265 341 1326 si
365 1262 512 1326 furerent
530 1263 667 1349 pariter,
692 1282 751 1324 sus
772 1262 892 1347 quippe
915 1261 1095 1324 remitteret
1116 1283 1172 1323 aer
1403 1277 1415 1317 s

312 1363 459 1452 pondera
482 1364 627 1429 continui
649 1362 789 1426 lassatus
811 1362 942 1426 turbine
964 1361 1054 1426 belli.

313 1465 493 1529 succedunt
514 1463 642 1528 uicibus
664 1486 749 1527 nunc
771 1463 824 1527 hic
846 1485 933 1527 nunc
952 1462 1007 1526 ille
1030 1462 1154 1527 solutus

151 1606 155 1617 ι
314 1576 346 1630 et
366 1567 465 1629 uertit
485 1574 588 1628 terras
610 1573 643 1628 et
665 1566 753 1649 cogit
773 1563 949 1628 hebescere
971 1573 1101 1627 nautas.

428 1773 606 1833 Primus
636 1768 907 1831 cardinalis
934 1771 1213 1851 Septentrio

480 1888 671 1939 Lateralcs
695 1889 769 1939 eius
793 1888 937 1952 Cyrcius
961 1893 994 1937 et
1016 1889 1154 1938 Boreas.

313 2006 444 2071 Primus
467 2003 508 2068 ab
532 2025 595 2069 axe
617 2007 709 2069 uenit
730 2014 947 2090 concretaque
970 2002 1096 2088 frigora
1118 2002 1208 2068 ducit
1232 2018 1236 2023 ’

313 2106 494 2172 emundans
514 2104 685 2190 Scythicas
709 2106 887 2191 septentrio
910 2104 1055 2169 nubibus
1074 2125 1161 2168 oras.

312 2209 441 2272 saeuior
461 2207 524 2273 hoc
545 2206 630 2270 alius
653 2228 717 2271 non
736 2214 801 2289 est;
840 2227 898 2269 seu
920 2206 1083 2290 stringere
1105 2207 1212 2270 siccus

312 2311 382 2374 siue
404 2307 528 2373 Gaetas
550 2309 672 2395 pluuiis
692 2329 867 2393 aspergere
888 2308 1032 2394 coeperit
1053 2307 1149 2372 albis.

312 2431 430 2475 nomen
452 2411 614 2495 aparctias
637 2409 736 2472 sumit
755 2408 882 2472 delatus
904 2408 1063 2475 Athenas.

312 2513 432 2576 circius
456 2510 531 2575 huic
553 2511 683 2591 dexter,
706 2508 822 2574 boreas
840 2509 931 2575 uolat
951 2510 1027 2574 inde
1050 2511 1192 2574 sinister.

312 2615 385 2700 quis
406 2612 454 2675 uti
475 2611 601 2676 soleant
619 2611 670 2675 his
695 2610 825 2675 Graeca
848 2610 1008 2677 uocabula
1029 2620 1164 2677 restant.

312 2733 451 2800 namque
470 2712 559 2798 prior
577 2710 691 2796 lingua
712 2713 874 2776 uocitatur
894 2712 1054 2779 thrascias
1075 2713 1147 2793 illa,

311 2824 446 2902 respuat
466 2814 691 2878 hexametrum
712 2816 862 2899 quamuis
885 2836 923 2878 ea
947 2813 1046 2877 dictio
1068 2834 1208 2879 uersum.

311 2919 382 3003 ipse
403 2915 482 2979 facit
503 2914 652 2979 madidos
674 2925 707 2979 et
728 2916 889 2999 grandine
911 2914 1066 2979 uerberat
1087 2935 1194 3000 agros.

312 3016 388 3081 inde
408 3038 547 3103 sequens
570 3014 680 3103 aquilo
704 3016 809 3080 dictus
831 3018 1000 3101 consurgit
1020 3016 1062 3080 ab
1084 3015 1150 3080 alto

311 3118 426 3183 nubila
446 3119 651 3196 concutiens,
672 3117 730 3182 sed
750 3117 855 3182 rarior
876 3119 946 3182 exit
967 3120 1001 3182 in
1022 3115 1153 3182 imbres.

311 3219 453 3305 frigidus
474 3220 603 3305 ignotas
625 3219 759 3285 Rhenus
781 3229 957 3306 exasperat
973 3219 1079 3284 undas

311 3330 345 3385 et
364 3343 468 3409 nuper
490 3320 649 3408 liquidem
669 3321 808 3407 glaciem
831 3322 912 3385 facit
932 3343 1007 3387 esse
1029 3321 1217 3408 procellam.

311 3432 505 3513 perpetuum
526 3433 668 3488 montem
689 3426 753 3486 iam
775 3422 815 3487 de
834 3445 870 3487 se
888 3415 1121 3509 parturientem

311 3526 443 3591 additur
464 3524 580 3590 Aeolio
594 3534 660 3589 tarn
684 3544 804 3609 magna
822 3526 968 3611 potentia
987 3536 1147 3590 monstro:

312 3629 404 3694 hoste
425 3627 486 3691 sub
508 3626 570 3691 hoc
591 3626 696 3691 nudas
719 3626 842 3712 refugit
864 3648 923 3689 sus
943 3626 1048 3712 gloria
1070 3627 1189 3711 siluas,

311 3731 586 3816 conqueriturque
605 3728 737 3793 breuem
758 3726 855 3792 tellus
875 3727 1036 3793 exhausta
1057 3728 1217 3794 decorem.

311 3831 421 3896 omnia
442 3831 611 3895 uincentes
633 3832 688 3894 isti
710 3839 777 3893 tres
795 3828 1010 3894 conlaterales

293 3926 478 4017 ’suspirant
497 3929 820 4018 tumiliqhyemalia
841 3940 987 4017 tempora
1005 3931 1126 3996 baccis.

246 4070 449 4082 ψ

14 4080 15 4125 l

14 4128 16 4251 l
335 4148 390 4199 151
396 4162 414 4199 o
442 4143 584 4215 Repperil
603 4142 707 4200 lheod.
726 4141 865 4198 oehlerus
879 4145 909 4198 lu
925 4144 986 4199 coel.
1011 4143 1192 4198 Bruxelluno
1209 4159 1237 4199 n.
1255 4146 1390 4202 10721r.

14 4254 16 4345 Ι
246 4227 434 4300 X11,pul›ller'
441 4231 514 4285 turis
520 4228 771 4300 seoilltr'lsckelius
780 4226 991 4285 luMutheu.
1004 4244 1066 4284 noo.
1080 4227 1100 4283 I
1103 4245 1133 4299 p.
1146 4231 1277 4299 l3osqq.,
1289 4230 1391 4286 deinde

248 4314 280 4370 G.
305 4313 455 4371 Beckcrus
475 4315 505 4368 ln
524 4314 633 4385 proleg.
656 4314 696 4368 od
711 4312 855 4368 Isidorum
873 4315 908 4367 ule
928 4319 1036 4369 notura
1056 4328 1155 4368 rerum
1171 4330 1241 4385 pop.
1260 4313 1294 4369 X
1298 4313 1389 4386 Vsqq.
1428 4354 1430 4359 >

14 4362 16 4459 l
246 4400 388 4456 intellexit
401 4400 454 4455 llos
473 4412 591 4453 carmen
614 4404 703 4469 copul
724 4396 929 4454 Suessetanum
953 4398 1082 4454 uersibus
1104 4401 1297 4472 conscriptum
1318 4415 1389 4457 esse.
