3220 5022
720 432 824 474 oaevr
848 433 859 472 1
1295 416 1352 476 3¹71

215 592 277 643 tem
289 582 418 641 accedat
436 591 596 661 conparet:
622 602 683 663 qua
696 602 729 641 re
745 603 784 642 ex
800 584 885 643 Keili
901 582 1116 643 observatione
1130 584 1229 662 praef.
1250 606 1279 663 p.
1296 585 1357 644 LII

216 684 292 743 satis
307 683 467 764 probatur,
483 691 577 742 totam
596 685 879 743 commentationem
898 704 937 743 ex
955 683 1100 744 Suetonio
1118 687 1259 746 haustam
1276 707 1355 747 esse.

218 785 328 846 deinde
341 784 422 866 quod
431 785 546 844 satirici
556 794 668 864 poetae
683 794 745 845 tres
757 785 893 844 Luc-ilius
906 787 1052 846 Horatius
1064 787 1189 846 Persius
1200 789 1356 846 nominan-

215 896 277 960 tur,
305 887 451 946 omittitur
470 887 646 959 luvenalis,
680 905 716 945 eo
742 894 847 944 auctor
867 887 1034 965 indicatur,
1055 889 1108 967 qui
1127 897 1198 967 pest
1218 890 1357 948 Persium

215 988 336 1068 quidem
354 989 430 1047 vixit
448 987 568 1047 sedant
583 989 741 1047 Iuvenalis
759 998 890 1048 aetatem
906 1009 967 1047 non
983 991 1084 1066 attigit
1097 998 1149 1049 aut
1166 992 1230 1049 eius
1242 1009 1355 1070 aequa-

215 1090 253 1147 lis
276 1089 342 1147 luit.
380 1110 438 1169 quo
464 1088 590 1163 indicio,
613 1098 646 1147 ut
667 1090 765 1150 dicam
786 1090 869 1169 quod
884 1090 998 1162 sentio,
1018 1100 1118 1169 potest
1131 1092 1197 1151 lieri
1211 1100 1245 1148 ut
1258 1091 1356 1149 'Pran-

215 1189 328 1270 quillus
344 1189 536 1267 indigitetur,
560 1191 617 1251 sed
636 1191 742 1251 eodem
759 1193 860 1271 possis
878 1201 930 1250 tuo
949 1193 1014 1251 iure
1035 1193 1093 1266 uti,
1109 1202 1143 1251 ut
1156 1192 1236 1252 haec
1255 1192 1356 1251 omnia

216 1290 400 1350 aDiomede
427 1312 465 1351 ex
487 1292 616 1353 diversis
641 1295 683 1353 M.
700 1292 919 1356 Valeri‘Prohi
943 1292 1198 1373 hypomnematis·
1211 1304 1356 1371 excerpta

215 1377 287 1453 esse
299 1393 465 1471 suspicere.
490 1414 592 1475 neque
606 1396 709 1473 inepte
722 1395 789 1473 ipsa
804 1392 977 1453 inordinata
993 1396 1146 1466 confusio,
1161 1415 1222 1475 qua
1236 1396 1357 1472 singula

213 1505 386 1572 poematum
401 1514 516 1570 genera
533 1504 762 1569 enumerantur,
789 1517 809 1554 a
823 1515 884 1575 qua
898 1515 1084 1575 magnopere
1098 1497 1129 1554 in
1144 1498 1272 1573 singulis
1287 1516 1354 1556 ern-

215 1593 288 1653 ditio
306 1593 412 1669 distat,
432 1594 628 1668 adhibeatur,
649 1616 708 1676 quo
722 1597 801 1657 haec
812 1596 993 1656 Diomedem
1007 1617 1069 1655 non
1084 1616 1121 1657 ex
1136 1616 1198 1656 una
1212 1598 1356 1659 continua

214 1693 419 1773 disputatione
434 1698 606 1776 recepisse,
624 1698 679 1757 sed
698 1718 735 1758 err
755 1698 884 1757 diversis
902 1697 940 1756 de
957 1696 1086 1760 diversis
1097 1699 1247 1776 poematia
1260 1717 1354 1775 gene-

213 1796 295 1855 ribus
321 1800 498 1857 commentis
524 1799 674 1863 conflasse
695 1799 848 1879 probetur.
886 1799 978 1859 Probi
996 1808 1097 1858 autem
1111 1800 1355 1878 hypomnematis

214 1896 368 1957 Persianis
387 1899 585 1976 probabiliter
598 1904 742 1962 restituas
758 1920 837 1981 quae
853 1899 897 1969 de,
909 1908 1012 1959 satura
1028 1899 1182 1978 disputata
1197 1910 1281 1978 sunt,
1305 1903 1355 1960 cui

213 1998 346 2076 opinioni
367 1999 529 2061 admodum
549 2004 648 2077 favet,
674 2001 756 2083 qood
777 2001 884 2061 eadem
908 2003 974 2060 fere
998 2002 1029 2059 in
1044 2000 1130 2059 libris
1145 2002 1234 2060 Persi
1251 2001 1305 2079 (cf.
1323 2023 1352 2081 p.

212 2109 257 2172 20,
269 2110 290 2162 3*
297 2099 414 2178 adnot.)
432 2103 542 2163 Horati
551 2104 709 2163 Iuvenalis
725 2135 764 2145 -—
779 2122 818 2161 ne
832 2104 863 2161 in
877 2102 925 2162 his
938 2102 1060 2181 quidem
1073 2101 1229 2163 Iuvenalis
1243 2123 1354 2162 nomen

213 2210 292 2260 teste
304 2201 412 2263 Iahnio
424 2205 594 2269 additur-
608 2213 722 2265 extant.
742 2224 801 2263 nec
812 2205 910 2263 minus
923 2222 1001 2284 quae
1016 2201 1053 2261 de
1066 2201 1183 2280 origine
1194 2202 1353 2273 bucolicae

213 2303 387 2377 traduntur,
410 2326 476 2364 cam
501 2308 545 2365 eis
567 2307 631 2366 fere
654 2308 860 2379 consentiant,
888 2325 967 2384 quae
983 2303 1091 2363 eadem
1110 2304 1148 2362 dc
1163 2325 1197 2363 re
1214 2306 1244 2363 iu
1258 2303 1353 2364 Probi

213 2407 438 2466 commentariis
454 2408 494 2467 ad
505 2408 623 2484 Vergili
635 2406 774 2466 bucolica
792 2415 976 2487 supersunt,
993 2404 1121 2465 eundem
1135 2414 1289 2465 auctorem
1306 2407 1350 2466 in·

213 2506 325 2566 dicant.
360 2516 424 2566 tum
444 2528 524 2587 quae
545 2507 583 2566 de
606 2508 783 2568 comoediae
798 2517 906 2568 natura
925 2515 956 2567 et
971 2507 1088 2584 origine
1103 2494 1276 2567 celeranter
1290 2528 1350 2567 non

212 2607 372 2668 dissimilia
390 2618 461 2668 sunt
481 2610 524 2667 eis
548 2629 626 2688 quae
651 2612 804 2670 aDonato
819 2609 948 2670 Terenti
962 2610 1128 2686 interprete
1145 2618 1351 2688 exponuntur3

211 2709 292 2771 buno
317 2718 420 2770 autem
441 2707 534 2769 Probi
554 2711 748 2771 Terentiauis
779 2711 1002 2772 commentariis
1024 2728 1111 2769 usum
1137 2729 1206 2771 esee
1231 2711 1352 2771 scimus.

144 2883 149 2893 .
211 2810 267 2870 sed
283 2810 440 2890 quominus
455 2810 536 2870 hanc
555 2814 690 2891 speciem
705 2815 844 2873 veritatis
860 2813 989 2872 calidius
1006 2812 1239 2891 amplectamur,
1256 2812 1352 2891 impe·

212 2913 346 2972 dimcnto
366 2911 398 2970 id
418 2912 517 2991 ipsum
535 2921 583 2971 eet
597 2913 679 2993 quod
697 2916 908 2974 auctoritatem
925 2915 1052 2975 Suetoni
1067 2933 1085 2972 a
1101 2913 1251 2991 Diomede
1266 2913 1352 2974 adhi-

211 3014 277 3075 beri
294 3014 493 3073 meminimus.
529 3013 640 3081 deinde
662 3016 687 3074 si
704 3017 771 3095 quis
786 3017 955 3076 accuratius
969 3017 1001 3074 in
1014 3015 1084 3074 illas
1104 3014 1209 3075 turbas
1226 3017 1352 3095 inquisi-

211 3115 309 3188 verit,
326 3114 468 3194 dispiciat
482 3124 598 3174 certum
612 3118 702 3177 unius
717 3117 930 3196 disputationis
947 3117 1122 3186 consilium,
1144 3116 1225 3196 quod
1242 3137 1260 3176 a
1276 3118 1351 3176 Dio·

211 3216 302 3277 mede
324 3215 446 3275 demum
464 3236 611 3294 perversa
636 3217 822 3297 excerpendi
839 3219 957 3277 ratione
976 3216 1171 3277 obscuratum
1194 3218 1242 3276 sit.
1271 3237 1351 3297 quae

107 3336 115 3357 “
211 3319 365 3379 sententia
382 3318 492 3396 optime
509 3319 615 3395 opinor
630 3321 697 3397 ipsa
713 3337 802 3395 quarn
818 3318 899 3376 infra
914 3320 1068 3377 instituam
1084 3317 1351 3376 reconcinnatione

211 3418 397 3500 probabitur.
437 3420 497 3477 iam
518 3439 591 3478 vero
614 3438 682 3477 oum
698 3418 815 3478 Probus
840 3418 879 3477 de
896 3429 960 3478 arte
973 3420 1095 3497 poetica
1111 3418 1271 3495 scripsisse
1290 3437 1351 3477 uon

210 3522 352 3581 rideatur
377 3519 433 3581 sed
460 3519 546 3577 initio
568 3519 837 3598 hypomnematum
860 3540 943 3579 more
968 3520 1155 3580 Graecorum
1178 3517 1216 3576 de
1237 3537 1350 3595 genere

213 3623 292 3703 quod
308 3623 442 3682 excoluit
458 3621 483 3677 is
498 3621 583 3679 ouius
597 3622 747 3700 interpres
766 3630 831 3680 erat
845 3621 1029 3700 disputaret,
1045 3640 1106 3679 non
1122 3618 1214 3677 facile
1229 3628 1351 3697 praeter

213 3724 389 3783 Suetonium
404 3724 647 3800 grammaticum,
666 3722 718 3802 qui
734 3732 765 3781 et
780 3722 872 3782 Probi
889 3721 985 3800 copiis
1002 3740 1074 3780 usus
1090 3721 1131 3779 sit
1145 3739 1203 3778 nec
1219 3719 1350 3779 Iuvena-

213 3824 273 3883 lem
289 3834 389 3885 aetatc
409 3824 615 3904 superaverit,
632 3825 782 3884 invenies.

298 3924 417 4003 Quodsi
433 3926 612 3986 Suetonium
633 3925 846 4003 disputationis
867 3932 1022 3983 auctorem
1038 3923 1268 4000 agnoverimus,
1288 3942 1349 3982 non

211 4027 324 4106 poterit
348 4029 449 4105 aptius
476 4049 514 4088 ea
539 4028 690 4087 conlocari
711 4046 802 4105 quarn
822 4025 852 4083 in
874 4024 1064 4105 praefatione
1085 4023 1155 4083 libri
1179 4022 1218 4081 dc
1239 4025 1348 4103 poetis.

212 4130 324 4189 etenim
348 4130 378 4187 in
400 4128 478 4188 libro
504 4129 746 4205 spectaculorum
768 4128 987 4197 Romanorum,
1018 4123 1119 4204 quode
1143 4123 1290 4200 cogitavit
1311 4122 1348 4184 O.

211 4231 337 4291 Iahnius
357 4231 379 4290 l.
401 4251 444 4300 c.,
473 4250 535 4289 non
561 4229 715 4289 commode
738 4237 857 4308 poterat
882 4247 981 4288 sermo
1008 4227 1122 4287 institui
1151 4224 1190 4284 de
1211 4224 1349 4287 omnihus

211 4333 352 4412 poeticae
366 4330 528 4408 generibus
539 4351 597 4393 nec
614 4330 653 4391 de
665 4340 774 4393 natura
786 4330 881 4409 ipsius
896 4328 1057 4387 scaenicae
1072 4327 1174 4405 poesis
1190 4326 1349 4407 disputari.

211 4443 274 4493 turn
292 4442 358 4494 erat
375 4433 424 4492 hic
435 4432 513 4492 liber
525 4452 598 4512 pars
612 4431 748 4492 ludicrae
759 4430 922 4504 historiae,
939 4430 1023 4489 cuius
1039 4448 1101 4487 una
1111 4435 1199 4508 parte
1212 4427 1346 4489 Graeco·
1388 4422 1393 4429 ’

1081 4527 1146 4587 24*
