<?xml version="1.0" encoding="UTF-8"?>
<!DOCTYPE html PUBLIC "-//W3C//DTD XHTML 1.0 Transitional//EN"
    "http://www.w3.org/TR/xhtml1/DTD/xhtml1-transitional.dtd">
<html xmlns="http://www.w3.org/1999/xhtml" xml:lang="en" lang="en">
 <head>
  <title>
</title>
<meta http-equiv="Content-Type" content="text/html;charset=utf-8" />
  <meta name='ocr-system' content='tesseract 3.04.00' />
  <meta name='ocr-capabilities' content='ocr_page ocr_carea ocr_par ocr_line ocrx_word'/>
</head>
<body>
  <div class='ocr_page' id='page_1' title='image "./csuetonitranqui01ritsgoog_0469.png"; bbox 0 0 3202 4998; ppageno 0'>
   <div class='ocr_carea' id='block_1_1' title="bbox 246 386 1038 450">
    <p class='ocr_par' dir='ltr' id='par_1_1' title="bbox 246 386 1038 450">
     <span class='ocr_line' id='line_1_1' title="bbox 246 386 1038 450; baseline -0.008 -5"><span class='ocrx_word' id='word_1_1' title='bbox 246 386 308 445; x_wconf 77' lang='lat' dir='ltr'>trs</span> <span class='ocrx_word' id='word_1_2' title='bbox 566 402 788 450; x_wconf 74' lang='lat' dir='ltr'>ovsrtsrrosas</span> <span class='ocrx_word' id='word_1_3' title='bbox 811 402 1038 441; x_wconf 71' lang='lat' dir='ltr'>sva&#39;rosrsuaa</span> 
     </span>
    </p>
   </div>
   <div class='ocr_carea' id='block_1_2' title="bbox 209 551 1473 4506">
    <p class='ocr_par' dir='ltr' id='par_1_2' title="bbox 209 551 1390 1037">
     <span class='ocr_line' id='line_1_2' title="bbox 246 551 1389 633; baseline -0.002 -20"><span class='ocrx_word' id='word_1_4' title='bbox 246 556 349 613; x_wconf 83' lang='lat' dir='ltr'>brrisse</span> <span class='ocrx_word' id='word_1_5' title='bbox 370 556 434 613; x_wconf 90' lang='lat' dir='ltr'>iure</span> <span class='ocrx_word' id='word_1_6' title='bbox 457 554 550 611; x_wconf 87' lang='lat' dir='ltr'>dicas.</span> <span class='ocrx_word' id='word_1_7' title='bbox 596 554 731 611; x_wconf 83' lang='lat' dir='ltr'>servavit</span> <span class='ocrx_word' id='word_1_8' title='bbox 759 552 930 611; x_wconf 79' lang='lat' dir='ltr'>Guilelmus</span> <span class='ocrx_word' id='word_1_9' title='bbox 953 551 1082 629; x_wconf 77' lang='lat' dir='ltr'>Capella</span> <span class='ocrx_word' id='word_1_10' title='bbox 1105 552 1143 610; x_wconf 90' lang='lat' dir='ltr'>de</span> <span class='ocrx_word' id='word_1_11' title='bbox 1166 554 1309 625; x_wconf 82' lang='lat' dir='ltr'>Auletta,</span> <span class='ocrx_word' id='word_1_12' title='bbox 1337 556 1389 633; x_wconf 92' lang='lat' dir='ltr'>qui</span> 
     </span>
     <span class='ocr_line' id='line_1_3' title="bbox 248 653 1388 730; baseline -0.003 -15"><span class='ocrx_word' id='word_1_13' title='bbox 248 660 329 715; x_wconf 88' lang='lat' dir='ltr'>circa</span> <span class='ocrx_word' id='word_1_14' title='bbox 351 666 411 717; x_wconf 78' lang='grc'><strong>1121</strong></span> <span class='ocrx_word' id='word_1_15' title='bbox 431 655 522 727; x_wconf 86' lang='lat' dir='ltr'>vixit,</span> <span class='ocrx_word' id='word_1_16' title='bbox 541 658 625 713; x_wconf 86' lang='lat' dir='ltr'>cuius</span> <span class='ocrx_word' id='word_1_17' title='bbox 643 653 760 712; x_wconf 88' lang='lat' dir='ltr'>scholia</span> <span class='ocrx_word' id='word_1_18' title='bbox 777 654 808 711; x_wconf 92' lang='lat' dir='ltr'>in</span> <span class='ocrx_word' id='word_1_19' title='bbox 829 653 1388 730; x_wconf 61' lang='grc'><strong>1110111111]1101101110113011131111.</strong></span> 
     </span>
     <span class='ocr_line' id='line_1_4' title="bbox 209 747 1390 835; baseline -0.003 -19"><span class='ocrx_word' id='word_1_20' title='bbox 209 796 213 802; x_wconf 91' lang='lat'><em>-</em></span> <span class='ocrx_word' id='word_1_21' title='bbox 248 760 332 817; x_wconf 90' lang='lat' dir='ltr'>canis</span> <span class='ocrx_word' id='word_1_22' title='bbox 349 766 450 816; x_wconf 88' lang='lat' dir='ltr'>autem</span> <span class='ocrx_word' id='word_1_23' title='bbox 469 758 618 835; x_wconf 75' lang='lat' dir='ltr'>Aegyptii</span> <span class='ocrx_word' id='word_1_24' title='bbox 633 766 771 814; x_wconf 89' lang='lat' dir='ltr'>naturam</span> <span class='ocrx_word' id='word_1_25' title='bbox 787 754 828 812; x_wconf 92' lang='lat' dir='ltr'>ibi</span> <span class='ocrx_word' id='word_1_26' title='bbox 843 755 997 813; x_wconf 89' lang='lat' dir='ltr'>inlustrari</span> <span class='ocrx_word' id='word_1_27' title='bbox 1009 747 1167 834; x_wconf 80' lang='lat' dir='ltr'>praeclara</span> <span class='ocrx_word' id='word_1_28' title='bbox 1179 756 1270 814; x_wconf 83' lang='lat' dir='ltr'><strong>Rothi</strong></span> <span class='ocrx_word' id='word_1_29' title='bbox 1289 776 1390 815; x_wconf 89' lang='lat' dir='ltr'>emen-</span> 
     </span>
     <span class='ocr_line' id='line_1_5' title="bbox 248 857 1389 937; baseline -0.003 -19"><span class='ocrx_word' id='word_1_30' title='bbox 248 861 369 918; x_wconf 75' lang='lat' dir='ltr'>datione</span> <span class='ocrx_word' id='word_1_31' title='bbox 385 859 571 937; x_wconf 86' lang='lat' dir='ltr'>patefactum</span> <span class='ocrx_word' id='word_1_32' title='bbox 584 866 640 915; x_wconf 85' lang='lat' dir='ltr'>est.</span> <span class='ocrx_word' id='word_1_33' title='bbox 662 857 765 934; x_wconf 90' lang='lat' dir='ltr'>itaque</span> <span class='ocrx_word' id='word_1_34' title='bbox 782 857 883 914; x_wconf 91' lang='lat' dir='ltr'>omnia</span> <span class='ocrx_word' id='word_1_35' title='bbox 894 857 1006 934; x_wconf 90' lang='lat' dir='ltr'>optime</span> <span class='ocrx_word' id='word_1_36' title='bbox 1024 859 1188 917; x_wconf 90' lang='lat' dir='ltr'>concinunt</span> <span class='ocrx_word' id='word_1_37' title='bbox 1204 866 1238 915; x_wconf 87' lang='lat' dir='ltr'>ut</span> <span class='ocrx_word' id='word_1_38' title='bbox 1249 878 1308 915; x_wconf 91' lang='lat' dir='ltr'>uon</span> <span class='ocrx_word' id='word_1_39' title='bbox 1320 877 1389 934; x_wconf 89' lang='lat' dir='ltr'>pos·</span> 
     </span>
     <span class='ocr_line' id='line_1_6' title="bbox 248 956 1033 1037; baseline -0.006 -16"><span class='ocrx_word' id='word_1_40' title='bbox 248 964 287 1021; x_wconf 86' lang='lat' dir='ltr'>sit</span> <span class='ocrx_word' id='word_1_41' title='bbox 301 963 397 1020; x_wconf 85' lang='lat' dir='ltr'>maior</span> <span class='ocrx_word' id='word_1_42' title='bbox 409 969 532 1019; x_wconf 88' lang='lat' dir='ltr'>nostrae</span> <span class='ocrx_word' id='word_1_43' title='bbox 549 958 746 1037; x_wconf 79' lang='lat' dir='ltr'>disputationi</span> <span class='ocrx_word' id='word_1_44' title='bbox 757 956 834 1015; x_wconf 88' lang='lat' dir='ltr'>fides</span> <span class='ocrx_word' id='word_1_45' title='bbox 846 978 1033 1017; x_wconf 76' lang='lat' dir='ltr'><strong>accrescere.</strong></span> 
     </span>
    </p>

    <p class='ocr_par' dir='ltr' id='par_1_3' title="bbox 248 1058 1473 4506">
     <span class='ocr_line' id='line_1_7' title="bbox 331 1058 1391 1141; baseline -0.008 -18"><span class='ocrx_word' id='word_1_46' title='bbox 331 1065 422 1123; x_wconf 89' lang='lat' dir='ltr'>Hanc</span> <span class='ocrx_word' id='word_1_47' title='bbox 434 1070 552 1141; x_wconf 88' lang='lat' dir='ltr'>partem</span> <span class='ocrx_word' id='word_1_48' title='bbox 572 1059 610 1118; x_wconf 94' lang='lat' dir='ltr'>dc</span> <span class='ocrx_word' id='word_1_49' title='bbox 622 1058 802 1117; x_wconf 81' lang='lat' dir='ltr'>animalibus</span> <span class='ocrx_word' id='word_1_50' title='bbox 821 1060 940 1118; x_wconf 89' lang='lat' dir='ltr'>omniuo</span> <span class='ocrx_word' id='word_1_51' title='bbox 953 1063 1110 1138; x_wconf 88' lang='lat' dir='ltr'>praeteriit</span> <span class='ocrx_word' id='word_1_52' title='bbox 1122 1060 1260 1120; x_wconf 79' lang='lat' dir='ltr'>Isidorus</span> <span class='ocrx_word' id='word_1_53' title='bbox 1272 1062 1302 1118; x_wconf 91' lang='lat' dir='ltr'>irr</span> <span class='ocrx_word' id='word_1_54' title='bbox 1314 1060 1391 1118; x_wconf 89' lang='lat' dir='ltr'>libro</span> 
     </span>
     <span class='ocr_line' id='line_1_8' title="bbox 248 1159 1390 1241; baseline -0.004 -15"><span class='ocrx_word' id='word_1_55' title='bbox 248 1167 535 1233; x_wconf 80' lang='grc'><strong>(101111111011111,</strong></span> <span class='ocrx_word' id='word_1_56' title='bbox 552 1160 583 1218; x_wconf 87' lang='lat' dir='ltr'>id</span> <span class='ocrx_word' id='word_1_57' title='bbox 598 1159 679 1240; x_wconf 92' lang='lat' dir='ltr'>quod</span> <span class='ocrx_word' id='word_1_58' title='bbox 696 1162 725 1218; x_wconf 89' lang='lat' dir='ltr'>in</span> <span class='ocrx_word' id='word_1_59' title='bbox 742 1181 834 1218; x_wconf 87' lang='lat' dir='ltr'>causa</span> <span class='ocrx_word' id='word_1_60' title='bbox 851 1161 944 1219; x_wconf 83' lang='lat' dir='ltr'>luisse</span> <span class='ocrx_word' id='word_1_61' title='bbox 960 1161 1081 1220; x_wconf 91' lang='lat' dir='ltr'>videtur</span> <span class='ocrx_word' id='word_1_62' title='bbox 1096 1174 1129 1220; x_wconf 94' lang='lat' dir='ltr'>ut</span> <span class='ocrx_word' id='word_1_63' title='bbox 1141 1184 1195 1241; x_wconf 90' lang='lat' dir='ltr'>pro</span> <span class='ocrx_word' id='word_1_64' title='bbox 1213 1164 1299 1235; x_wconf 87' lang='lat' dir='ltr'>titulo</span> <span class='ocrx_word' id='word_1_65' title='bbox 1315 1163 1390 1221; x_wconf 85' lang='lat' dir='ltr'>Sue-</span> 
     </span>
     <span class='ocr_line' id='line_1_9' title="bbox 249 1263 1390 1327; baseline -0.004 0"><span class='ocrx_word' id='word_1_66' title='bbox 249 1270 371 1327; x_wconf 89' lang='lat' dir='ltr'>toniano</span> <span class='ocrx_word' id='word_1_67' title='bbox 388 1265 564 1327; x_wconf 87' lang='lat' dir='ltr'>Lucretium</span> <span class='ocrx_word' id='word_1_68' title='bbox 579 1263 713 1321; x_wconf 88' lang='lat' dir='ltr'>imitatus</span> <span class='ocrx_word' id='word_1_69' title='bbox 728 1267 763 1320; x_wconf 82' lang='lat' dir='ltr'>dc</span> <span class='ocrx_word' id='word_1_70' title='bbox 778 1273 885 1320; x_wconf 73' lang='lat' dir='ltr'>reaturo</span> <span class='ocrx_word' id='word_1_71' title='bbox 901 1280 1000 1321; x_wconf 84' lang='lat' dir='ltr'>rerum</span> <span class='ocrx_word' id='word_1_72' title='bbox 1017 1284 1102 1323; x_wconf 91' lang='lat' dir='ltr'>suum</span> <span class='ocrx_word' id='word_1_73' title='bbox 1117 1266 1224 1324; x_wconf 89' lang='lat' dir='ltr'>librum</span> <span class='ocrx_word' id='word_1_74' title='bbox 1244 1264 1390 1325; x_wconf 88' lang='lat' dir='ltr'>inscribe-</span> 
     </span>
     <span class='ocr_line' id='line_1_10' title="bbox 248 1364 1391 1442; baseline -0.002 -13"><span class='ocrx_word' id='word_1_75' title='bbox 248 1380 304 1430; x_wconf 90' lang='lat' dir='ltr'>ret.</span> <span class='ocrx_word' id='word_1_76' title='bbox 349 1378 455 1428; x_wconf 84' lang='lat' dir='ltr'>contra</span> <span class='ocrx_word' id='word_1_77' title='bbox 482 1385 593 1425; x_wconf 89' lang='lat' dir='ltr'>nonum</span> <span class='ocrx_word' id='word_1_78' title='bbox 620 1372 775 1442; x_wconf 84' lang='lat' dir='ltr'>pratorum</span> <span class='ocrx_word' id='word_1_79' title='bbox 796 1364 904 1424; x_wconf 89' lang='lat' dir='ltr'>librum</span> <span class='ocrx_word' id='word_1_80' title='bbox 932 1369 980 1426; x_wconf 91' lang='lat' dir='ltr'>cui</span> <span class='ocrx_word' id='word_1_81' title='bbox 1005 1370 1135 1428; x_wconf 79' lang='lat' dir='ltr'>tortasse</span> <span class='ocrx_word' id='word_1_82' title='bbox 1158 1374 1192 1427; x_wconf 78' lang='lat' dir='ltr'>de</span> <span class='ocrx_word' id='word_1_83' title='bbox 1219 1376 1323 1430; x_wconf 77' lang='lat' dir='ltr'>arundo</span> <span class='ocrx_word' id='word_1_84' title='bbox 1347 1372 1391 1427; x_wconf 90' lang='lat' dir='ltr'>iu·</span> 
     </span>
     <span class='ocr_line' id='line_1_11' title="bbox 249 1465 1391 1550; baseline -0.002 -20"><span class='ocrx_word' id='word_1_85' title='bbox 249 1473 395 1550; x_wconf 85' lang='lat' dir='ltr'>scriptum</span> <span class='ocrx_word' id='word_1_86' title='bbox 417 1478 482 1528; x_wconf 87' lang='lat' dir='ltr'>erat</span> <span class='ocrx_word' id='word_1_87' title='bbox 502 1466 723 1527; x_wconf 87' lang='lat' dir='ltr'>studiosissimo</span> <span class='ocrx_word' id='word_1_88' title='bbox 743 1465 919 1526; x_wconf 82' lang='lat' dir='ltr'>adhibuisse</span> <span class='ocrx_word' id='word_1_89' title='bbox 935 1470 1071 1529; x_wconf 87' lang='lat' dir='ltr'>videtur:</span> <span class='ocrx_word' id='word_1_90' title='bbox 1104 1491 1173 1529; x_wconf 89' lang='lat' dir='ltr'>nam</span> <span class='ocrx_word' id='word_1_91' title='bbox 1194 1490 1391 1548; x_wconf 79' lang='grc' dir='ltr'><strong>3111111]ορ10-</strong></span> 
     </span>
     <span class='ocr_line' id='line_1_12' title="bbox 249 1570 1392 1650; baseline 0 -21"><span class='ocrx_word' id='word_1_92' title='bbox 249 1571 416 1640; x_wconf 77' lang='lat' dir='ltr'>babilitatis</span> <span class='ocrx_word' id='word_1_93' title='bbox 438 1570 558 1648; x_wconf 89' lang='lat' dir='ltr'>species</span> <span class='ocrx_word' id='word_1_94' title='bbox 583 1588 638 1625; x_wconf 89' lang='lat' dir='ltr'>uos</span> <span class='ocrx_word' id='word_1_95' title='bbox 661 1576 851 1627; x_wconf 83' lang='grc'><strong>110111011]</strong></span> <span class='ocrx_word' id='word_1_96' title='bbox 874 1571 975 1629; x_wconf 87' lang='lat' dir='ltr'>omnia</span> <span class='ocrx_word' id='word_1_97' title='bbox 995 1592 1032 1629; x_wconf 91' lang='lat' dir='ltr'>ea</span> <span class='ocrx_word' id='word_1_98' title='bbox 1053 1591 1132 1650; x_wconf 89' lang='lat' dir='ltr'>quac</span> <span class='ocrx_word' id='word_1_99' title='bbox 1153 1593 1172 1630; x_wconf 91' lang='lat' dir='ltr'>a</span> <span class='ocrx_word' id='word_1_100' title='bbox 1195 1573 1294 1649; x_wconf 87' lang='lat' dir='ltr'>capite</span> <span class='ocrx_word' id='word_1_101' title='bbox 1312 1592 1392 1629; x_wconf 91' lang='lat' dir='ltr'>nono</span> 
     </span>
     <span class='ocr_line' id='line_1_13' title="bbox 250 1669 1393 1751; baseline 0 -20"><span class='ocrx_word' id='word_1_102' title='bbox 250 1692 346 1751; x_wconf 89' lang='lat' dir='ltr'>usque</span> <span class='ocrx_word' id='word_1_103' title='bbox 364 1672 508 1730; x_wconf 87' lang='lat' dir='ltr'>adfinem</span> <span class='ocrx_word' id='word_1_104' title='bbox 523 1669 592 1727; x_wconf 84' lang='lat' dir='ltr'>libri</span> <span class='ocrx_word' id='word_1_105' title='bbox 611 1678 802 1747; x_wconf 86' lang='lat' dir='ltr'>exponuntur</span> <span class='ocrx_word' id='word_1_106' title='bbox 824 1671 849 1728; x_wconf 89' lang='lat' dir='ltr'>si</span> <span class='ocrx_word' id='word_1_107' title='bbox 869 1670 908 1730; x_wconf 90' lang='lat' dir='ltr'>ad</span> <span class='ocrx_word' id='word_1_108' title='bbox 925 1681 1024 1731; x_wconf 85' lang='lat' dir='ltr'>certos</span> <span class='ocrx_word' id='word_1_109' title='bbox 1042 1682 1183 1731; x_wconf 76' lang='lat' dir='ltr'>auctores</span> <span class='ocrx_word' id='word_1_110' title='bbox 1198 1674 1313 1732; x_wconf 86' lang='lat' dir='ltr'>referre</span> <span class='ocrx_word' id='word_1_111' title='bbox 1332 1694 1393 1731; x_wconf 86' lang='lat' dir='ltr'>non</span> 
     </span>
     <span class='ocr_line' id='line_1_14' title="bbox 249 1770 1392 1852; baseline 0.003 -21"><span class='ocrx_word' id='word_1_112' title='bbox 249 1774 400 1852; x_wconf 90' lang='lat' dir='ltr'>possimus</span> <span class='ocrx_word' id='word_1_113' title='bbox 417 1770 589 1850; x_wconf 75' lang='lat' dir='ltr'>Tranquilli</span> <span class='ocrx_word' id='word_1_114' title='bbox 608 1773 704 1849; x_wconf 90' lang='lat' dir='ltr'>primo</span> <span class='ocrx_word' id='word_1_115' title='bbox 722 1771 760 1829; x_wconf 90' lang='lat' dir='ltr'>de</span> <span class='ocrx_word' id='word_1_116' title='bbox 777 1775 892 1832; x_wconf 88' lang='lat' dir='ltr'>naturis</span> <span class='ocrx_word' id='word_1_117' title='bbox 909 1793 1007 1831; x_wconf 90' lang='lat' dir='ltr'>rerum</span> <span class='ocrx_word' id='word_1_118' title='bbox 1024 1773 1099 1832; x_wconf 90' lang='lat' dir='ltr'>libro</span> <span class='ocrx_word' id='word_1_119' title='bbox 1116 1776 1318 1850; x_wconf 79' lang='lat' dir='ltr'>restituimus3</span> <span class='ocrx_word' id='word_1_120' title='bbox 1349 1776 1392 1834; x_wconf 94' lang='lat' dir='ltr'>di-</span> 
     </span>
     <span class='ocr_line' id='line_1_15' title="bbox 251 1873 1392 1957; baseline 0.003 -23"><span class='ocrx_word' id='word_1_121' title='bbox 251 1875 450 1952; x_wconf 83' lang='lat' dir='ltr'>ligentissime</span> <span class='ocrx_word' id='word_1_122' title='bbox 475 1882 576 1932; x_wconf 86' lang='lat' dir='ltr'>autem</span> <span class='ocrx_word' id='word_1_123' title='bbox 598 1881 739 1931; x_wconf 87' lang='lat' dir='ltr'>auctores</span> <span class='ocrx_word' id='word_1_124' title='bbox 760 1873 872 1950; x_wconf 82' lang='lat' dir='ltr'>Isidori</span> <span class='ocrx_word' id='word_1_125' title='bbox 896 1873 1043 1932; x_wconf 89' lang='lat' dir='ltr'>indicavit</span> <span class='ocrx_word' id='word_1_126' title='bbox 1066 1876 1223 1935; x_wconf 82' lang='lat' dir='ltr'>Becker-us</span> <span class='ocrx_word' id='word_1_127' title='bbox 1249 1880 1280 1936; x_wconf 92' lang='lat' dir='ltr'>iu</span> <span class='ocrx_word' id='word_1_128' title='bbox 1295 1880 1392 1957; x_wconf 87' lang='lat' dir='ltr'>prole·</span> 
     </span>
     <span class='ocr_line' id='line_1_16' title="bbox 250 1974 1392 2060; baseline 0.003 -26"><span class='ocrx_word' id='word_1_129' title='bbox 250 1978 403 2054; x_wconf 84' lang='lat' dir='ltr'>gomenis,</span> <span class='ocrx_word' id='word_1_130' title='bbox 427 1984 460 2034; x_wconf 91' lang='lat' dir='ltr'>ut</span> <span class='ocrx_word' id='word_1_131' title='bbox 477 1994 578 2054; x_wconf 88' lang='lat' dir='ltr'>pauca</span> <span class='ocrx_word' id='word_1_132' title='bbox 595 1981 710 2032; x_wconf 88' lang='lat' dir='ltr'>tantum</span> <span class='ocrx_word' id='word_1_133' title='bbox 726 1974 799 2033; x_wconf 91' lang='lat' dir='ltr'>mihi</span> <span class='ocrx_word' id='word_1_134' title='bbox 820 1974 1011 2035; x_wconf 83' lang='lat' dir='ltr'>emendanda</span> <span class='ocrx_word' id='word_1_135' title='bbox 1028 1978 1059 2036; x_wconf 91' lang='lat' dir='ltr'>in</span> <span class='ocrx_word' id='word_1_136' title='bbox 1074 1978 1132 2036; x_wconf 90' lang='lat' dir='ltr'>lrac</span> <span class='ocrx_word' id='word_1_137' title='bbox 1154 1999 1225 2037; x_wconf 90' lang='lat' dir='ltr'>cura</span> <span class='ocrx_word' id='word_1_138' title='bbox 1240 1980 1392 2060; x_wconf 88' lang='lat' dir='ltr'>relinque·</span> 
     </span>
     <span class='ocr_line' id='line_1_17' title="bbox 250 2076 1393 2157; baseline 0.003 -20"><span class='ocrx_word' id='word_1_139' title='bbox 250 2087 306 2137; x_wconf 88' lang='lat' dir='ltr'>ret.</span> <span class='ocrx_word' id='word_1_140' title='bbox 337 2098 437 2157; x_wconf 86' lang='lat' dir='ltr'>neque</span> <span class='ocrx_word' id='word_1_141' title='bbox 454 2076 579 2135; x_wconf 85' lang='lat' dir='ltr'>difficile</span> <span class='ocrx_word' id='word_1_142' title='bbox 593 2076 730 2155; x_wconf 88' lang='lat' dir='ltr'>plurimis</span> <span class='ocrx_word' id='word_1_143' title='bbox 747 2077 822 2135; x_wconf 89' lang='lat' dir='ltr'>locis</span> <span class='ocrx_word' id='word_1_144' title='bbox 840 2079 940 2136; x_wconf 89' lang='lat' dir='ltr'>aliena</span> <span class='ocrx_word' id='word_1_145' title='bbox 958 2099 975 2137; x_wconf 88' lang='lat' dir='ltr'>a</span> <span class='ocrx_word' id='word_1_146' title='bbox 995 2080 1188 2141; x_wconf 83' lang='lat' dir='ltr'>Suetouianis</span> <span class='ocrx_word' id='word_1_147' title='bbox 1210 2082 1393 2142; x_wconf 87' lang='lat' dir='ltr'>secludimus</span> 
     </span>
     <span class='ocr_line' id='line_1_18' title="bbox 250 2179 1393 2260; baseline 0.004 -22"><span class='ocrx_word' id='word_1_148' title='bbox 250 2190 284 2239; x_wconf 92' lang='grc'>11</span> <span class='ocrx_word' id='word_1_149' title='bbox 303 2181 381 2239; x_wconf 89' lang='lat' dir='ltr'>haec</span> <span class='ocrx_word' id='word_1_150' title='bbox 395 2179 605 2259; x_wconf 83' lang='lat' dir='ltr'>ipsafacilitas</span> <span class='ocrx_word' id='word_1_151' title='bbox 618 2179 763 2237; x_wconf 88' lang='lat' dir='ltr'>maiorem</span> <span class='ocrx_word' id='word_1_152' title='bbox 779 2179 1047 2241; x_wconf 83' lang='lat' dir='ltr'>commendationis</span> <span class='ocrx_word' id='word_1_153' title='bbox 1063 2184 1191 2260; x_wconf 87' lang='lat' dir='ltr'>gratiam</span> <span class='ocrx_word' id='word_1_154' title='bbox 1210 2192 1333 2243; x_wconf 86' lang='lat' dir='ltr'>nostrae</span> <span class='ocrx_word' id='word_1_155' title='bbox 1348 2205 1393 2243; x_wconf 90' lang='lat' dir='ltr'>re·</span> 
     </span>
     <span class='ocr_line' id='line_1_19' title="bbox 253 2281 1393 2363; baseline 0.003 -22"><span class='ocrx_word' id='word_1_156' title='bbox 253 2283 478 2342; x_wconf 85' lang='lat' dir='ltr'>concinnationi</span> <span class='ocrx_word' id='word_1_157' title='bbox 499 2281 603 2341; x_wconf 85' lang='lat' dir='ltr'>addat.</span> <span class='ocrx_word' id='word_1_158' title='bbox 646 2281 702 2340; x_wconf 90' lang='lat' dir='ltr'>sed</span> <span class='ocrx_word' id='word_1_159' title='bbox 729 2301 788 2360; x_wconf 91' lang='lat' dir='ltr'>quo</span> <span class='ocrx_word' id='word_1_160' title='bbox 811 2282 982 2359; x_wconf 80' lang='lat' dir='ltr'>expeditior</span> <span class='ocrx_word' id='word_1_161' title='bbox 996 2282 1074 2341; x_wconf 90' lang='lat' dir='ltr'>haec</span> <span class='ocrx_word' id='word_1_162' title='bbox 1090 2304 1182 2363; x_wconf 86' lang='lat' dir='ltr'>opera</span> <span class='ocrx_word' id='word_1_163' title='bbox 1196 2294 1257 2357; x_wconf 88' lang='lat' dir='ltr'>est,</span> <span class='ocrx_word' id='word_1_164' title='bbox 1280 2306 1316 2344; x_wconf 88' lang='lat' dir='ltr'>eo</span> <span class='ocrx_word' id='word_1_165' title='bbox 1330 2306 1393 2344; x_wconf 91' lang='lat' dir='ltr'>ma·</span> 
     </span>
     <span class='ocr_line' id='line_1_20' title="bbox 251 2382 1393 2463; baseline 0.004 -21"><span class='ocrx_word' id='word_1_166' title='bbox 251 2386 297 2460; x_wconf 81' lang='lat' dir='ltr'>gis</span> <span class='ocrx_word' id='word_1_167' title='bbox 319 2384 510 2459; x_wconf 83' lang='lat' dir='ltr'>exagitamur</span> <span class='ocrx_word' id='word_1_168' title='bbox 530 2382 671 2442; x_wconf 86' lang='lat' dir='ltr'>intricata</span> <span class='ocrx_word' id='word_1_169' title='bbox 693 2383 747 2442; x_wconf 89' lang='lat' dir='ltr'>illa</span> <span class='ocrx_word' id='word_1_170' title='bbox 775 2386 971 2462; x_wconf 80' lang='lat' dir='ltr'>quaestione,</span> <span class='ocrx_word' id='word_1_171' title='bbox 995 2404 1073 2463; x_wconf 90' lang='lat' dir='ltr'>quac</span> <span class='ocrx_word' id='word_1_172' title='bbox 1095 2388 1174 2444; x_wconf 83' lang='lat' dir='ltr'>ratio</span> <span class='ocrx_word' id='word_1_173' title='bbox 1198 2388 1393 2447; x_wconf 78' lang='grc'><strong>1110113110-</strong></span> 
     </span>
     <span class='ocr_line' id='line_1_21' title="bbox 252 2484 1394 2565; baseline 0.003 -21"><span class='ocrx_word' id='word_1_174' title='bbox 252 2506 318 2544; x_wconf 87' lang='lat' dir='ltr'>rum</span> <span class='ocrx_word' id='word_1_175' title='bbox 342 2494 372 2544; x_wconf 90' lang='lat' dir='ltr'>et</span> <span class='ocrx_word' id='word_1_176' title='bbox 395 2484 591 2543; x_wconf 90' lang='lat' dir='ltr'>scholiastam</span> <span class='ocrx_word' id='word_1_177' title='bbox 617 2484 792 2545; x_wconf 86' lang='lat' dir='ltr'>Germanici</span> <span class='ocrx_word' id='word_1_178' title='bbox 820 2485 999 2544; x_wconf 80' lang='lat' dir='ltr'>intercedat.</span> <span class='ocrx_word' id='word_1_179' title='bbox 1042 2485 1194 2565; x_wconf 87' lang='lat' dir='ltr'>duplicem</span> <span class='ocrx_word' id='word_1_180' title='bbox 1219 2510 1288 2549; x_wconf 87' lang='lat' dir='ltr'>esse</span> <span class='ocrx_word' id='word_1_181' title='bbox 1312 2499 1394 2549; x_wconf 87' lang='lat' dir='ltr'>ratus</span> 
     </span>
     <span class='ocr_line' id='line_1_22' title="bbox 252 2585 1395 2666; baseline 0.005 -21"><span class='ocrx_word' id='word_1_182' title='bbox 252 2585 410 2646; x_wconf 82' lang='lat' dir='ltr'>Becherus</span> <span class='ocrx_word' id='word_1_183' title='bbox 425 2608 455 2665; x_wconf 84' lang='lat' dir='ltr'>p.</span> <span class='ocrx_word' id='word_1_184' title='bbox 471 2585 568 2645; x_wconf 91' lang='lat' dir='ltr'>VIIII</span> <span class='ocrx_word' id='word_1_185' title='bbox 577 2608 644 2666; x_wconf 92' lang='lat' dir='ltr'>sqq.</span> <span class='ocrx_word' id='word_1_186' title='bbox 664 2594 695 2644; x_wconf 90' lang='lat' dir='ltr'>ct</span> <span class='ocrx_word' id='word_1_187' title='bbox 710 2586 861 2646; x_wconf 90' lang='lat' dir='ltr'>Isidorum</span> <span class='ocrx_word' id='word_1_188' title='bbox 884 2587 1008 2646; x_wconf 87' lang='lat' dir='ltr'>scholiis</span> <span class='ocrx_word' id='word_1_189' title='bbox 1024 2587 1206 2649; x_wconf 81' lang='lat' dir='ltr'>Arateorum</span> <span class='ocrx_word' id='word_1_190' title='bbox 1225 2611 1312 2651; x_wconf 90' lang='lat' dir='ltr'>usum</span> <span class='ocrx_word' id='word_1_191' title='bbox 1327 2612 1395 2651; x_wconf 88' lang='grc'><strong>0330</strong></span> 
     </span>
     <span class='ocr_line' id='line_1_23' title="bbox 254 2687 1395 2770; baseline 0.005 -24"><span class='ocrx_word' id='word_1_192' title='bbox 254 2698 285 2747; x_wconf 89' lang='grc'>01</span> <span class='ocrx_word' id='word_1_193' title='bbox 306 2687 346 2747; x_wconf 87' lang='lat' dir='ltr'>ad</span> <span class='ocrx_word' id='word_1_194' title='bbox 369 2687 553 2747; x_wconf 89' lang='lat' dir='ltr'>scholiorum</span> <span class='ocrx_word' id='word_1_195' title='bbox 577 2708 681 2747; x_wconf 88' lang='lat' dir='ltr'>rursus</span> <span class='ocrx_word' id='word_1_196' title='bbox 704 2688 890 2765; x_wconf 82' lang='lat' dir='ltr'>farraginem</span> <span class='ocrx_word' id='word_1_197' title='bbox 922 2689 1094 2766; x_wconf 82' lang='lat' dir='ltr'>aagendam</span> <span class='ocrx_word' id='word_1_198' title='bbox 1112 2694 1274 2770; x_wconf 87' lang='lat' dir='ltr'>posteriori</span> <span class='ocrx_word' id='word_1_199' title='bbox 1294 2702 1395 2753; x_wconf 88' lang='lat' dir='ltr'>aetate</span> 
     </span>
     <span class='ocr_line' id='line_1_24' title="bbox 252 2768 1397 2873; baseline 0.004 -26"><span class='ocrx_word' id='word_1_200' title='bbox 252 2788 362 2848; x_wconf 86' lang='lat' dir='ltr'>librum</span> <span class='ocrx_word' id='word_1_201' title='bbox 382 2788 495 2848; x_wconf 89' lang='lat' dir='ltr'>Isidori</span> <span class='ocrx_word' id='word_1_202' title='bbox 517 2788 685 2847; x_wconf 89' lang='lat' dir='ltr'>adhibitum</span> <span class='ocrx_word' id='word_1_203' title='bbox 704 2809 771 2848; x_wconf 88' lang='grc'><strong>0330</strong></span> <span class='ocrx_word' id='word_1_204' title='bbox 793 2774 922 2869; x_wconf 77' lang='lat' dir='ltr'>probare</span> <span class='ocrx_word' id='word_1_205' title='bbox 944 2799 1078 2849; x_wconf 89' lang='lat' dir='ltr'>conatur.</span> <span class='ocrx_word' id='word_1_206' title='bbox 1112 2794 1193 2872; x_wconf 90' lang='lat' dir='ltr'>quod</span> <span class='ocrx_word' id='word_1_207' title='bbox 1217 2768 1397 2873; x_wconf 77' lang='lat' dir='ltr'>inpugnavit</span> 
     </span>
     <span class='ocr_line' id='line_1_25' title="bbox 254 2889 1396 2975; baseline 0.005 -27"><span class='ocrx_word' id='word_1_208' title='bbox 254 2890 433 2969; x_wconf 81' lang='lat' dir='ltr'>Breysigius</span> <span class='ocrx_word' id='word_1_209' title='bbox 455 2890 485 2947; x_wconf 92' lang='lat' dir='ltr'>in</span> <span class='ocrx_word' id='word_1_210' title='bbox 501 2889 662 2967; x_wconf 83' lang='lat' dir='ltr'>Philologo</span> <span class='ocrx_word' id='word_1_211' title='bbox 683 2890 764 2949; x_wconf 86' lang='lat' dir='ltr'>XIII</span> <span class='ocrx_word' id='word_1_212' title='bbox 783 2912 814 2971; x_wconf 86' lang='lat' dir='ltr'>p.</span> <span class='ocrx_word' id='word_1_213' title='bbox 829 2902 882 2955; x_wconf 82' lang='grc'>663</span> <span class='ocrx_word' id='word_1_214' title='bbox 895 2913 962 2973; x_wconf 85' lang='lat' dir='ltr'>sqq.</span> <span class='ocrx_word' id='word_1_215' title='bbox 982 2893 1025 2950; x_wconf 92' lang='lat' dir='ltr'>ita</span> <span class='ocrx_word' id='word_1_216' title='bbox 1043 2902 1077 2951; x_wconf 87' lang='lat' dir='ltr'>nt</span> <span class='ocrx_word' id='word_1_217' title='bbox 1092 2895 1193 2955; x_wconf 88' lang='lat' dir='ltr'>omnia</span> <span class='ocrx_word' id='word_1_218' title='bbox 1210 2916 1289 2975; x_wconf 85' lang='lat' dir='ltr'>quac</span> <span class='ocrx_word' id='word_1_219' title='bbox 1309 2897 1396 2955; x_wconf 91' lang='lat' dir='ltr'>scho-</span> 
     </span>
     <span class='ocr_line' id='line_1_26' title="bbox 255 2990 1398 3077; baseline 0.004 -26"><span class='ocrx_word' id='word_1_220' title='bbox 255 2993 363 3051; x_wconf 89' lang='lat' dir='ltr'>liastae</span> <span class='ocrx_word' id='word_1_221' title='bbox 381 3001 411 3050; x_wconf 92' lang='lat' dir='ltr'>et</span> <span class='ocrx_word' id='word_1_222' title='bbox 426 2990 544 3049; x_wconf 86' lang='lat' dir='ltr'>Isidoro</span> <span class='ocrx_word' id='word_1_223' title='bbox 561 2992 731 3050; x_wconf 86' lang='lat' dir='ltr'>communia</span> <span class='ocrx_word' id='word_1_224' title='bbox 745 3002 815 3051; x_wconf 86' lang='lat' dir='ltr'>suut</span> <span class='ocrx_word' id='word_1_225' title='bbox 830 3014 849 3051; x_wconf 90' lang='lat' dir='ltr'>a</span> <span class='ocrx_word' id='word_1_226' title='bbox 863 2993 1028 3054; x_wconf 85' lang='lat' dir='ltr'>scholiasta</span> <span class='ocrx_word' id='word_1_227' title='bbox 1046 3015 1084 3053; x_wconf 88' lang='lat' dir='ltr'>ex</span> <span class='ocrx_word' id='word_1_228' title='bbox 1100 2996 1218 3057; x_wconf 86' lang='lat' dir='ltr'>Isidoro</span> <span class='ocrx_word' id='word_1_229' title='bbox 1238 2996 1398 3077; x_wconf 88' lang='lat' dir='ltr'>desumpta</span> 
     </span>
     <span class='ocr_line' id='line_1_27' title="bbox 255 3092 1398 3175; baseline 0.005 -23"><span class='ocrx_word' id='word_1_230' title='bbox 255 3113 324 3152; x_wconf 87' lang='grc'><strong>0330</strong></span> <span class='ocrx_word' id='word_1_231' title='bbox 348 3092 556 3151; x_wconf 88' lang='lat' dir='ltr'>contenderet.</span> <span class='ocrx_word' id='word_1_232' title='bbox 591 3095 716 3152; x_wconf 89' lang='lat' dir='ltr'>eeuius</span> <span class='ocrx_word' id='word_1_233' title='bbox 739 3093 944 3174; x_wconf 89' lang='lat' dir='ltr'>disputatione</span> <span class='ocrx_word' id='word_1_234' title='bbox 969 3096 1111 3156; x_wconf 89' lang='lat' dir='ltr'>discimus</span> <span class='ocrx_word' id='word_1_235' title='bbox 1134 3097 1195 3175; x_wconf 78' lang='lat' dir='ltr'>logi</span> <span class='ocrx_word' id='word_1_236' title='bbox 1221 3100 1274 3161; x_wconf 88' lang='lat' dir='ltr'>illa</span> <span class='ocrx_word' id='word_1_237' title='bbox 1298 3102 1398 3159; x_wconf 88' lang='lat' dir='ltr'>omnia</span> 
     </span>
     <span class='ocr_line' id='line_1_28' title="bbox 254 3194 1398 3277; baseline 0.005 -22"><span class='ocrx_word' id='word_1_238' title='bbox 254 3196 364 3277; x_wconf 90' lang='lat' dir='ltr'>quibus</span> <span class='ocrx_word' id='word_1_239' title='bbox 380 3194 546 3254; x_wconf 83' lang='lat' dir='ltr'>scholiasta</span> <span class='ocrx_word' id='word_1_240' title='bbox 564 3215 631 3253; x_wconf 90' lang='lat' dir='ltr'>cum</span> <span class='ocrx_word' id='word_1_241' title='bbox 651 3195 769 3255; x_wconf 86' lang='lat' dir='ltr'>Isidoro</span> <span class='ocrx_word' id='word_1_242' title='bbox 787 3199 958 3256; x_wconf 87' lang='lat' dir='ltr'>consentiat</span> <span class='ocrx_word' id='word_1_243' title='bbox 978 3199 1010 3256; x_wconf 91' lang='lat' dir='ltr'>in</span> <span class='ocrx_word' id='word_1_244' title='bbox 1028 3207 1197 3259; x_wconf 83' lang='lat' dir='ltr'>astantum</span> <span class='ocrx_word' id='word_1_245' title='bbox 1213 3201 1398 3261; x_wconf 89' lang='lat' dir='ltr'>scholiorum</span> 
     </span>
     <span class='ocr_line' id='line_1_29' title="bbox 254 3295 1399 3380; baseline 0 -18"><span class='ocrx_word' id='word_1_246' title='bbox 254 3302 434 3362; x_wconf 83' lang='lat' dir='ltr'>recensione</span> <span class='ocrx_word' id='word_1_247' title='bbox 452 3317 543 3380; x_wconf 87' lang='lat' dir='ltr'>quarn</span> <span class='ocrx_word' id='word_1_248' title='bbox 559 3295 692 3377; x_wconf 80' lang='lat' dir='ltr'>Vrbinas</span> <span class='ocrx_word' id='word_1_249' title='bbox 715 3308 745 3357; x_wconf 93' lang='grc'>01</span> <span class='ocrx_word' id='word_1_250' title='bbox 767 3299 961 3358; x_wconf 84' lang='lat' dir='ltr'>Stroazianus</span> <span class='ocrx_word' id='word_1_251' title='bbox 979 3300 1048 3360; x_wconf 88' lang='lat' dir='ltr'>libri</span> <span class='ocrx_word' id='word_1_252' title='bbox 1070 3301 1234 3380; x_wconf 87' lang='lat' dir='ltr'>praebent,</span> <span class='ocrx_word' id='word_1_253' title='bbox 1256 3302 1399 3362; x_wconf 84' lang='lat' dir='ltr'>abesses</span> 
     </span>
     <span class='ocr_line' id='line_1_30' title="bbox 256 3400 1399 3485; baseline 0 -22"><span class='ocrx_word' id='word_1_254' title='bbox 256 3402 412 3485; x_wconf 80' lang='lat' dir='ltr'>codicibus</span> <span class='ocrx_word' id='word_1_255' title='bbox 440 3403 578 3463; x_wconf 87' lang='lat' dir='ltr'>Puteano</span> <span class='ocrx_word' id='word_1_256' title='bbox 610 3407 641 3457; x_wconf 90' lang='lat' dir='ltr'>et</span> <span class='ocrx_word' id='word_1_257' title='bbox 670 3400 850 3471; x_wconf 83' lang='lat' dir='ltr'>Basilicnsi,</span> <span class='ocrx_word' id='word_1_258' title='bbox 884 3402 992 3481; x_wconf 89' lang='lat' dir='ltr'>quibus</span> <span class='ocrx_word' id='word_1_259' title='bbox 1026 3424 1063 3462; x_wconf 87' lang='lat' dir='ltr'>ea</span> <span class='ocrx_word' id='word_1_260' title='bbox 1093 3404 1276 3463; x_wconf 86' lang='lat' dir='ltr'>scholiorum</span> <span class='ocrx_word' id='word_1_261' title='bbox 1301 3405 1399 3463; x_wconf 86' lang='lat' dir='ltr'>forma</span> 
     </span>
     <span class='ocr_line' id='line_1_31' title="bbox 254 3500 1398 3584; baseline -0.002 -18"><span class='ocrx_word' id='word_1_262' title='bbox 254 3506 383 3566; x_wconf 83' lang='lat' dir='ltr'>traditur</span> <span class='ocrx_word' id='word_1_263' title='bbox 403 3524 493 3584; x_wconf 90' lang='lat' dir='ltr'>quam</span> <span class='ocrx_word' id='word_1_264' title='bbox 509 3501 689 3560; x_wconf 88' lang='lat' dir='ltr'>Lactantius</span> <span class='ocrx_word' id='word_1_265' title='bbox 707 3500 744 3560; x_wconf 89' lang='lat' dir='ltr'>de</span> <span class='ocrx_word' id='word_1_266' title='bbox 765 3502 844 3561; x_wconf 89' lang='lat' dir='ltr'>falsa</span> <span class='ocrx_word' id='word_1_267' title='bbox 865 3504 1012 3582; x_wconf 84' lang='lat' dir='ltr'>religione</span> <span class='ocrx_word' id='word_1_268' title='bbox 1029 3507 1046 3565; x_wconf 94' lang='lat' dir='ltr'>I</span> <span class='ocrx_word' id='word_1_269' title='bbox 1063 3518 1108 3578; x_wconf 84' lang='grc'>11,</span> <span class='ocrx_word' id='word_1_270' title='bbox 1132 3516 1166 3568; x_wconf 81' lang='lat'>64</span> <span class='ocrx_word' id='word_1_271' title='bbox 1187 3506 1351 3564; x_wconf 81' lang='lat' dir='ltr'>Caesarem</span> <span class='ocrx_word' id='word_1_272' title='bbox 1369 3505 1398 3564; x_wconf 91' lang='lat' dir='ltr'>in</span> 
     </span>
     <span class='ocr_line' id='line_1_32' title="bbox 256 3605 1399 3686; baseline -0.004 -17"><span class='ocrx_word' id='word_1_273' title='bbox 256 3612 351 3669; x_wconf 80' lang='lat' dir='ltr'>Arato</span> <span class='ocrx_word' id='word_1_274' title='bbox 367 3610 464 3683; x_wconf 78' lang='lat' dir='ltr'>citans</span> <span class='ocrx_word' id='word_1_275' title='bbox 481 3607 628 3685; x_wconf 84' lang='lat' dir='ltr'>agnoscit.</span> <span class='ocrx_word' id='word_1_276' title='bbox 654 3605 770 3665; x_wconf 86' lang='lat' dir='ltr'>relicua</span> <span class='ocrx_word' id='word_1_277' title='bbox 786 3626 865 3685; x_wconf 90' lang='lat' dir='ltr'>quae</span> <span class='ocrx_word' id='word_1_278' title='bbox 882 3606 1059 3686; x_wconf 80' lang='lat' dir='ltr'>Breysigius</span> <span class='ocrx_word' id='word_1_279' title='bbox 1076 3607 1210 3686; x_wconf 88' lang='lat' dir='ltr'>disputat</span> <span class='ocrx_word' id='word_1_280' title='bbox 1222 3609 1314 3667; x_wconf 86' lang='lat' dir='ltr'>facilc</span> <span class='ocrx_word' id='word_1_281' title='bbox 1329 3628 1399 3686; x_wconf 88' lang='lat' dir='ltr'>pos·</span> 
     </span>
     <span class='ocr_line' id='line_1_33' title="bbox 256 3707 1399 3787; baseline -0.004 -15"><span class='ocrx_word' id='word_1_282' title='bbox 256 3721 326 3772; x_wconf 82' lang='lat' dir='ltr'>sunt</span> <span class='ocrx_word' id='word_1_283' title='bbox 346 3711 487 3784; x_wconf 78' lang='lat' dir='ltr'>refutari,</span> <span class='ocrx_word' id='word_1_284' title='bbox 512 3710 569 3768; x_wconf 89' lang='lat' dir='ltr'>etsi</span> <span class='ocrx_word' id='word_1_285' title='bbox 590 3707 747 3767; x_wconf 86' lang='lat' dir='ltr'>fatendum</span> <span class='ocrx_word' id='word_1_286' title='bbox 768 3718 815 3767; x_wconf 85' lang='lat' dir='ltr'>est</span> <span class='ocrx_word' id='word_1_287' title='bbox 835 3709 1050 3787; x_wconf 84' lang='lat' dir='ltr'>simpliciorem</span> <span class='ocrx_word' id='word_1_288' title='bbox 1074 3711 1139 3768; x_wconf 90' lang='lat' dir='ltr'>eius</span> <span class='ocrx_word' id='word_1_289' title='bbox 1160 3709 1309 3767; x_wconf 86' lang='lat' dir='ltr'>rationem</span> <span class='ocrx_word' id='word_1_290' title='bbox 1330 3727 1399 3767; x_wconf 88' lang='lat' dir='ltr'>csse</span> 
     </span>
     <span class='ocr_line' id='line_1_34' title="bbox 257 3808 1473 3894; baseline -0.007 -21"><span class='ocrx_word' id='word_1_291' title='bbox 257 3835 347 3894; x_wconf 86' lang='lat' dir='ltr'>quam</span> <span class='ocrx_word' id='word_1_292' title='bbox 365 3835 444 3894; x_wconf 86' lang='lat' dir='ltr'>quae</span> <span class='ocrx_word' id='word_1_293' title='bbox 464 3834 483 3872; x_wconf 91' lang='lat' dir='ltr'>a</span> <span class='ocrx_word' id='word_1_294' title='bbox 497 3811 637 3870; x_wconf 87' lang='lat' dir='ltr'>Beclrero</span> <span class='ocrx_word' id='word_1_295' title='bbox 652 3810 778 3870; x_wconf 88' lang='lat' dir='ltr'>inventa</span> <span class='ocrx_word' id='word_1_296' title='bbox 793 3812 841 3870; x_wconf 89' lang='lat' dir='ltr'>sit.</span> <span class='ocrx_word' id='word_1_297' title='bbox 868 3830 938 3868; x_wconf 88' lang='lat' dir='ltr'>uam</span> <span class='ocrx_word' id='word_1_298' title='bbox 949 3811 1077 3889; x_wconf 90' lang='lat' dir='ltr'>primurn</span> <span class='ocrx_word' id='word_1_299' title='bbox 1093 3811 1203 3869; x_wconf 89' lang='lat' dir='ltr'>Italam</span> <span class='ocrx_word' id='word_1_300' title='bbox 1218 3819 1251 3868; x_wconf 90' lang='lat' dir='ltr'>ut</span> <span class='ocrx_word' id='word_1_301' title='bbox 1266 3808 1400 3868; x_wconf 89' lang='lat' dir='ltr'>breviter</span> <span class='ocrx_word' id='word_1_302' title='bbox 1471 3840 1473 3845; x_wconf 60' lang='lat'>&lt;</span> 
     </span>
     <span class='ocr_line' id='line_1_35' title="bbox 258 3913 1398 3989; baseline -0.007 -13"><span class='ocrx_word' id='word_1_303' title='bbox 258 3917 357 3976; x_wconf 86' lang='lat' dir='ltr'>dicam</span> <span class='ocrx_word' id='word_1_304' title='bbox 374 3916 554 3975; x_wconf 89' lang='lat' dir='ltr'>scholiorum</span> <span class='ocrx_word' id='word_1_305' title='bbox 570 3915 780 3973; x_wconf 87' lang='lat' dir='ltr'>recensionem</span> <span class='ocrx_word' id='word_1_306' title='bbox 791 3935 853 3973; x_wconf 90' lang='lat' dir='ltr'>non</span> <span class='ocrx_word' id='word_1_307' title='bbox 869 3915 913 3972; x_wconf 89' lang='lat' dir='ltr'>ita</span> <span class='ocrx_word' id='word_1_308' title='bbox 926 3913 1105 3972; x_wconf 84' lang='lat' dir='ltr'>recent-ioris</span> <span class='ocrx_word' id='word_1_309' title='bbox 1121 3913 1246 3989; x_wconf 82' lang='lat' dir='ltr'>originis</span> <span class='ocrx_word' id='word_1_310' title='bbox 1261 3932 1330 3971; x_wconf 88' lang='lat' dir='ltr'>esse</span> <span class='ocrx_word' id='word_1_311' title='bbox 1347 3931 1398 3969; x_wconf 84' lang='lat' dir='ltr'>ex·</span> 
     </span>
     <span class='ocr_line' id='line_1_36' title="bbox 258 4013 1398 4097; baseline -0.005 -19"><span class='ocrx_word' id='word_1_312' title='bbox 258 4027 362 4097; x_wconf 86' lang='lat' dir='ltr'>ccrpto</span> <span class='ocrx_word' id='word_1_313' title='bbox 387 4019 528 4078; x_wconf 90' lang='lat' dir='ltr'>Pliniauo</span> <span class='ocrx_word' id='word_1_314' title='bbox 554 4018 718 4089; x_wconf 86' lang='lat' dir='ltr'>evincitur,</span> <span class='ocrx_word' id='word_1_315' title='bbox 745 4017 830 4075; x_wconf 88' lang='lat' dir='ltr'>cuius</span> <span class='ocrx_word' id='word_1_316' title='bbox 852 4014 1002 4093; x_wconf 86' lang='lat' dir='ltr'>scriptura</span> <span class='ocrx_word' id='word_1_317' title='bbox 1027 4013 1146 4092; x_wconf 80' lang='lat' dir='ltr'>Silligio</span> <span class='ocrx_word' id='word_1_318' title='bbox 1175 4014 1275 4073; x_wconf 88' lang='lat' dir='ltr'>iudice</span> <span class='ocrx_word' id='word_1_319' title='bbox 1300 4014 1398 4093; x_wconf 86' lang='lat' dir='ltr'>praef.</span> 
     </span>
     <span class='ocr_line' id='line_1_37' title="bbox 255 4101 1399 4201; baseline -0.006 -21"><span class='ocrx_word' id='word_1_320' title='bbox 255 4142 286 4201; x_wconf 90' lang='lat' dir='ltr'>p.</span> <span class='ocrx_word' id='word_1_321' title='bbox 302 4120 449 4180; x_wconf 87' lang='lat' dir='ltr'>XXXXI</span> <span class='ocrx_word' id='word_1_322' title='bbox 464 4120 574 4178; x_wconf 88' lang='lat' dir='ltr'>nostris</span> <span class='ocrx_word' id='word_1_323' title='bbox 586 4121 668 4180; x_wconf 92' lang='lat' dir='ltr'>Plini</span> <span class='ocrx_word' id='word_1_324' title='bbox 684 4118 840 4178; x_wconf 89' lang='lat' dir='ltr'>codicibus</span> <span class='ocrx_word' id='word_1_325' title='bbox 856 4118 948 4194; x_wconf 83' lang='lat' dir='ltr'>louge</span> <span class='ocrx_word' id='word_1_326' title='bbox 963 4118 1065 4197; x_wconf 89' lang='lat' dir='ltr'>purior</span> <span class='ocrx_word' id='word_1_327' title='bbox 1081 4119 1130 4176; x_wconf 87' lang='lat' dir='ltr'>sit.</span> <span class='ocrx_word' id='word_1_328' title='bbox 1154 4101 1265 4175; x_wconf 86' lang='lat' dir='ltr'>deiude</span> <span class='ocrx_word' id='word_1_329' title='bbox 1279 4118 1309 4175; x_wconf 91' lang='lat' dir='ltr'>iu</span> <span class='ocrx_word' id='word_1_330' title='bbox 1325 4136 1399 4174; x_wconf 88' lang='lat' dir='ltr'>non-</span> 
     </span>
     <span class='ocr_line' id='line_1_38' title="bbox 255 4219 1402 4300; baseline -0.008 -17"><span class='ocrx_word' id='word_1_331' title='bbox 255 4222 348 4283; x_wconf 89' lang='lat' dir='ltr'>nullis</span> <span class='ocrx_word' id='word_1_332' title='bbox 372 4242 474 4280; x_wconf 89' lang='lat' dir='ltr'>eorum</span> <span class='ocrx_word' id='word_1_333' title='bbox 499 4222 574 4279; x_wconf 89' lang='lat' dir='ltr'>locis</span> <span class='ocrx_word' id='word_1_334' title='bbox 597 4223 649 4300; x_wconf 89' lang='lat' dir='ltr'>qui</span> <span class='ocrx_word' id='word_1_335' title='bbox 672 4230 702 4279; x_wconf 91' lang='lat' dir='ltr'>et</span> <span class='ocrx_word' id='word_1_336' title='bbox 725 4219 807 4298; x_wconf 90' lang='lat' dir='ltr'>apud</span> <span class='ocrx_word' id='word_1_337' title='bbox 831 4219 981 4278; x_wconf 86' lang='lat' dir='ltr'>Isidorum</span> <span class='ocrx_word' id='word_1_338' title='bbox 1001 4227 1032 4277; x_wconf 89' lang='lat' dir='ltr'>et</span> <span class='ocrx_word' id='word_1_339' title='bbox 1054 4220 1084 4277; x_wconf 89' lang='lat' dir='ltr'>iu</span> <span class='ocrx_word' id='word_1_340' title='bbox 1105 4219 1230 4279; x_wconf 82' lang='lat' dir='ltr'>scholiis</span> <span class='ocrx_word' id='word_1_341' title='bbox 1258 4219 1402 4294; x_wconf 85' lang='lat' dir='ltr'>leguntur</span> 
     </span>
     <span class='ocr_line' id='line_1_39' title="bbox 258 4318 1400 4401; baseline -0.007 -18"><span class='ocrx_word' id='word_1_342' title='bbox 258 4323 452 4383; x_wconf 87' lang='lat' dir='ltr'>scholiastam</span> <span class='ocrx_word' id='word_1_343' title='bbox 467 4321 617 4381; x_wconf 87' lang='lat' dir='ltr'>interdum</span> <span class='ocrx_word' id='word_1_344' title='bbox 631 4321 768 4401; x_wconf 87' lang='lat' dir='ltr'>pleniore</span> <span class='ocrx_word' id='word_1_345' title='bbox 783 4322 868 4381; x_wconf 83' lang='lat' dir='ltr'>fonte</span> <span class='ocrx_word' id='word_1_346' title='bbox 881 4342 968 4380; x_wconf 89' lang='lat' dir='ltr'>usum</span> <span class='ocrx_word' id='word_1_347' title='bbox 980 4340 1049 4380; x_wconf 87' lang='lat' dir='ltr'>esse</span> <span class='ocrx_word' id='word_1_348' title='bbox 1064 4322 1257 4379; x_wconf 82' lang='lat' dir='ltr'>manifestum</span> <span class='ocrx_word' id='word_1_349' title='bbox 1271 4327 1327 4378; x_wconf 87' lang='lat' dir='ltr'>est.</span> <span class='ocrx_word' id='word_1_350' title='bbox 1356 4318 1400 4376; x_wconf 89' lang='grc'>310</span> 
     </span>
     <span class='ocr_line' id='line_1_40' title="bbox 257 4422 1401 4506; baseline -0.01 -17"><span class='ocrx_word' id='word_1_351' title='bbox 257 4422 408 4506; x_wconf 84' lang='lat' dir='ltr'>p.109cf.</span> <span class='ocrx_word' id='word_1_352' title='bbox 430 4446 460 4505; x_wconf 83' lang='lat' dir='ltr'>p.</span> <span class='ocrx_word' id='word_1_353' title='bbox 478 4432 528 4489; x_wconf 88' lang='grc'>108</span> <span class='ocrx_word' id='word_1_354' title='bbox 545 4422 584 4483; x_wconf 90' lang='lat' dir='ltr'>de</span> <span class='ocrx_word' id='word_1_355' title='bbox 605 4443 696 4483; x_wconf 89' lang='lat' dir='ltr'>cursu</span> <span class='ocrx_word' id='word_1_356' title='bbox 717 4423 789 4482; x_wconf 89' lang='lat' dir='ltr'>solis</span> <span class='ocrx_word' id='word_1_357' title='bbox 812 4431 843 4481; x_wconf 92' lang='lat' dir='ltr'>et</span> <span class='ocrx_word' id='word_1_358' title='bbox 856 4422 947 4482; x_wconf 87' lang='lat' dir='ltr'>lonae</span> <span class='ocrx_word' id='word_1_359' title='bbox 964 4422 1118 4480; x_wconf 84' lang='lat' dir='ltr'>disserens</span> <span class='ocrx_word' id='word_1_360' title='bbox 1142 4422 1233 4481; x_wconf 88' lang='lat' dir='ltr'>etiarn</span> <span class='ocrx_word' id='word_1_361' title='bbox 1259 4422 1401 4479; x_wconf 84' lang='lat' dir='ltr'>horarum</span> 
     </span>
    </p>
   </div>
   <div class='ocr_carea' id='block_1_3' title="bbox 0 0 1622 4998">
    <p class='ocr_par' dir='ltr' id='par_1_4' title="bbox 0 0 1622 4998">
     <span class='ocr_line' id='line_1_41' title="bbox 0 0 1622 4998; baseline 0 0"><span class='ocrx_word' id='word_1_362' title='bbox 0 0 1622 4998; x_wconf 95' lang='lat' dir='ltr'> </span> 
     </span>
    </p>
   </div>
  </div>
 </body>
</html>
