3218 5000
748 408 880 453 raarvtt

398 895 654 974 INOERTI
695 895 1027 973 PRATORVM
1067 897 1235 974 LIBRI

504 1138 631 1198 LIBER
652 1137 711 1198 Da
736 1138 911 1229 cannen
933 1136 1123 1199 VES'IIVM

243 1318 319 1389 [περὶ
337 1313 485 1389 ὀνομάτων
502 1323 608 1388 κυρίων
626 1319 675 1373 acl
694 1317 775 1381 ἰδέας
794 1314 965 1389 ἐσθημάτων
983 1319 1032 1373 καὶ
1050 1316 1243 1390 ὑποδημάτων
1261 1321 1310 1376 καὶ
1328 1324 1384 1376 τῶν

602 1397 694 1459 ἄλλων
707 1401 751 1466 οἷς
763 1423 806 1466 τις
817 1397 1023 1475 οἶμφιὲννυται]

135 1524 206 1595 165
329 1539 503 1605 Suetonius
523 1542 557 1604 in
580 1541 663 1605 libro
686 1541 727 1605 <lc
748 1562 869 1625 genere
889 1542 1030 1607 uestium
1052 1541 1132 1613 dicit
1149 1542 1214 1607 tria
1235 1564 1306 1606 esee
1329 1564 1383 1626 ge·

233 1662 323 1704 nera
345 1659 575 1719 nnanaanvnr:
614 1664 713 1705 unum
737 1642 788 1705 die
810 1651 990 1724 secretum,
1011 1643 1099 1730 quod
1123 1651 1172 1707 eet
1192 1652 1318 1708 tantum
1342 1642 1383 1706 de

243 1764 403 1829 purpura:
443 1743 534 1807 aliud
558 1766 688 1830 regum,
718 1744 804 1830 quod
833 1753 884 1809 eat
908 1767 1123 1832 purpureum,
1153 1742 1253 1809 habet
1274 1752 1383 1809 tamon

243 1842 354 1908 album
375 1843 518 1932 aliquid:
557 1846 688 1910 tertium
708 1844 864 1931 augurale
887 1845 927 1910 de
949 1867 1094 1933 purpura
1114 1855 1148 1910 et
1169 1868 1277 1911 cocco.

131 2020 202 2093 166
323 2030 465 2114 Νουμᾶς
492 2021 588 2096 baal
606 2026 804 2115 Πομπήλιος
826 2027 1005 2115 δεξάμενος
1029 2024 1238 2115 πρεσβευτὰς
1260 2031 1296 2098 ἐκ
1326 2031 1404 2116 origi

241 2124 349 2215 χώρας
370 2131 438 2195 τῶν
458 2131 651 2217 λεγομένων
674 2132 862 2217 Πελασγῶν
883 2132 1076 2216 φοροῦντας
1095 2128 1265 2217 χλαμύδος
1286 2129 1384 2216 ἐχού-

328 2301 376 2359 Γ65
400 2305 513 2358 Servius
535 2307 603 2357 Aen.
627 2307 679 2357 Vll
701 2306 764 2356 612:
797 2307 861 2371 Ipse
886 2307 1024 2369 Quirinali
1053 2304 1160 2373 trabea]
1190 2307 1255 2356 ‘aut
1282 2307 1382 2371 regali,

243 2378 291 2423 aut
313 2391 368 2439 qua
389 2389 454 2425 uaua
478 2381 521 2424 eat
538 2375 669 2425 Romulus
692 2375 833 2439 intellig03
857 2375 1003 2425 Horatius:
1027 2374 1161 2425 'lrabeati
1185 2376 1245 2424 iure
1263 2375 1381 2437 Quirini.

242 2442 428 2492 Suetonius
492 2459 606 2492 cocco.
631 2442 770 2503 Quirinali
783 2458 848 2508 ergo
866 2442 974 2507 regali)
994 2443 1146 2507 Cinctaque
1159 2440 1278 2507 Gabino]
1298 2443 1382 2492 Gabi-

241 2525 293 2560 nus
316 2512 424 2560 cinctus
448 2515 491 2560 eat
514 2516 582 2575 toga
599 2511 640 2559 aic
663 2511 691 2558 in
715 2514 822 2574 tergum
839 2511 946 2560 reiecta
968 2517 999 2559 ut
1021 2526 1076 2560 uua
1095 2511 1154 2561 eiua
1177 2510 1283 2560 lacinia
1304 2526 1384 2560 reuo-

242 2585 307 2628 cata
333 2579 471 2628 hominem
498 2578 600 2642 cingat.
637 2576 690 2627 boc
717 2583 808 2627 autem
835 2579 995 2628 uestimentl
1021 2594 1122 2644 genera
1149 2584 1259 2628 ueteres
1287 2579 1383 2628 Latini

242 2661 303 2696 cum
322 2645 438 2696 necdum
457 2661 533 2695 arma
550 2645 686 2695 haberent
703 2647 872 2709 praecinctis
891 2647 963 2711 togis
978 2645 1131 2707 bellabant,
1151 2647 1223 2696 unde
1237 2646 1320 2696 etiam
1333 2647 1383 2695 roi-

241 2713 305 2763 litee
323 2714 351 2762 in
370 2714 515 2777 procinctu
529 2728 590 2762 asse
608 2714 745 2762 dicuntur.
771 2713 824 2763 hoc
842 2728 935 2763 turena
952 2715 1082 2763 utebatur
1092 2714 1187 2764 conoul
1200 2714 1276 2764 bella
1294 2714 1382 2764 indic·

241 2787 317 2831 rurus
335 2780 397 2830 ideo
421 2779 585 2831 eum.Gabii
608 2782 779 2846 Campaniae
802 2781 903 2831 ciuitas
921 2782 1009 2831 oacrio
1026 2788 1194 2847 operaretur,
1218 2781 1320 2831 bellum
1338 2797 1383 2831 au·

241 2848 299 2898 bito
319 2849 421 2898 euenit.
457 2853 522 2897 tunc
540 2850 616 2899 ciues
634 2849 721 2898 cincti
738 2851 811 2913 togis
829 2850 886 2899 auia
905 2849 939 2898 ab
964 2851 1020 2898 aria
1039 2850 1074 2899 ad
1091 2849 1164 2899 balla
1182 2850 1302 2915 protecti
1319 2853 1384 2899 sunt

242 2922 271 2965 et
289 2916 384 2980 adepti
402 2917 557 2965 uictoriam.
593 2922 705 2981 propter
728 2917 799 2981 quod
822 2931 902 2966 omen
919 2917 970 2965 tali
989 2917 1086 2966 habitu
1109 2932 1217 2983 semper
1234 2917 1384 2967 utebantur

241 2985 270 3033 in
294 2983 384 3033 bellis.
419 2984 491 3034 unde
513 2983 560 3034 bic
579 2991 652 3034 ortua
672 2990 714 3034 eat
732 2982 810 3034 mos!
845 2984 956 3035 servius
974 2982 1042 3035 Aen.
1061 2986 1114 3035 VII
1135 2982 1196 3034 188:
1224 2986 1383 3037 succinctus

241 3049 352 3115 trabea]
371 3052 447 3115 ‘toga
466 3057 509 3102 eat
528 3068 661 3117 arrgurunr
679 3052 713 3101 de
732 3067 853 3117 purpura
866 3056 895 3101 et
907 3051 1010 3103 cocco’
1038 3053 1151 3103 Servius
1164 3053 1233 3103 Aen.
1246 3054 1300 3102 VII
1320 3051 1381 3101 1902

242 3120 320 3168 ‘Nam
345 3118 437 3169 ancile
462 3124 490 3170 et
512 3121 612 3170 trabea
636 3120 791 3169 communia
814 3125 878 3169 aunt
901 3136 961 3169 cunr
980 3120 1057 3169 Diali
1079 3121 1125 3171 nel
1143 3120 1267 3171 Martiali
1290 3136 1383 3170 nacer-

241 3184 370 3237 dotibus)
400 3186 516 3249 Servios,
528 3188 597 3237 Aen.
617 3186 737 3237 111334:
757 3187 955 3237 ‘Romanorum
974 3189 1046 3237 enim
1060 3188 1255 3253 imperatorum
1274 3189 1382 3252 insigne

240 3255 295 3305 fuit
311 3254 383 3304 aella
406 3256 510 3305 curulia
530 3262 558 3305 et
581 3256 688 3304 trabea.
729 3270 793 3304 nam
816 3255 943 3305 diadema
966 3260 996 3303 nt
1014 3255 1132 3307 aliarum
1155 3257 1279 3319 gentium
1302 3270 1383 3321 reges

241 3338 296 3373 non
313 3322 475 3373 habebant)
504 3324 626 3375 Isidorus
644 3324 733 3387 origg.
752 3323 860 3372 XVIIII
878 3324 926 3383 24,
945 3321 974 3372 8:
1004 3322 1124 3373 ‘Trabea
1142 3331 1202 3379 erat
1219 3328 1302 3388 togae
1321 3339 1382 3388 ope·

242 3392 301 3441 cies
319 3405 353 3440 ex
371 3405 492 3456 purpura
510 3396 539 3443 et
557 3406 653 3452 cocco,
672 3407 726 3454 qua
744 3392 834 3455 operti
852 3391 1036 3441 Romanorum
1054 3407 1135 3457 reges
1153 3392 1234 3441 initio
1252 3391 1382 3456 procede·

241 3460 318 3509 bant.
355 3457 427 3508 banc
449 3460 565 3524 primum
588 3458 720 3508 Romulus
743 3450 921 3508 adinueniaae
945 3458 1105 3523 perhibetur
1128 3459 1163 3509 ad
1187 3460 1382 3508 discretionem

240 3527 312 3592 regii
335 3524 455 3577 habItue.
497 3527 595 3576 trabea
619 3532 710 3576 autern
733 3525 823 3588 dicta,
853 3527 925 3591 quod
946 3527 975 3576 in
1003 3527 1100 3577 maiori
1129 3526 1218 3592 gloria
1246 3527 1382 3577 hominem

240 3593 417 3645 transbearet
433 3595 486 3645 hoc
504 3600 547 3645 eat
565 3595 637 3644 ultra
662 3598 690 3642 et
707 3594 736 3643 in
753 3599 891 3658 posterum
904 3595 1031 3660 ampliori
1044 3594 1180 3659 dignitato
1194 3595 1305 3645 bonoria
1316 3595 1383 3645 baa-

240 3666 298 3711 tum
316 3661 443 3711 taceret)
480 3662 516 3712 ct.
536 3662 628 3712 Schol.
647 3662 723 3711 Pera.
742 3660 844 3710 11128.

287 3746 290 3753 ·
327 3725 376 3781 166
397 3731 517 3780 Ioannes
534 3728 654 3779 Malaiaa
672 3746 698 3793 p.
718 3728 764 3780 33:
784 3728 955 3794 Νοομμοῑς
974 3723 1010 3780 el
1030 3721 1045 3781 ὁ
1062 3726 1124 3780 καὶ
1213 3721 1382 3794 ἐσθῆτος,

239 3792 339 3857 καθώς
351 3789 366 3848 ὁ
379 3790 543 3862 σοφώτατος
558 3790 740 3861 Τράγκνλλος
753 3796 903 3861 ίΡονμοίοον
916 3791 1056 3861 ἱστορικὸς
1069 3795 1160 3848 ταῦτα
1170 3792 1382 3862 οονεγροὶψοιτο.

240 3865 397 3916 chronicon
415 3866 546 3931 paschale
566 3865 579 3914 1
597 3881 624 3929 p.
637 3863 701 3914 217:
727 3850 820 3922 Οὗτος
838 3864 1011 3932 Νουμμοῖς
1030 3858 1123 3917 ὁκαὶ
1213 3856 1382 3930 ἐσθῆτος,

242 3960 437 3971 *—

327 4013 338 4063 1
362 4003 496 4061 Sitoniua
516 4005 621 4060 Daniel
641 4001 655 4084 ΙΙ
675 4021 790 4079 genera
809 4022 878 4061 esee
896 4005 995 4080 Repin.
1014 4011 1090 4063 1974
1107 4007 1205 4062 Paria.
1228 4008 1300 4061 7929
1315 4005 1382 4075 Lr'p·

238 4081 374 4168 alentini}
394 4097 411 4148 9
430 4095 476 4146 est
488 4121 530 4131 -—
542 4095 645 4145 tamon
656 4108 708 4145 om.
724 4090 879 4145 Parisinus
902 4095 975 4145 7959
996 4107 1020 4146 s.
1043 4093 1074 4146 X
1088 4085 1101 4169 ΙΙ
1116 4098 1133 4151 3
1149 4087 1265 4167 aliquid
1281 4086 1382 4145 album

239 4173 365 4230 mixtum
383 4192 515 4251 purpure
537 4175 635 4230 Paris.
661 4178 734 4230 7959
750 4166 794 4251 ii*
818 4192 908 4229 cocco
931 4175 1036 4231 Daniel
1043 4219 1050 4245 ‚
1073 4176 1243 4248 Βορίοοοοὶο
1262 4178 1336 4230 1495
1358 4190 1381 4229 s.

239 4259 270 4314 Χ
271 4258 290 4313 I
303 4276 394 4314 cocco
407 4259 530 4315 mixtum
545 4263 627 4331 oolpo
642 4251 655 4339 [l
671 4254 824 4331 ὁΝοομᾶς
836 4254 957 4329 Saldae,
975 4260 1121 4316 Cedrenas
1131 4256 1277 4333 Νονμμᾶς
1289 4258 1383 4314 Molo·

240 4344 298 4408 los,
313 4344 417 4400 Cluen.
430 4344 534 4415 pescli.
551 4337 566 4424 ll
581 4334 755 4415 Πομπήλιος
773 4344 877 4399 Clrron.
887 4346 992 4416 porcia.
1006 4337 1203 4416 Hoprrrpt'orvoc
1220 4344 1347 4400 Moluius
1367 4335 1381 4423 ll

239 4424 435 4499 ὀφοοοῦντος
449 4428 590 4500 Metalce,
610 4429 756 4485 cedrenus
770 4417 947 4500 φορούντων
967 4428 1070 4485 Cicron.
1084 4430 1186 4500 parca.
