3194 5004
511 426 547 484 r.
563 422 742 465 aruscnrnn
755 421 997 467 ,oonuunraarrs
1263 402 1323 464 tat

192 575 333 649 tandum,
361 596 401 635 ne
428 595 510 635 nuuc
536 574 659 655 quidem
684 574 777 634 valde
804 572 1080 654 displicitura'aint
1100 593 1119 632 a
1139 572 1227 633 nobis
1254 574 1327 634 olim

193 677 406 738 commendata
421 678 651 756 supplementa,
669 698 747 756 qnae
765 696 833 735 esse
848 676 923 735 talia
937 675 1132 736 volebamus:
1155 677 1231 734 Drim
1244 693 1276 734 sc
1291 679 1327 735 ab

193 783 237 838 tis
251 780 348 837 amdrs'
366 783 459 838 credit
472 783 506 838 o'b
525 784 625 854 florem
649 779 752 838 actonis
772 796 857 849 saue,
880 773 893 860 ΙΙ
913 780 989 836 Dtim
1010 775 1051 858 [sc
1067 796 1166 838 eorum
1181 780 1261 836 re'dia
1278 796 1326 853 pe·

191 878 248 961 stit]
266 883 368 941 erebro
387 885 418 940 in
436 884 575 940 Albanam
589 886 671 954 rapi,
694 876 708 962 ΙΙ
727 881 794 939 Sais
808 884 928 940 sublatis
947 881 1034 939 rdbus
1049 884 1089 939 ad
1107 899 1246 939 sumnam
1266 881 1327 940 iao·

188 988 268 1059 piam
287 984 424 1043 reddetur
442 993 493 1043 eut.
537 985 652 1043 Verum
672 991 776 1043 tamen
797 984 830 1042 in
850 983 908 1042 hac
922 1004 1064 1043 versuum
1084 984 1328 1043 conformatione

191 1095 225 1146 nt
247 1085 341 1145 bodie
367 1107 431 1145 non
457 1085 699 1165 acquiescamus,
727 1106 790 1145 non
818 1087 904 1146 leves
929 1086 1063 1146 rationes
1092 1094 1217 1165 praesto
1246 1094 1326 1145 suut.

193 1189 327 1266 Quarum
342 1188 521 1265 gravissima
535 1187 613 1247 baec
628 1196 689 1259 est,
713 1187 797 1269 qnod
814 1196 845 1247 ct
858 1188 967 1247 mirum
989 1189 1021 1246 in
1036 1187 1159 1247 modum
1179 1189 1328 1266 languent

194 1309 272 1369 quae
287 1291 400 1368 scripta
415 1298 486 1349 sunt
500 1294 567 1349 dum
581 1308 612 1349 se
626 1294 662 1349 ub
677 1292 722 1348 tis
736 1294 831 1347 amam
844 1294 933 1349 cred
938 1294 948 1347 ι’
956 1298 980 1357 t,
1001 1289 1085 1369 quod
1099 1291 1208 1349 saltem
1220 1295 1327 1365 pluria·

192 1400 241 1450 tur
258 1390 421 1451 dicendum
437 1401 502 1451 erat
516 1393 568 1451 vel
583 1392 738 1463 similiter,
760 1399 791 1450 et
807 1390 915 1450 eadem
936 1393 1045 1451 amoris
1062 1392 1219 1451 notionem
1233 1392 1328 1452 multo

193 1494 353 1553 certiorem
368 1503 460 1574 atque
476 1495 661 1573 apertiorem
681 1490 832 1573 produnt,
855 1513 945 1573 quarn
967 1513 1047 1573 quae
1067 1494 1100 1552 in
1121 1495 1290 1574 praemissa
1309 1514 1328 1553 a

193 1594 341 1655 Suetonio
359 1596 452 1655 rerba
467 1595 598 1675 quadret
614 1595 722 1676 quibus
745 1596 771 1654 is
785 1598 921 1655 Porcium
941 1600 1183 1669 suspitionem
1206 1600 1241 1655 dc
1261 1616 1328 1655 con-

191 1690 341 1756 suetudine
355 1699 458 1771 facere
474 1697 675 1776 significabat.
719 1698 811 1758 Vnde
826 1701 859 1759 fit
873 1708 907 1758 ut
920 1700 974 1758 illa
989 1699 1058 1777 ipsa
1072 1697 1167 1757 verba
1182 1700 1215 1758 in
1230 1699 1328 1778 suspi-

191 1798 309 1858 tionern
333 1800 491 1859 incurrant
512 1819 571 1858 nec
592 1799 763 1877 delacuna
784 1802 885 1880 potius
907 1821 998 1880 quam
1023 1799 1062 1859 de
1088 1801 1329 1879 interpolatione

193 1899 388 1978 cogitandum
409 1901 559 1961 rideatur.
604 1903 683 1961 Nam
702 1915 750 1976 ut,
778 1923 838 1982 quo
859 1903 961 1961 Porcii
986 1902 1130 1961 versiculi
1151 1910 1330 1981 spectarent

193 2022 344 2081 quamque
366 2003 427 2061 vim
449 2004 503 2062 illa
525 2004 715 2082 potissimum
735 2003 886 2063 baberent
906 2023 985 2084 quae
1011 2013 1082 2061 sunt
1106 2007 1146 2062 od
1163 2006 1276 2062 Pisum
1297 2023 1329 2063 sc

192 2106 319 2161 rendere
341 2112 368 2161 et
378 2106 510 2162 laelium
527 2106 682 2177 prrlcbrum
697 2114 799 2178 putot,
827 2105 1002 2179 doceretur,
1028 2114 1077 2164 sat
1099 2106 1238 2184 profecto
1259 2124 1328 2186 pro·

3 2256 5 2287 ᾖ
115 2244 120 2256 ·
193 2187 271 2263 clive
288 2213 354 2264 erat
369 2204 500 2265 adscribi
522 2205 560 2264 ab
581 2207 765 2285 interprete,
788 2226 867 2288 qnae
888 2217 960 2285 post
980 2208 1012 2265 in
1033 2205 1129 2266 verba
1149 2216 1261 2286 poetae
1282 2209 1329 2268 in·

192 2314 370 2385 repserunt,
386 2325 417 2366 se
431 2311 527 2365 amora·
539 2311 574 2366 nb
588 2311 634 2366 tis
648 2312 748 2368 credit.
786 2309 855 2368 Huc
870 2316 972 2368 antem
993 2308 1114 2368 accedit
1137 2308 1220 2389 qnod
1241 2330 1260 2369 a
1281 2330 1329 2369 ce·

192 2418 324 2468 tororum
345 2408 483 2469 codicum
504 2411 650 2469 memoria
675 2431 739 2469 non
759 2411 870 2470 leviter
889 2411 1004 2469 veteris
1020 2411 1154 2470 Parisini
1173 2410 1251 2471 tides
1268 2410 1329 2471 dis·

193 2520 313 2591 crepat:
339 2512 371 2570 in
394 2532 470 2592 quo,
496 2517 742 2592 praetercrednt
762 2514 818 2592 pr'o
840 2517 932 2572 eredit
947 2514 1099 2591 positum,
1127 2513 1329 2592 proxima.in

192 2614 274 2672 bunc
298 2613 420 2673 modum
445 2615 562 2694 scripta
581 2624 670 2674 sunt:
696 2619 798 2676 crebro
821 2619 850 2674 in
873 2619 1008 2675 albonem
1031 2618 1150 2688 rapitur
1174 2619 1207 2673 ob
1228 2620 1330 2690 florem

194 2720 296 2774 aetatis
315 2734 386 2774 suec
406 2726 471 2790 post
492 2720 611 2774 sublatis
628 2720 714 2776 rebus
734 2738 761 2780 e.
779 2740 809 2797 q.
825 2738 849 2777 s.
887 2720 985 2796 Ergo,
1013 2737 1054 2776 ne
1076 2736 1175 2777 moras
1199 2728 1328 2793 nectam,

194 2839 213 2877 a
227 2822 292 2877 dum
307 2818 458 2897 particula
472 2819 626 2897 incipiens
649 2827 789 2898 quartum
811 2821 1001 2879 enuntiatum
1026 2818 1226 2900 sequebatur,
1251 2821 1330 2880 inte·

194 2940 279 2999 grum
293 2919 325 2978 id
340 2921 549 2999 septenarium
564 2939 702 3000 aequans
719 2942 849 3002 cumque
863 2943 926 2981 una
940 2925 1041 2981 crebro
1052 2942 1129 2981 voce
1143 2924 1332 3002 transposita

193 3032 255 3082 tam
270 3022 453 3081 concinnum
468 3042 559 3102 quam
574 3023 657 3102 quod
671 3024 818 3083 maxime:
838 3026 914 3082 Dalm
931 3029 959 3083 iu
977 3028 1117 3084 Albanum
1134 3025 1236 3083 erebro
1251 3029 1331 3099 rapi·

193 3135 241 3183 tur
257 3127 291 3182 db
306 3128 408 3198 florem
423 3114 624 3195 actats's‘suae,
640 3126 672 3184 in
688 3126 881 3206 quadruplici
897 3137 998 3187 autom
1013 3127 1130 3206 protasi
1145 3128 1329 3187 constructio

194 3228 292 3286 omnis
314 3225 450 3286 substitit
469 3246 528 3286 nec
543 3228 666 3287 omnino
683 3227 723 3286 ad
739 3228 960 3308 quintuplicem
981 3248 1145 3308 progressa
1161 3237 1217 3287 cst.
1232 3262 1274 3271 -
1288 3230 1332 3289 At

193 3348 266 3386 vero
289 3330 437 3407 protasim
461 3332 528 3387 dum
549 3330 767 3388 coniunctione
788 3331 900 3389 factam
916 3329 990 3411 quid
1007 3350 1075 3389 esse
1097 3330 1231 3389 dicamus
1248 3330 1330 3409 quod

101 3492 110 3513 .
193 3430 226 3488 in
242 3429 373 3508 apodosi
385 3438 453 3503 post
467 3432 618 3508 particula
633 3430 769 3510 excipit?
790 3430 823 3490 id
845 3431 928 3511 quod
952 3451 1042 3489 nemo
1058 3451 1121 3489 non
1145 3431 1231 3491 videt
1246 3453 1330 3511 pror·
1415 3473 1425 3494 .

193 3520 244 3593 aus
260 3531 384 3591 destitui
399 3531 529 3590 ratione.
573 3532 669 3591 Porro
686 3540 787 3591 antem
802 3553 877 3612 qnas
892 3532 1018 3592 tandem
1033 3550 1081 3590 res
1095 3534 1224 3590 athletas
1237 3533 1331 3592 inter·

194 3633 371 3714 pretabere,
388 3633 536 3692 sirenum
551 3633 663 3693 Wolfio
680 3637 792 3692 ablatus
806 3633 1019 3693 substituerint
1055 3635 1141 3712 Quos
1165 3637 1331 3694 enim-esse

78 3728 84 3735 ⁵
194 3734 365 3815 patebimus
382 3734 434 3814 qui
454 3754 503 3793 res
519 3734 671 3814 quaslibet
686 3737 833 3795 Terentio
854 3737 907 3823 vel
926 3736 1104 3795 sustulerint
1124 3736 1176 3795 rel
1197 3736 1330 3797 abstule-

118 3844 122 3855 ‘
194 3838 276 3896 rint?
297 3846 332 3897 ut
352 3853 400 3895 res
415 3856 483 3911 esse
498 3834 581 3896 bona
602 3857 746 3915 possessa
767 3857 786 3896 a
805 3846 899 3917 poeta
919 3838 1092 3915 largiamur.
1136 3838 1188 3896 An
1212 3838 1330 3918 Scipio!

194 3958 280 4011 nem,
302 3940 441 4011 Furium,
462 3937 622 3997 Laelium?
657 3940 810 3998 Perverea
834 3939 911 3998 haec
934 3946 1006 3998 nunt
1027 3939 1128 3998 omnia
1149 3948 1201 3999 aut
1223 3932 1338 4001 abbat-¹

194 4040 295 4099 rentia
309 4059 329 4097 a
343 4040 511 4099 latinitate:
526 4060 633 4099 sanum
648 4040 741 4115 nihil,
764 4039 909 4120 quamdiu
924 4039 1049 4121 quidem
1063 4041 1096 4099 in
1111 4041 1169 4100 bac
1181 4042 1241 4102 :via
1261 4063 1330 4121 per-

194 4142 340 4213 sistimus,
362 4142 422 4201 nisi
436 4150 470 4200 nt
484 4158 517 4198 rc
531 4142 651 4220 potins,·
672 4162 735 4201 non
757 4146 857 4210 rebus,
878 4142 910 4201 h.
927 4161 955 4201 e.
970 4161 1004 4201 re
1019 4143 1163 4202 familiari
1179 4140 1330 4221 ‘perdita’

193 4243 246 4301 vel
262 4241 485 4321 ‘pessumdata’
503 4242 664 4303 diceretur.
707 4227 836 4303 Prorsus
853 4242 1006 4303 diversam
1021 4245 1185 4328 notionem,
1201 4244 1329 4323 pluralis

195 4364 337 4428 numerus
352 4344 484 4422 flagitat,
508 4364 587 4425 qnae
607 4346 662 4404 vix
682 4345 743 4404 alia
759 4366 826 4405 csse
847 4345 948 4424 potnit
966 4345 1026 4404 nisi
1046 4355 1094 4419 ut,
1122 4345 1173 4425 qu'i
1195 4346 1330 4406 alienam

195 4445 323 4525 gratiam
338 4443 478 4524 cupidius
493 4454 661 4506 sectaretur
674 4447 874 4527 luxuriaeque
889 4444 991 4506 studia
1005 4465 1072 4506 cum
1087 4444 1240 4506 nobilibus
1259 4466 1329 4526 par·
