3200 4992
601 454 644 495 ns
667 452 755 495 vrnrs
778 435 994 497 rususramv's
1313 429 1374 498 13¹1

224 597 293 665 lent
312 596 374 662 hae
393 597 532 663 litterae.
569 595 694 663 Caesar
714 620 843 685 quoque
866 599 1037 683 Augustus
1060 598 1104 664 ad
1126 598 1247 665 filium:
1279 604 1375 688 ‘quo-

224 699 329 782 niam,
351 698 473 786 inquit,
497 699 749 764 innumerabilia
770 699 921 765 incidunt
942 701 1076 766 assidue
1099 722 1184 789 quae
1207 702 1308 766 scribi
1330 702 1373 766 ad

224 797 417 867 alterutrum
439 808 588 887 oporteat
600 802 633 864 e't
648 820 720 864 esse
738 808 882 883 secreta,
902 802 1080 866 babeamus
1100 802 1187 869 inter
1201 824 1262 869 nos
1278 792 1373 868 notas

225 899 253 963 si
274 901 325 963 nis
347 900 449 982 tales,
477 909 514 964 ut
535 921 610 965 cum
637 899 763 988 aliquid
785 902 872 967 notis
895 901 1105 968 scribendum
1129 903 1192 968 erit
1212 924 1272 991 pro
1292 898 1373 969 una*-

172 1074 177 1083 ,
209 1021 362 1088 aquaque
382 1001 491 1067 littera
510 1002 692 1067 scribamus
711 1010 900 1088 sequentem
917 1001 978 1067 hoc
997 1003 1111 1068 modo:
1140 1026 1200 1089 pro
1213 1025 1235 1067 a
1256 1004 1292 1084 b,
1314 1026 1373 1090 pro

226 1098 249 1164 b
271 1122 289 1165 c
311 1111 344 1166 ct
365 1102 519 1188 deinceps
543 1102 657 1167 eadem
679 1104 805 1169 ratione
827 1112 969 1185 ceteras3
1008 1123 1112 1189 prox
1134 1115 1244 1169 autem
1265 1104 1374 1173 littera

222 1201 425 1270 redeundum
453 1206 516 1269 erit
543 1203 587 1267 ad
614 1202 738 1290 duplex
765 1205 812 1267 a.'
853 1203 988 1289 quidam
1010 1206 1109 1269 etiam
1132 1207 1238 1269 uersis
1260 1206 1373 1271 uerbis

225 1302 423 1369 scribebant.
912 1302 918 1307 ⁵
1157 1385 1159 1389 ¹

351 1403 455 1471 Notae
478 1402 565 1471 XXI
586 1426 670 1491 quac
692 1404 845 1471 uersibus
866 1405 988 1491 apponi
1010 1415 1220 1472 consuerunt.
1382 1394 1487 1469 108*

193 1526 220 1567 ro
313 1540 358 1555 ·-
369 1506 494 1572 obelus.
511 1522 540 1578 91(
551 1508 740 1573 asteriscus.
761 1526 831 1579 ic-
839 1507 1018 1571 asteriscus
1034 1529 1107 1571 cum
1121 1507 1225 1574 obelo.
1243 1519 1278 1575 >
1297 1507 1372 1572 sim·

204 1602 302 1703 'plex
322 1605 448 1671 ductus.
482 1620 517 1684 >
542 1607 640 1695 diple.
678 1616 714 1684 >j
733 1605 822 1692 diple
844 1608 1107 1694 periestigmeuc.
1136 1615 1164 1685 0
1183 1608 1370 1693 antisigma.

110 1784 121 1803 ι
224 1708 452 1792 Oantisigma
471 1732 546 1775 eum
566 1717 702 1813 punctos
735 1692 913 1775 [coronis.
949 1719 1030 1783 >-
1048 1708 1140 1796 diple
1157 1709 1369 1775 obelismenc.

672 1823 684 1859 b

222 1932 275 1978 tur.
312 1928 384 1979 unde
403 1936 432 1980 et
448 1932 535 1982 habet
552 1947 602 1996 per
618 1930 739 1981 medium
756 1929 855 1990 telum,
880 1929 909 1979 id
933 1933 975 1979 est
992 1930 1088 1981 mortis
1106 1930 1225 1995 siguum.
1261 1930 1296 1981 da
1316 1946 1370 1996 qua

222 1992 335 2046 Persius
351 1998 404 2047 sit:
423 1999 459 2048 Et
477 2000 548 2065 potis
567 2005 612 2049 est
629 2001 737 2063 nigrum
754 1998 824 2047 uitio
842 1996 997 2062 praefigere
1016 1996 1104 2046 theta.
1136 2013 1199 2048 cum
1217 2004 1310 2047 cutem
1329 2000 1369 2047 in-

222 2064 351 2129 peritiam
369 2065 527 2130 significare
546 2060 665 2127 uellent,
685 2066 710 2114 Δ
733 2064 843 2115 lambda
866 2064 961 2113 littera
984 2064 1028 2112 usi
1052 2069 1129 2128 sunt,
1159 2066 1231 2114 sicut
1255 2070 1369 2115 mortem

222 2130 431 2195 significabant,
457 2150 518 2184 cum
540 2133 683 2200 ponebant
706 2131 784 2181 theta
807 2131 843 2181 ad
861 2136 953 2196 caput.
989 2131 1018 2179 iu
1041 2131 1240 2196 stipendiorum
1258 2146 1367 2196 quoquc

222 2197 371 2263 largitione
394 2202 522 2267 propriae
547 2205 627 2251 eraut
648 2200 754 2251 notae)
791 2200 836 2247 21:
876 2200 930 2249 ‘De
954 2198 1027 2248 notis
1051 2199 1215 2249 litterarum.
1256 2200 1281 2249 N
1288 2208 1366 2249 otas

224 2267 327 2316 etism
345 2263 853 2318 litterarum...scribebant‘
881 2266 928 2314 25:
950 2265 1093 2316 ‘Deuotis
1111 2266 1268 2329 digitorum.
1297 2267 1366 2316 Sunt

223 2334 358 2397 quaedam
382 2340 411 2383 et
433 2336 582 2401 digitorum
604 2343 703 2395 notae,
732 2340 795 2383 eunt
818 2338 846 2383 st
868 2332 1020 2395 oculorum,
1046 2333 1145 2398 quibus
1169 2348 1263 2384 secum
1287 2335 1368 2385 taciti

222 2401 369 2467 proculque
387 2403 523 2455 distantes
542 2403 720 2457 collocuntur.
750 2402 791 2451 sic
809 2416 867 2451 mos
887 2413 930 2450 est
947 2400 1091 2461 militaris,
1110 2406 1141 2453 ut
1159 2402 1286 2464 quotiens
1304 2416 1367 2450 cou—

223 2468 306 2517 sentit
329 2471 466 2520 exercitus
491 2472 555 2535 quia
578 2486 646 2520 uoce
665 2485 720 2519 non
742 2474 833 2534 potest
851 2483 933 2517 manu
956 2468 1112 2533 promittct;
1144 2466 1195 2517 ulii
1214 2468 1279 2533 quia
1297 2484 1367 2517 uocc
1442 2520 1446 2529 K

223 2549 277 2585 nou
295 2543 422 2601 possunt,
442 2539 595 2603 gladiorum
613 2544 688 2588 motu
705 2536 837 2586 salutant.
875 2535 980 2585 Ennius
999 2540 1082 2599 [unm
1100 2536 1222 2587 Naeuius
1240 2538 1276 2598 cs.
1298 2537 1367 2585 Pau·

223 2605 261 2652 lus
277 2604 350 2654 diecti
365 2620 387 2655 a.
404 2623 427 2655 a.
446 2608 573 2669 adnictct)
592 2606 626 2656 ds
646 2605 764 2670 quadam
781 2603 933 2668 impudica:

782 2672 875 2732 Quare
893 2672 922 2721 in
941 2668 1022 2720 chord
1042 2670 1100 2734 pilu

425 2738 522 2790 luddns
541 2740 658 2791 datatim
677 2737 725 2789 dit
742 2754 772 2788 se
791 2746 819 2788 ct
838 2735 1008 2789 commune'm
1026 2737 1105 2788 fucit.

426 2805 511 2857 alirim
530 2813 620 2867 tenet,
640 2807 690 2857 alii
709 2805 841 2868 eductui,
862 2803 930 2856 alibi
949 2820 1045 2855 manus

426 2881 469 2925 est
487 2874 637 2940 occupata,
658 2872 708 2925 olii
726 2873 796 2939 pede
815 2871 945 2937 percellit
962 2873 1069 2938 pedem,

426 2940 475 2991 ulii
494 2943 542 2992 dat
560 2942 671 2993 unulnm
690 2941 900 3007 depectandum,
920 2940 1007 2990 isdem
1026 2939 1042 2989 t
1061 2939 1147 2989 labris

426 3009 510 3059 alium
528 3008 642 3059 inuocat
661 3024 775 3073 cumque
794 3008 850 3058 tilio
870 3012 980 3069 cantat,
1000 3007 1142 3057 ettamen

426 3072 474 3126 alii
493 3079 542 3127 dut
560 3076 647 3141 digito
665 3073 799 3127 litteras)

222 3142 249 3207 (a
272 3144 328 3193 cod.
347 3144 451 3195 Monac.
477 3151 502 3194 et
525 3144 648 3195 irriserit
669 3144 749 3194 ll'aeu.
773 3146 851 3208 tsqq.
875 3159 991 3194 uersurum
1011 3140 1193 3206 restitutione).
1220 3167 1248 3178 —
1269 3141 1365 3193 Sueto·

222 3212 283 3261 nius
295 3212 364 3275 Aug.
383 3210 430 3261 88:
451 3212 599 3274 ‘Quotiens
618 3217 709 3262 autern
727 3227 777 3277 per
795 3217 876 3260 notas
893 3210 1005 3273 scribit,
1023 3209 1049 3258 B
1059 3224 1116 3325 pro
1129 3211 1168 3271 A,
1190 3209 1274 3275 Cpro
1287 3209 1313 3259 B
1333 3227 1366 3260 uc

222 3278 320 3329 deince
342 3294 355 3327 a
374 3279 471 3329 eudem
489 3281 596 3330 ratione
610 3279 751 3343 sequentis
769 3277 878 3327 litteras
891 3277 981 3342 pouit,
998 3291 1047 3341 prc
1098 3282 1190 3326 autem
1203 3276 1304 3341 duplex
1316 3278 1366 3326 A.'

293 3295 364 3399 lib*
380 3346 550 3397 Anecdotum
573 3348 728 3397 Parisinum
753 3362 768 3395 a
791 3346 850 3395 cod.
877 3345 1005 3394 Parisino
1029 3342 1096 3394 7530
1124 3360 1151 3394 a.
1175 3342 1225 3391 780
1254 3352 1368 3394 exarato

222 3429 240 3463 u
252 3414 302 3464 Th.
314 3415 483 3465 Mommseno
501 3414 678 3479 descriptum,
698 3412 796 3464 deinde
814 3428 830 3460 a
844 3412 896 3462 Th.
910 3410 1031 3476 Bergkio
1050 3410 1156 3476 publici
1174 3410 1241 3459 iuris
1261 3410 1367 3461 fuctum
1427 3410 1435 3421 '

222 3481 251 3531 in
268 3482 430 3533 zeitschrift
448 3482 492 3531 iiir
510 3481 712 3531 Alterthumsw.
735 3479 800 3530 1845
816 3496 843 3545 p.
862 3480 895 3529 85
905 3494 963 3543 sqq.
984 3478 1114 3528 Suetonio
1139 3476 1211 3527 idem
1229 3474 1367 3542 Bergkius

221 3548 385 3601 vindicavit.
404 3577 437 3584 —
457 3550 579 3603 Isidorus
597 3550 684 3614 origg.
705 3548 783 3597 120:
815 3548 881 3597 ‘De
900 3548 974 3596 notis
992 3545 1196 3611 scripturarum.
1213 3544 1367 3597 Praeterea

223 3618 360 3682 quaedum
377 3618 576 3682 scripturarum
593 3622 677 3667 notae
697 3616 770 3682 opud
789 3614 986 3666 celeberrimos
999 3619 1127 3663 auctores
1142 3612 1266 3676 fuerunt,
1286 3628 1368 3677 quas·

309 3783 318 3833 1
340 3791 397 3831 eae
411 3776 494 3846 culpo
510 3764 524 3851 Η
538 3765 643 3848 filiurn]
660 3770 700 3843 cs.
723 3773 876 3828 Weiclrcrt.
892 3773 964 3842 Aup.
981 3771 1033 3826 rel.
1045 3786 1079 3840 p.
1098 3771 1154 3823 155
1172 3765 1301 3839 fortasse
1315 3766 1365 3826 Li·

220 3857 302 3915 uiam
322 3860 393 3915 lutet
411 3852 424 3936 ll
445 3857 586 3935 quoniam
601 3856 716 3913 Monac.
741 3857 794 3912 θα.
815 3860 840 3910 2.
858 3859 876 3911 3
898 3851 981 3932 quod
994 3854 1047 3910 Ga,
1068 3858 1194 3929 tquum
1210 3854 1293 3924 culpo
1317 3850 1329 3930 Η
1350 3860 1367 3911 1

220 3940 366 4001 incedunt
390 3944 442 3999 Ga.
465 3946 483 3997 3
503 3937 646 3999 accidant
662 3943 700 3997 ul.
718 3934 730 4019 ll
746 3937 837 3997 scribi
853 3937 969 3995 Monac.
994 3940 1076 4010 uulgo
1092 3934 1227 3993 scribere
1248 3938 1301 3992 θη.
1320 3944 1334 3994 l
1351 3934 1364 4017 ΙΙ

221 4025 261 4085 ud
276 4024 453 4084 alterutrum
472 4028 570 4098 vulpe:
600 4023 777 4082 alterutrum
792 4023 908 4081 Monac.
932 4024 985 4080 Gu.
1006 4027 1030 4077 1.
1048 4026 1073 4077 2.
1091 4026 1119 4076 3.
1139 4026 1158 4077 4
1178 4013 1192 4099 ll
1212 4027 1230 4080 3
1247 4029 1367 4097 oportet

219 4114 302 4186 culpo
317 4105 331 4191 Η
347 4118 378 4169 et
391 4127 481 4184 super
492 4126 566 4167 vers.
582 4109 713 4181 Monac,
735 4127 787 4166 cm.
808 4109 859 4165 Gn.
875 4112 901 4164 2.
921 4112 946 4163 3.
966 4113 985 4162 4
1000 4099 1013 4186 ll
1029 4113 1164 4163 secretas
1183 4101 1297 4184 (14411
1313 4104 1365 4162 hu·

220 4194 346 4254 beamus
364 4214 436 4271 ergo
452 4195 601 4253 internos
617 4197 700 4267 culpo
718 4193 798 4251 inter
814 4209 869 4248 nos
886 4188 1053 4249 habeamus
1070 4191 1125 4247 Gu.
1145 4194 1160 4246 1
1176 4185 1189 4269 {l
1203 4195 1221 4247 4
1236 4207 1365 4271 cumque

219 4283 273 4339 Gu.
293 4274 336 4359 ΙΙΙ
351 4278 439 4338 nobis
455 4281 508 4337 θα.
527 4271 564 4355 ³l
588 4289 604 4338 5
619 4276 679 4335 hoc
699 4275 789 4334 modo
806 4294 859 4333 om.
880 4277 931 4333 Gr,
949 4269 1027 4354 4117
1046 4271 1086 4331 ad
1107 4272 1223 4352 duplex
1240 4291 1259 4330 a
1281 4294 1299 4329 a
1317 4292 1364 4331 re·

220 4360 373 4423 dcundum
386 4364 444 4422 erit
460 4365 513 4422 Gu.
534 4368 547 4417 1
561 4357 565 4443 Ι
591 4357 694 4435 etium]
710 4368 811 4419 nutem
825 4362 877 4417 Ga.
895 4366 913 4416 2
927 4352 941 4439 ss
955 4359 1052 4416 uersis
1064 4376 1116 4414 nm.
1130 4360 1183 4415 Gu.
1202 4362 1219 4414 2
1234 4353 1248 4438 Η
1261 4366 1279 4419 8
1290 4357 1364 4415 scri·

217 4447 294 4507 bunt
311 4453 350 4506 cl.
365 4442 379 4530 ΙΙ
396 4457 505 4526 iosqq.
520 4448 634 4521 figurat
652 4449 682 4502 r'n
699 4447 795 4503 codice
809 4445 887 4518 sulse
904 4447 998 4517 pictus
1012 4446 1132 4501 correxi
