3186 4996
667 430 708 470 nn
733 429 849 470 rosum
1287 410 1320 472 ll

176 575 317 655 bantur,
341 583 378 639 ut
400 573 542 667 qualitas
562 574 680 641 coloris
703 574 860 639 indicium
882 575 1158 651 succrescentis,
1183 596 1255 643 oum
1278 598 1325 641 es·

178 687 255 755 sent
278 687 336 741 aut
362 674 431 740 albi
458 685 515 740 aut
544 678 632 762 nigri
658 684 714 740 aut
741 671 833 739 rufis
855 678 1003 762 personis
1032 699 1111 742 uero
1132 680 1181 741 uti
1203 679 1325 764 primus

177 780 287 865 coepit
308 778 448 845 Roscius
471 777 603 860 Gallus,
632 779 827 863 praecipuus
850 778 980 860 histrio,
1007 778 1094 865 quod
1123 777 1234 845 oculis'
1255 803 1325 865 per·
1416 860 1418 865 ,

177 882 287 945 uersis
306 889 377 944 erat
391 901 452 944 nee
471 880 551 951 satis
574 880 710 943 decorus
730 882 801 943 sine
822 882 970 966 personis
990 881 1055 943 nisi
1075 881 1237 964 parasitus
1253 903 1327 967 pro·

132 980 365 1075 'anuntiabat
385 1008 517 1045 crass*
567 980 713 1059 membra
738 981 979 1049 comoediarum
1004 990 1083 1053 sunt
1102 982 1189 1063 stria,
1219 981 1326 1046 diuer-

180 1084 272 1149 bium
292 1083 456 1146 canticum
472 1081 600 1148 chorus.
620 1080 792 1160 †membra
807 1082 995 1147 comoediae
1011 1081 1141 1147 diuersa
1163 1092 1253 1164 sunt,
1273 1083 1326 1151 ὼ-

179 1185 275 1253 finito
295 1191 405 1248 tamen
426 1196 560 1248 munero
585 1184 792 1247 eontinentur
815 1205 834 1247 a
854 1185 996 1270 quinque
1019 1184 1180 1271 usquead
1201 1184 1323 1253 decem.

180 1286 333 1360 diuerbia
353 1294 431 1350 sunt
457 1293 569 1371 partes
594 1283 833 1350 comoediarum
859 1286 892 1348 in
921 1286 994 1370 quis
1009 1286 1225 1353 ‘diuersorum
1255 1308 1325 1372 per-

104 1374 112 1385 ’
180 1409 284 1452 sonae
306 1396 489 1451 uersentur.
529 1407 688 1472 personae
706 1395 815 1451 autem
838 1386 1057 1451 diuerbiorum
1083 1395 1139 1450 aut
1165 1387 1249 1452 duae
1271 1396 1328 1452 aut

147 1512 171 1551 ro
180 1499 249 1554 tres
279 1497 336 1553 aut
364 1510 438 1553 raro
462 1498 615 1575 quattuor
638 1509 711 1551 esse
740 1487 877 1568 debent,
908 1486 994 1551 ultra
1015 1510 1136 1573 angere
1157 1510 1324 1554 numerum

180 1590 355 1655 nonlicet.
394 1591 429 1653 in
450 1590 585 1653 canticis
609 1597 717 1653 autem
740 1609 806 1652 una
823 1597 948 1653 tantum
970 1588 1068 1653 debet
1089 1611 1161 1654 esse
1175 1612 1325 1676 persona,

180 1701 240 1755 aut
262 1691 291 1754 si
314 1689 397 1755 duae
417 1690 554 1773 fuerint,
579 1691 625 1754 ita
640 1702 713 1755 esse
731 1690 852 1755 debent
869 1698 906 1753 ut
928 1711 971 1753 ex
988 1690 1115 1755 occulto
1131 1713 1197 1756 una
1214 1692 1326 1756 audiat
1380 1740 1386 1745 .

180 1815 242 1857 nee
271 1782 486 1880 conloquatur
513 1792 571 1856 sed
594 1813 705 1875 secum
735 1793 761 1856 si
790 1813 871 1878 opus
896 1791 997 1856 tuerit
1023 1793 1126 1857 uerba
1147 1793 1257 1857 faciat.
1291 1794 1326 1859 in

180 1894 290 1959 eboris
302 1915 381 1959 uero
393 1913 549 1957 numerus
565 1914 778 1978 personarum
791 1892 943 1967 definitus
954 1914 1019 1958 non
1031 1904 1091 1977 est,
1105 1895 1225 1981 quippe
1236 1896 1324 1959 iuno·

150 2017 173 2057 rs
182 1999 240 2061 tim
255 2002 366 2060 o'mnes
381 1995 472 2083 loqui
482 1993 613 2073 debent,
629 1997 723 2082 quasi
734 2016 815 2063 uoce
826 1994 964 2058 confusa
972 2003 1005 2058 et
1014 2004 1173 2060 concentu
1184 1997 1218 2059 in
1229 2018 1325 2063 unam

181 2118 356 2184 personam
378 2118 414 2162 sc
431 2096 618 2161 formantes.
643 2094 781 2160 Latinae
796 2096 897 2180 igitur
913 2096 1101 2177 comoediae
1114 2096 1326 2172 chorummon

181 2199 318 2279 habent,
338 2198 396 2263 sed
415 2196 542 2262 duobus
557 2197 711 2262 membris
722 2205 849 2261 tantum
865 2189 1023 2278 constant,
1040 2197 1189 2273 diuerbio
1204 2208 1240 2262 et
1251 2220 1325 2262 can-

145 2301 257 2377 =,tieo.
307 2300 420 2386 primis
442 2307 550 2363 autem
582 2299 797 2385 temporibus,
825 2300 922 2362 sicuti
949 2298 1073 2363 adserit
1103 2297 1328 2385 Tranquillus,

182 2402 291 2465 omnia
309 2423 391 2487 quae
406 2401 554 2464 in‘scena
565 2410 747 2476 uersentur,
764 2402 798 2464 in
813 2398 981 2465 comoedia
997 2399 1188 2483 agebantur.
1208 2424 1281 2465 nam
1295 2411 1327 2466 et

147 2528 172 2566 a
181 2493 399 2588 pantomimus
410 2510 442 2565 et
452 2500 625 2588 pythaules
636 2510 670 2566 et
680 2501 894 2566 choraulesin
903 2502 1071 2567 comoedia
1082 2501 1253 2567 canebant.
1268 2503 1326 2567 sed

181 2606 258 2692 quia
280 2626 346 2668 non
366 2612 518 2691 poterent
538 2604 646 2666 omnia
667 2601 764 2666 simul
787 2601 876 2689 apud
898 2625 1009 2667 omnes
1032 2601 1173 2667 artifices
1203 2605 1326 2690 pariter

182 2704 361 2788 excellere,
378 2705 477 2790 siqui
500 2712 594 2767 erant
620 2705 705 2768 inter
728 2712 854 2769 actores
877 2705 1116 2769 comoediarum
1143 2727 1203 2791 pro
1224 2706 1326 2769 lacul-

182 2816 248 2871 tate
276 2808 310 2870 et
337 2815 407 2870 arte
434 2807 594 2892 potiores,
623 2806 840 2891 principatum
864 2805 927 2870 sibi
949 2806 1079 2871 artificii
1101 2806 1324 2872 uindicabant.

182 2910 230 2973 sic
252 2910 446 2973 factumest
474 2912 539 2991 (ut)
568 2906 755 2971 nolentibus
784 2908 900 2972 cedere
921 2910 1030 2973 mimis
1053 2910 1086 2972 in
1108 2908 1246 2974 artifieio
1267 2931 1325 2973 suo

149 3011 302 3075 acetaria
319 3011 482 3097 separatio
509 3008 602 3073 fieret
629 3008 838 3094 reliquorum.
883 3031 958 3073 nam
983 3009 1059 3074 dum
1081 3011 1225 3096 potiores
1245 3012 1326 3074 infe-

266 3234 353 3297 tsqq.
378 3234 505 3283 Donatus
523 3232 557 3282 de
576 3231 732 3283 comoedia:
753 3231 912 3282 ‘Personati
929 3234 1011 3298 primi
1031 3235 1122 3299 egisse
1138 3235 1267 3284 dicuntur
1280 3252 1323 3285 co·
1386 3224 1393 3236 ⁶

181 3301 318 3352 moediam
333 3301 447 3350 Cincius
458 3299 601 3363 Faliscus,
614 3300 787 3365 tragoediam
800 3301 939 3351 Minucius
951 3300 1126 3353 Prothimus)
1147 3303 1182 3353 cf.
1198 3302 1324 3353 wolrfius

182 3371 310 3419 decant.
331 3385 357 3433 p.
376 3368 420 3431 ⁶23,
440 3368 600 3432 Schopenus
618 3368 636 3416 l.
658 3383 681 3417 c.
701 3384 727 3432 p.
750 3366 797 3417 155
815 3383 856 3433 sq.

265 3591 368 3651 arulfi
380 3593 437 3655 ,ΑΒ
451 3584 464 3670 Η
480 3600 496 3651 3
512 3589 664 3667 peruersis
679 3593 791 3648 Mettius
806 3608 846 3647 en
865 3592 920 3649 Cic.
938 3596 973 3649 de
989 3600 1048 3649 not.
1062 3596 1140 3651 deor.
1161 3594 1181 3649 I
1197 3598 1249 3661 28,
1271 3598 1324 3652 79.-

182 3677 230 3734 ‘at
249 3684 316 3736 erat
334 3672 503 3753 (Roscius),
523 3674 600 3732 siout
612 3674 704 3733 hodie
722 3684 784 3745 cst,
802 3676 897 3733 oculis
916 3677 1182 3754 peruersissimis’:
1208 3680 1326 3737 euersis

181 3763 269 3819 ΑΒΜ
283 3759 421 3819 obuersis
438 3780 456 3829 ς
470 3754 483 3843 ΙΙ
497 3769 515 3821 4
529 3779 587 3818 nec
602 3761 676 3818 satis
696 3759 824 3819 decorus
841 3761 899 3819 nisi
916 3769 1096 3839 personatus
1111 3761 1326 3838 pronuntiabat

180 3850 299 3905 coniecit
320 3848 501 3904 Recreantur
521 3848 629 3903 collect.
650 3848 701 3901 liu.
719 3865 750 3917 p.
775 3851 812 3903 10
833 3840 846 3925 ll
865 3846 931 3905 sine
951 3848 1088 3924 personis
1107 3850 1234 3922 Lanyius
1248 3853 1323 3909 vind

182 3938 254 4005 trop.
271 3933 354 3992 Rom.
367 3950 400 4003 p.
420 3936 473 3988 43:
490 3930 519 3987 in
536 3929 675 4007 personis
689 3932 776 3986 ΑΒΜ
787 3919 874 4008 ᾓήἰεί
894 3952 949 3989 om.
964 3934 998 3988 M
1011 3925 1054 4013 llo
1072 3939 1142 3991 sunt
1161 3941 1223 3991 tres
1239 3936 1328 3993 ΑΒΜ

182 4015 239 4073 tria
253 4024 323 4074 sunt
339 4010 384 4095 ςΗ
399 4023 416 4078 6
430 4013 567 4074 membra
583 4026 753 4087 corruptum
770 4021 881 4075 videtur
902 4012 915 4096 Η
936 4026 954 4080 8
973 4016 1004 4074 in
1021 4015 1130 4097 quibus
1150 4021 1178 4074 B
1193 4012 1206 4100 ll
1223 4029 1256 4080 lo
1270 4040 1324 4077 nu·

181 4119 294 4159 merum
310 4102 416 4160 om..M
433 4095 446 4181 ΙΙ
464 4110 493 4161 ll
510 4106 626 4158 tantum
644 4102 670 4154 B
685 4108 786 4158 tamen
801 4103 860 4157 ΑΜ
873 4096 886 4181 ll
906 4103 1074 4162 afuerunt
1091 4104 1125 4160 M
1141 4096 1154 4183 ll
1172 4113 1204 4166 13
1220 4104 1322 4171 conlo-

182 4194 270 4243 catur
281 4189 308 4242 Α
322 4180 336 4267 ΙΙ
355 4194 386 4247 14
400 4183 527 4243 iunctim
541 4186 594 4242 AB
608 4184 700 4242 iuncti
718 4186 751 4241 M
764 4179 777 4265 ΙΙ
795 4197 824 4246 15
842 4194 1020 4245 concentum
1038 4183 1080 4267 ςΙΙ
1099 4196 1130 4249 16
1146 4207 1179 4245 se
1191 4189 1323 4247 sennan·

181 4278 225 4328 tes
240 4273 362 4344 scripsi.-
375 4266 577 4328 reformantes
593 4270 682 4326 ΑΒΜ
692 4263 706 4349 [Ι
721 4269 902 4349 ‘lopytunles
918 4275 976 4329 ΑΒ.
987 4273 1118 4349 pitaules
1138 4274 1172 4328 M
1183 4282 1211 4328 et
1230 4277 1323 4330 codex

182 4355 306 4429 Scioppr'i
320 4373 401 4429 susp.
422 4359 485 4415 lect,
512 4356 587 4418 Vra
602 4352 614 4433 ΙΙ
630 4363 665 4415 '24
678 4363 712 4411 ut
727 4374 779 4411 ons.
802 4356 895 4425 ΑΒΜ,
912 4360 978 4415 add.
998 4377 1015 4426 ς
1034 4352 1049 4437 Ι]
1069 4355 1165 4413 mimis
1183 4358 1210 4412 B
1220 4356 1323 4414 Remi·

181 4440 234 4499 mis
248 4442 283 4499 M
293 4461 328 4500 se
352 4438 452 4499 mimis
468 4442 493 4498 Α
508 4434 522 4520 ΙΙ
536 4448 570 4500 25
584 4440 655 4500 dum
672 4458 726 4498 om.
749 4441 809 4498 ΒΜ
