3202 4998
257 420 319 483 388
572 436 797 486 ovnusrronus
822 434 1048 476 svaronmnna

258 612 297 650 ne
313 591 406 649 ullam
426 589 546 669 quidem
564 587 720 665 antiquam
734 588 908 644 memoriam
930 586 989 643 nisi
1007 603 1086 664 quae
1102 602 1140 642 ex
1162 581 1235 660 ipsis
1257 579 1394 638 carmini·

258 693 314 751 bus
335 700 461 768 recepta
483 690 522 748 sit
541 690 725 747 contineant.
765 689 954 747 Suetoniana
976 686 1067 762 igitur
1092 686 1156 743 vita
1181 704 1199 741 a
1224 682 1395 740 scholiastis

260 793 440 852 Horatianis
461 812 522 849 non
538 790 650 848 enfide
668 808 760 866 qnam
779 790 808 846 in
824 791 947 847 Donato
964 787 1156 863 agnoscimus
1171 782 1258 842 nobis
1273 791 1396 841 servata

260 904 322 966 cst,
356 903 389 951 ut
420 914 480 950 non
509 894 606 969 ipsam
635 890 762 948 Suetoni
788 891 883 948 vitam
908 888 1073 947 habeamus
1104 886 1159 945 sed
1188 886 1395 944 recensionem

259 998 324 1055 eius
347 997 471 1073 antiquo
492 1004 626 1070 tempore
645 1010 712 1048 cum
728 990 851 1049 scholiis
870 992 1046 1068 praeposita
1065 999 1147 1047 esset
1163 989 1284 1045 saetam.
1314 986 1396 1043 vitae

262 1098 341 1153 enim
363 1105 511 1173 quotquot
534 1095 645 1152 conlati
664 1103 734 1151 sunt
753 1092 874 1151 codices
897 1091 1026 1150 eandem
1047 1090 1135 1149 nobis
1154 1089 1217 1147 eins
1234 1086 1396 1162 imaginem

263 1196 423 1267 exhibent,
437 1217 493 1255 nce
505 1196 664 1254 breviatae
679 1197 760 1253 vitae
776 1194 868 1252 libros
885 1214 923 1251 cx
937 1193 996 1251 alio
1010 1192 1149 1269 exemplo
1164 1192 1289 1248 fluxisse
1303 1188 1395 1265 adpu-

261 1309 316 1359 ret.
346 1321 417 1358 nam
434 1320 495 1357 non
510 1298 643 1355 melioris
659 1296 728 1355 libri
746 1296 909 1355 memoriae
924 1293 980 1352 sed
997 1293 1201 1371 epitomatoris
1217 1288 1397 1350 correctioni

260 1401 409 1460 debentur
426 1422 455 1479 p.
466 1412 515 1471 46,
536 1405 698 1462 {dilexerit
717 1420 745 1476 p.
766 1406 814 1467 47,
835 1409 860 1459 11
881 1406 927 1466 61,
943 1393 1025 1475 quod
1044 1394 1137 1452 nolim
1155 1392 1299 1450 Rothium
1313 1408 1395 1448 reco-

260 1501 356 1578 pissc,
369 1521 447 1579 ¹cum
468 1503 593 1580 propius
618 1500 656 1558 ad
674 1501 837 1576 genuinam
853 1497 995 1556 librorum
1016 1495 1194 1573 scripturam
1212 1513 1292 1565 enm,
1316 1488 1396 1571 quod

260 1602 428 1660 Salmasius
452 1603 567 1672 offecit,
593 1621 648 1674 quo
667 1600 815 1658 accedere
837 1598 986 1657 videatur.
1027 1608 1132 1655 contra
1153 1595 1345 1653 consentiunt
1367 1594 1397 1650 in

260 1702 451 1777 gravioribus
468 1703 663 1780 corruptelis,
680 1701 718 1761 de
735 1699 844 1779 quibus
861 1699 942 1756 inira
956 1698 1107 1774 agendum
1123 1698 1187 1755 erit.
1210 1697 1397 1775 aliquantum

262 1802 384 1881 quidem
411 1823 429 1860 a
453 1804 578 1879 vulgata
599 1806 682 1862 vitae
706 1802 803 1858 sorma
826 1799 980 1876 discrepat
1003 1798 1199 1871 Blandinius,
1230 1818 1287 1876 quo
1309 1797 1397 1874 primi

262 1904 395 1962 editores
418 1904 465 1961 usi
485 1914 570 1979 sunt3
593 1903 730 1962 sednon
753 1901 906 1978 antiquius
926 1901 1015 1958 immo
1038 1901 1190 1958 recentius
1211 1899 1275 1957 eius
1295 1917 1397 1957 exem·

261 2006 345 2083 plum
358 2007 548 2081 expressisse
560 2004 689 2063 videtur.
702 2023 772 2060 nam
785 2004 934 2080 scriptura
943 2005 1014 2059 sotis
1026 2010 1203 2059 monstratur
1214 2020 1244 2078 p.
1258 2010 1302 2072 45,
1317 2012 1328 2061 l
1343 2019 1397 2077 pro

261 2106 350 2163 huius
368 2106 418 2164 vel
442 2106 548 2164 similis
565 2104 757 2183 corruptelae
778 2109 850 2161 sotis
871 2113 950 2161 tatur
971 2104 1158 2161 correctione
1177 2100 1321 2160 habenda
1341 2108 1397 2158 cst

262 2207 369 2265 similis
388 2206 557 2283 retingendi
580 2206 684 2265 lubido
705 2226 734 2283 p.
751 2213 800 2277 47,
817 2215 833 2268 9
857 2210 950 2263 sedai
965 2204 1146 2284 procreavit.
1180 2201 1291 2261 deinde
1306 2202 1397 2260 inter·

261 2308 395 2386 polatum
412 2317 458 2367 est
468 2324 504 2385 p.
522 2316 571 2375 47,
586 2318 604 2368 4
619 2312 683 2364 item
702 2310 895 2365 antehabita.
928 2306 1036 2365 eodem
1054 2323 1147 2363 versu
1161 2308 1255 2362 trevis
1269 2306 1329 2378 snit
1343 2322 1398 2382 pro

259 2411 317 2483 suit
331 2412 425 2467 brevis
440 2409 568 2486 legitur,
591 2428 681 2489 quam
702 2406 863 2467 verborum
886 2408 1127 2466 conlocationem
1148 2414 1289 2467 constans
1304 2406 1334 2463 in
1350 2403 1398 2462 his

174 2561 176 2565 ,
262 2509 516 2589 descriptionibus
537 2510 663 2569 Suetoni
685 2529 757 2568 usus
775 2511 923 2586 agnoscit.
960 2516 1120 2586 praeterea
1135 2508 1252 2566 lacunis
1273 2508 1399 2582 insignis

263 2618 325 2680 cst,
344 2610 452 2689 quibus
470 2633 499 2691 p.
515 2622 566 2681 46,
581 2621 598 2673 6
616 2616 727 2670 indiciis
742 2630 771 2687 p.
787 2620 836 2681 td,
854 2621 929 2688 3sq.
946 2615 1080 2684 opinatus
1096 2619 1139 2668 est
1152 2608 1327 2688 absorptum
1343 2615 1398 2665 est.

264 2709 381 2769 duobus
400 2732 473 2769 vero
489 2713 565 2770 loeis
583 2713 801 2769 Suetonianam
823 2731 943 2769 manum
968 2713 999 2770 in
1020 2711 1143 2769 relicuis
1163 2709 1247 2768 libris
1266 2709 1399 2768 deletam
1492 2717 1498 2727 '

263 2811 400 2889 praebet,
420 2813 485 2871 sive
498 2812 621 2889 antiqno
635 2811 710 2869 libro
730 2811 866 2885 debetur,
880 2814 945 2871 sive
962 2814 1137 2871 coniectura
1149 2811 1263 2877 librarii
1274 2829 1399 2890 recupe-

265 2920 332 2970 rata
344 2922 398 2969 est.
423 2932 451 2988 p.
464 2921 508 2983 46,
520 2921 687 2984 dperpetuo
699 2911 819 2983 habuit,
833 2921 877 2985 47,
891 2923 922 2975 16
936 2915 1014 2972 inter
1026 2918 1181 2987 domusque
1198 2923 1229 2973 et
1241 2917 1400 2972 ostenditur

263 3015 294 3071 in
319 3011 383 3070 solo
399 3011 559 3070 Blandinio
583 3019 644 3069 eiua
659 3013 771 3089 legitur
787 3013 836 3070 vel
853 3013 954 3090 potius
976 3012 1047 3069 olim
1063 3013 1175 3071 lectum
1201 3024 1256 3073 est.
1291 3016 1322 3072 in
1343 3014 1400 3072 bac

264 3123 365 3171 antem
387 3114 552 3191 scriptura,
577 3115 603 3171 si
625 3115 720 3172 solam
741 3113 1005 3193 interpolationem
1025 3117 1089 3170 item
1106 3113 1290 3192 particulae,
1310 3134 1400 3193 quam

263 3215 400 3272 Muretus
430 3214 599 3273 eiciendum
624 3234 692 3272 esse
714 3215 807 3287 vidit,
831 3215 1004 3291 exceperis,
1034 3233 1101 3270 curn
1120 3214 1258 3273 Nannius
1281 3223 1312 3272 et
1333 3216 1399 3273 Mu·

264 3324 347 3374 retus
371 3315 576 3389 consentiant,
601 3336 653 3374 eos
675 3318 762 3375 unius
785 3318 854 3377 libri
871 3316 1002 3392 vestigia
1018 3314 1105 3393 sequi
1121 3314 1259 3394 adparet.
1292 3315 1401 3395 quodsi

264 3416 394 3476 Rothius
419 3417 497 3475 alins
517 3417 586 3476 libri
608 3417 842 3494 descriptionem
867 3440 885 3477 a
906 3418 1028 3476 Murato
1051 3416 1216 3476 adhibitam
1244 3437 1310 3477 esse
1339 3422 1400 3476 sta·

265 3518 338 3589 tuit,
361 3515 508 3594 deceptus
526 3530 571 3578 est
591 3538 658 3576 cum
679 3519 875 3597 neglegentia
893 3519 1007 3577 Nannii
1029 3530 1092 3576 tum
1115 3521 1207 3577 tacita
1227 3517 1318 3598 quam
1333 3521 1399 3579 Mu·

265 3627 349 3677 retus
379 3619 508 3677 instituit
536 3617 759 3679 emendatione.
799 3620 855 3678 illa
877 3627 943 3678 orta
968 3624 1039 3683 sunt
1066 3620 1096 3678 in
1122 3619 1261 3697 exemplo
1287 3621 1400 3679 Nanuii

264 3718 377 3778 hacce:
411 3741 442 3798 p.
466 3728 516 3793 ts,
537 3730 554 3784 6
579 3724 672 3779 cubito
696 3731 892 3796 emnapeutcm
914 3730 929 3785 7
947 3725 1130 3796 philippense
1154 3731 1171 3783 9
1195 3725 1296 3780 deinde
1321 3720 1401 3801 quod

266 3822 356 3879 ctiam
373 3820 404 3877 in
426 3819 511 3881 libris
531 3820 735 3881 bibliothecae
753 3821 824 3880 olim
845 3824 949 3898 regiae
967 3843 1046 3881 nunc
1069 3821 1240 3881 Caesareae
1260 3832 1330 3888 7974
1344 3821 1400 3900 (D)

266 3931 296 3979 et
311 3930 382 3983 8214
399 3920 452 3998 (E)
469 3922 530 4000 legi
545 3923 623 3981 falso
638 3924 807 3981 nuntiatum
826 3932 872 3981 cst
888 3923 1016 3996 Rothi0;
1043 3934 1074 3984 10
1095 3928 1186 3981 locum
1205 3928 1236 3980 ia
1254 3927 1400 3995 amborum

265 4026 389 4079 amicitia
405 4022 487 4101 quod
500 4024 571 4082 item
587 4023 617 4081 16
633 4027 660 4081 Ε
675 4043 735 4082 666
751 4032 866 4095 extare,
881 4044 1064 4104 quamquam
1080 4024 1210 4082 Rothius
1223 4023 1330 4096 tradit,
1341 4024 1401 4082 mei

266 4131 361 4182 testes
376 4122 524 4201 produut;
548 4144 576 4202 p.
597 4135 646 4195 45,
663 4130 916 4199 depiprammotc,
939 4128 988 4181 nbi
1010 4129 1102 4198 inquit
1127 4134 1142 4188 7
1162 4129 1268 4183 Flacca
1292 4133 1323 4183 et
1344 4114 1401 4182 nic-

266 4245 328 4283 mor
345 4233 405 4283 esto
424 4236 454 4284 ct
472 4229 500 4283 ci
514 4229 699 4298 epistolarum
719 4229 847 4301 officium
867 4229 965 4283 obtulit
982 4235 999 4289 9
1015 4229 1173 4285 reddendis
1188 4230 1313 4300 epistolis
1331 4232 1401 4284 omi·

265 4345 365 4384 corum
382 4328 561 4400 sufficiebam
578 4337 612 4388 111
623 4348 668 4406 sq.
684 4348 703 4384 6
718 4335 744 4384 tc
758 4332 842 4401 capio
858 4328 1000 4386 abducere
1014 4346 1093 4406 quae
1113 4328 1235 4407 quidem
1252 4327 1403 4405 scriptura

265 4446 326 4483 non
340 4427 476 4486 incuriae
491 4425 547 4485 sed
565 4426 647 4485 felici
666 4427 847 4486 emendandi
867 4428 993 4486 consilio
1008 4427 1113 4487 deberi
1129 4428 1264 4502 videtum
1283 4426 1354 4486 ibid.
1371 4436 1402 4489 12
