<?xml version="1.0" encoding="UTF-8"?>
<!DOCTYPE html PUBLIC "-//W3C//DTD XHTML 1.0 Transitional//EN"
    "http://www.w3.org/TR/xhtml1/DTD/xhtml1-transitional.dtd">
<html xmlns="http://www.w3.org/1999/xhtml" xml:lang="en" lang="en">
 <head>
  <title>
</title>
<meta http-equiv="Content-Type" content="text/html;charset=utf-8" />
  <meta name='ocr-system' content='tesseract 3.04.00' />
  <meta name='ocr-capabilities' content='ocr_page ocr_carea ocr_par ocr_line ocrx_word'/>
</head>
<body>
  <div class='ocr_page' id='page_1' title='image "./csuetonitranqui01ritsgoog_0145.png"; bbox 0 0 3200 4992; ppageno 0'>
   <div class='ocr_carea' id='block_1_1' title="bbox 245 341 1006 404">
    <p class='ocr_par' dir='ltr' id='par_1_1' title="bbox 245 341 1006 404">
     <span class='ocr_line' id='line_1_1' title="bbox 245 341 1006 404; baseline 0.001 -1"><span class='ocrx_word' id='word_1_1' title='bbox 245 341 304 403; x_wconf 83' lang='lat'>120</span> <span class='ocrx_word' id='word_1_2' title='bbox 616 363 658 403; x_wconf 84' lang='lat' dir='ltr'>ns</span> <span class='ocrx_word' id='word_1_3' title='bbox 680 358 769 403; x_wconf 70' lang='lat' dir='ltr'>nnus</span> <span class='ocrx_word' id='word_1_4' title='bbox 793 362 1006 404; x_wconf 77' lang='lat' dir='ltr'>mavsrmnvs</span> 
     </span>
    </p>
   </div>
   <div class='ocr_carea' id='block_1_2' title="bbox 200 508 1480 2021">
    <p class='ocr_par' dir='ltr' id='par_1_2' title="bbox 200 508 1480 2021">
     <span class='ocr_line' id='line_1_2' title="bbox 242 508 1378 596; baseline -0.003 -22"><span class='ocrx_word' id='word_1_5' title='bbox 242 519 386 590; x_wconf 88' lang='lat' dir='ltr'>suerunt,</span> <span class='ocrx_word' id='word_1_6' title='bbox 406 520 441 574; x_wconf 93' lang='lat' dir='ltr'>ut</span> <span class='ocrx_word' id='word_1_7' title='bbox 463 510 507 574; x_wconf 88' lang='lat' dir='ltr'>M.</span> <span class='ocrx_word' id='word_1_8' title='bbox 527 508 724 596; x_wconf 75' lang='lat' dir='ltr'>Pomponius</span> <span class='ocrx_word' id='word_1_9' title='bbox 740 519 871 596; x_wconf 86' lang='lat' dir='ltr'>praetor</span> <span class='ocrx_word' id='word_1_10' title='bbox 885 509 1159 573; x_wconf 84' lang='lat' dir='ltr'>animaduerteret</span> <span class='ocrx_word' id='word_1_11' title='bbox 1174 519 1378 596; x_wconf 83' lang='lat' dir='ltr'>cureretque,</span> 
     </span>
     <span class='ocr_line' id='line_1_3' title="bbox 242 609 1377 699; baseline -0.003 -23"><span class='ocrx_word' id='word_1_12' title='bbox 242 625 277 676; x_wconf 92' lang='lat' dir='ltr'>ut</span> <span class='ocrx_word' id='word_1_13' title='bbox 288 613 315 675; x_wconf 91' lang='lat' dir='ltr'>si</span> <span class='ocrx_word' id='word_1_14' title='bbox 326 613 355 675; x_wconf 89' lang='lat' dir='ltr'>ei</span> <span class='ocrx_word' id='word_1_15' title='bbox 370 634 388 675; x_wconf 89' lang='lat' dir='ltr'>e</span> <span class='ocrx_word' id='word_1_16' title='bbox 404 635 439 675; x_wconf 91' lang='lat' dir='ltr'>re</span> <span class='ocrx_word' id='word_1_17' title='bbox 454 609 586 699; x_wconf 84' lang='lat' dir='ltr'>publiea</span> <span class='ocrx_word' id='word_1_18' title='bbox 600 612 729 696; x_wconf 89' lang='lat' dir='ltr'>lideque</span> <span class='ocrx_word' id='word_1_19' title='bbox 740 634 799 675; x_wconf 88' lang='lat' dir='ltr'>sua</span> <span class='ocrx_word' id='word_1_20' title='bbox 809 611 985 694; x_wconf 85' lang='lat' dir='ltr'>uideretur,</span> <span class='ocrx_word' id='word_1_21' title='bbox 1001 614 1048 676; x_wconf 91' lang='lat' dir='ltr'>uti</span> <span class='ocrx_word' id='word_1_22' title='bbox 1060 611 1181 675; x_wconf 85' lang='lat' dir='ltr'>Romae</span> <span class='ocrx_word' id='word_1_23' title='bbox 1193 633 1234 675; x_wconf 88' lang='lat' dir='ltr'>ne</span> <span class='ocrx_word' id='word_1_24' title='bbox 1246 616 1377 675; x_wconf 80' lang='lat' dir='ltr'>esseut’</span> 
     </span>
     <span class='ocr_line' id='line_1_4' title="bbox 242 712 1378 800; baseline -0.003 -23"><span class='ocrx_word' id='word_1_25' title='bbox 242 714 283 777; x_wconf 90' lang='lat' dir='ltr'>de</span> <span class='ocrx_word' id='word_1_26' title='bbox 320 714 443 777; x_wconf 86' lang='lat' dir='ltr'>eisdem</span> <span class='ocrx_word' id='word_1_27' title='bbox 484 714 652 777; x_wconf 88' lang='lat' dir='ltr'>interiecto</span> <span class='ocrx_word' id='word_1_28' title='bbox 684 722 830 800; x_wconf 87' lang='lat' dir='ltr'>tempore</span> <span class='ocrx_word' id='word_1_29' title='bbox 870 714 929 778; x_wconf 82' lang='lat' dir='ltr'>On.</span> <span class='ocrx_word' id='word_1_30' title='bbox 964 713 1127 778; x_wconf 83' lang='lat' dir='ltr'><strong>Domitius</strong></span> <span class='ocrx_word' id='word_1_31' title='bbox 1162 712 1378 777; x_wconf 82' lang='lat' dir='ltr'>Aenobarbus</span> 
     </span>
     <span class='ocr_line' id='line_1_5' title="bbox 241 813 1480 881; baseline -0.002 0"><span class='ocrx_word' id='word_1_32' title='bbox 241 815 279 881; x_wconf 89' lang='lat' dir='ltr'>L.</span> <span class='ocrx_word' id='word_1_33' title='bbox 296 815 443 880; x_wconf 85' lang='lat' dir='ltr'>Licinius</span> <span class='ocrx_word' id='word_1_34' title='bbox 460 814 599 879; x_wconf 80' lang='lat' dir='ltr'>Crassus</span> <span class='ocrx_word' id='word_1_35' title='bbox 620 836 771 879; x_wconf 84' lang='lat' dir='ltr'>censores</span> <span class='ocrx_word' id='word_1_36' title='bbox 794 816 840 878; x_wconf 88' lang='lat' dir='ltr'>ita</span> <span class='ocrx_word' id='word_1_37' title='bbox 863 817 1052 880; x_wconf 88' lang='lat' dir='ltr'>edixerunt:</span> <span class='ocrx_word' id='word_1_38' title='bbox 1077 816 1306 880; x_wconf 77' lang='lat' dir='ltr'>‘renuntiatum</span> <span class='ocrx_word' id='word_1_39' title='bbox 1329 823 1379 881; x_wconf 84' lang='lat' dir='ltr'>cst</span> <span class='ocrx_word' id='word_1_40' title='bbox 1476 813 1480 820; x_wconf 83' lang='grc'><strong>’</strong></span> 
     </span>
     <span class='ocr_line' id='line_1_6' title="bbox 240 917 1405 1005; baseline -0.004 -24"><span class='ocrx_word' id='word_1_41' title='bbox 240 917 346 998; x_wconf 87' lang='lat' dir='ltr'>nobis,</span> <span class='ocrx_word' id='word_1_42' title='bbox 370 939 442 981; x_wconf 88' lang='lat' dir='ltr'>esse</span> <span class='ocrx_word' id='word_1_43' title='bbox 457 917 604 980; x_wconf 89' lang='lat' dir='ltr'>homines</span> <span class='ocrx_word' id='word_1_44' title='bbox 620 917 676 1003; x_wconf 91' lang='lat' dir='ltr'>qui</span> <span class='ocrx_word' id='word_1_45' title='bbox 693 938 813 983; x_wconf 88' lang='lat' dir='ltr'>nouum</span> <span class='ocrx_word' id='word_1_46' title='bbox 830 940 933 1002; x_wconf 85' lang='lat' dir='ltr'>genus</span> <span class='ocrx_word' id='word_1_47' title='bbox 950 917 1143 1005; x_wconf 86' lang='lat' dir='ltr'>disciplinae</span> <span class='ocrx_word' id='word_1_48' title='bbox 1160 918 1405 997; x_wconf 66' lang='lat' dir='ltr'>instituemus</span> 
     </span>
     <span class='ocr_line' id='line_1_7' title="bbox 241 1017 1378 1104; baseline -0.003 -21"><span class='ocrx_word' id='word_1_49' title='bbox 241 1019 283 1083; x_wconf 91' lang='lat' dir='ltr'>ad</span> <span class='ocrx_word' id='word_1_50' title='bbox 304 1040 385 1104; x_wconf 88' lang='lat' dir='ltr'>quos</span> <span class='ocrx_word' id='word_1_51' title='bbox 411 1021 564 1083; x_wconf 90' lang='lat' dir='ltr'>iuuentus</span> <span class='ocrx_word' id='word_1_52' title='bbox 590 1021 626 1081; x_wconf 90' lang='lat' dir='ltr'>in</span> <span class='ocrx_word' id='word_1_53' title='bbox 649 1017 759 1083; x_wconf 87' lang='lat' dir='ltr'>ludum</span> <span class='ocrx_word' id='word_1_54' title='bbox 783 1022 974 1101; x_wconf 84' lang='lat' dir='ltr'>conueniat3</span> <span class='ocrx_word' id='word_1_55' title='bbox 1002 1041 1057 1083; x_wconf 85' lang='lat' dir='ltr'>cos</span> <span class='ocrx_word' id='word_1_56' title='bbox 1086 1019 1148 1083; x_wconf 86' lang='lat' dir='ltr'>sibi</span> <span class='ocrx_word' id='word_1_57' title='bbox 1177 1039 1292 1081; x_wconf 87' lang='lat' dir='ltr'>nomen</span> <span class='ocrx_word' id='word_1_58' title='bbox 1322 1018 1378 1081; x_wconf 91' lang='lat' dir='ltr'>im·</span> 
     </span>
     <span class='ocr_line' id='line_1_8' title="bbox 240 1118 1379 1208; baseline -0.002 -23"><span class='ocrx_word' id='word_1_59' title='bbox 240 1120 544 1208; x_wconf 59' lang='lat' dir='ltr'>posuisse&#39;liatinos</span> <span class='ocrx_word' id='word_1_60' title='bbox 561 1119 724 1203; x_wconf 83' lang='lat' dir='ltr'>rhetoras3</span> <span class='ocrx_word' id='word_1_61' title='bbox 741 1120 787 1185; x_wconf 85' lang='lat' dir='ltr'>ibi</span> <span class='ocrx_word' id='word_1_62' title='bbox 803 1120 950 1185; x_wconf 87' lang='lat' dir='ltr'>homines</span> <span class='ocrx_word' id='word_1_63' title='bbox 969 1119 1227 1186; x_wconf 87' lang='lat' dir='ltr'>adolescentulos</span> <span class='ocrx_word' id='word_1_64' title='bbox 1246 1118 1316 1183; x_wconf 87' lang='lat' dir='ltr'>dies</span> <span class='ocrx_word' id='word_1_65' title='bbox 1334 1128 1379 1183; x_wconf 90' lang='lat' dir='ltr'>to·</span> 
     </span>
     <span class='ocr_line' id='line_1_9' title="bbox 242 1221 1382 1309; baseline -0.004 -22"><span class='ocrx_word' id='word_1_66' title='bbox 242 1233 293 1287; x_wconf 92' lang='lat' dir='ltr'>tos</span> <span class='ocrx_word' id='word_1_67' title='bbox 320 1222 479 1287; x_wconf 86' lang='lat' dir='ltr'>desidere.</span> <span class='ocrx_word' id='word_1_68' title='bbox 528 1223 667 1287; x_wconf 85' lang='lat' dir='ltr'>maiores</span> <span class='ocrx_word' id='word_1_69' title='bbox 691 1223 808 1306; x_wconf 83' lang='lat' dir='ltr'>nostri,</span> <span class='ocrx_word' id='word_1_70' title='bbox 837 1244 920 1309; x_wconf 84' lang='lat' dir='ltr'>quae</span> <span class='ocrx_word' id='word_1_71' title='bbox 949 1221 1070 1287; x_wconf 89' lang='lat' dir='ltr'>liberos</span> <span class='ocrx_word' id='word_1_72' title='bbox 1098 1243 1173 1287; x_wconf 87' lang='lat' dir='ltr'>suos</span> <span class='ocrx_word' id='word_1_73' title='bbox 1200 1221 1326 1286; x_wconf 89' lang='lat' dir='ltr'>discere</span> <span class='ocrx_word' id='word_1_74' title='bbox 1349 1230 1382 1284; x_wconf 88' lang='lat' dir='ltr'>et</span> 
     </span>
     <span class='ocr_line' id='line_1_10' title="bbox 200 1322 1380 1411; baseline 0.003 -30"><span class='ocrx_word' id='word_1_75' title='bbox 200 1378 202 1381; x_wconf 79' lang='grc'>,</span> <span class='ocrx_word' id='word_1_76' title='bbox 243 1345 324 1411; x_wconf 88' lang='lat' dir='ltr'>quos</span> <span class='ocrx_word' id='word_1_77' title='bbox 354 1325 387 1387; x_wconf 91' lang='lat' dir='ltr'>in</span> <span class='ocrx_word' id='word_1_78' title='bbox 417 1324 512 1388; x_wconf 85' lang='lat' dir='ltr'>ludos</span> <span class='ocrx_word' id='word_1_79' title='bbox 533 1325 614 1388; x_wconf 87' lang='lat' dir='ltr'>itare</span> <span class='ocrx_word' id='word_1_80' title='bbox 637 1322 777 1405; x_wconf 87' lang='lat' dir='ltr'>uellent,</span> <span class='ocrx_word' id='word_1_81' title='bbox 806 1326 1026 1388; x_wconf 88' lang='lat' dir='ltr'>instituerunt.</span> <span class='ocrx_word' id='word_1_82' title='bbox 1070 1324 1150 1389; x_wconf 89' lang='lat' dir='ltr'>haec</span> <span class='ocrx_word' id='word_1_83' title='bbox 1172 1345 1257 1388; x_wconf 89' lang='lat' dir='ltr'>noua</span> <span class='ocrx_word' id='word_1_84' title='bbox 1265 1373 1273 1403; x_wconf 86' lang='lat'><em>‚</em></span> <span class='ocrx_word' id='word_1_85' title='bbox 1297 1343 1380 1409; x_wconf 82' lang='lat' dir='ltr'>quae</span> 
     </span>
     <span class='ocr_line' id='line_1_11' title="bbox 243 1424 1415 1513; baseline -0.002 -25"><span class='ocrx_word' id='word_1_86' title='bbox 243 1436 373 1513; x_wconf 83' lang='lat' dir='ltr'>praeter</span> <span class='ocrx_word' id='word_1_87' title='bbox 393 1424 661 1490; x_wconf 82' lang='lat' dir='ltr'>consuetudinem</span> <span class='ocrx_word' id='word_1_88' title='bbox 684 1446 723 1488; x_wconf 88' lang='lat' dir='ltr'>ae</span> <span class='ocrx_word' id='word_1_89' title='bbox 747 1447 867 1490; x_wconf 89' lang='lat' dir='ltr'>morem</span> <span class='ocrx_word' id='word_1_90' title='bbox 891 1427 1046 1489; x_wconf 89' lang='lat' dir='ltr'>maiorum</span> <span class='ocrx_word' id='word_1_91' title='bbox 1071 1426 1162 1504; x_wconf 87' lang='lat' dir='ltr'>fiunt,</span> <span class='ocrx_word' id='word_1_92' title='bbox 1185 1447 1289 1513; x_wconf 90' lang='lat' dir='ltr'>neque</span> <span class='ocrx_word' id='word_1_93' title='bbox 1312 1425 1415 1512; x_wconf 83' lang='lat' dir='ltr'>pla-1⁰</span> 
     </span>
     <span class='ocr_line' id='line_1_12' title="bbox 243 1516 1380 1614; baseline -0.003 -23"><span class='ocrx_word' id='word_1_94' title='bbox 243 1536 319 1591; x_wconf 87' lang='lat' dir='ltr'>cent</span> <span class='ocrx_word' id='word_1_95' title='bbox 337 1549 443 1614; x_wconf 88' lang='lat' dir='ltr'>neque</span> <span class='ocrx_word' id='word_1_96' title='bbox 465 1535 555 1590; x_wconf 83' lang='lat' dir='ltr'>recta</span> <span class='ocrx_word' id='word_1_97' title='bbox 577 1527 740 1591; x_wconf 89' lang='lat' dir='ltr'>uidentur.</span> <span class='ocrx_word' id='word_1_98' title='bbox 790 1536 988 1613; x_wconf 83' lang='lat' dir='ltr'>quapropter</span> <span class='ocrx_word' id='word_1_99' title='bbox 1009 1538 1041 1591; x_wconf 91' lang='lat' dir='ltr'>et</span> <span class='ocrx_word' id='word_1_100' title='bbox 1061 1528 1111 1591; x_wconf 87' lang='lat' dir='ltr'>his</span> <span class='ocrx_word' id='word_1_101' title='bbox 1133 1528 1187 1614; x_wconf 90' lang='lat' dir='ltr'>qui</span> <span class='ocrx_word' id='word_1_102' title='bbox 1211 1549 1265 1590; x_wconf 86' lang='lat' dir='ltr'>eos</span> <span class='ocrx_word' id='word_1_103' title='bbox 1287 1516 1380 1589; x_wconf 88' lang='lat' dir='ltr'>ludos</span> 
     </span>
     <span class='ocr_line' id='line_1_13' title="bbox 243 1626 1380 1715; baseline -0.004 -22"><span class='ocrx_word' id='word_1_104' title='bbox 243 1628 366 1693; x_wconf 88' lang='lat' dir='ltr'>habeut</span> <span class='ocrx_word' id='word_1_105' title='bbox 392 1628 500 1693; x_wconf 85' lang='lat' dir='ltr'>ethis</span> <span class='ocrx_word' id='word_1_106' title='bbox 528 1631 583 1715; x_wconf 89' lang='lat' dir='ltr'>qui</span> <span class='ocrx_word' id='word_1_107' title='bbox 606 1650 643 1692; x_wconf 88' lang='lat' dir='ltr'>eo</span> <span class='ocrx_word' id='word_1_108' title='bbox 670 1629 781 1691; x_wconf 90' lang='lat' dir='ltr'>uenire</span> <span class='ocrx_word' id='word_1_109' title='bbox 808 1635 1006 1693; x_wconf 85' lang='lat' dir='ltr'>eonsue&#39;ruut</span> <span class='ocrx_word' id='word_1_110' title='bbox 1032 1629 1163 1693; x_wconf 88' lang='lat' dir='ltr'>uidetur</span> <span class='ocrx_word' id='word_1_111' title='bbox 1190 1626 1380 1691; x_wconf 87' lang='lat' dir='ltr'>faciundum</span> 
     </span>
     <span class='ocr_line' id='line_1_14' title="bbox 242 1729 1314 1815; baseline -0.003 -20"><span class='ocrx_word' id='word_1_112' title='bbox 242 1740 279 1795; x_wconf 87' lang='lat' dir='ltr'>ut</span> <span class='ocrx_word' id='word_1_113' title='bbox 302 1731 548 1794; x_wconf 82' lang='lat' dir='ltr'>ostenderemus</span> <span class='ocrx_word' id='word_1_114' title='bbox 568 1742 712 1795; x_wconf 86' lang='lat' dir='ltr'>nostram</span> <span class='ocrx_word' id='word_1_115' title='bbox 733 1730 936 1810; x_wconf 84' lang='lat' dir='ltr'>sententiam,</span> <span class='ocrx_word' id='word_1_116' title='bbox 959 1729 1140 1794; x_wconf 80' lang='lat' dir='ltr'>nobismon</span> <span class='ocrx_word' id='word_1_117' title='bbox 1162 1729 1314 1815; x_wconf 63' lang='lat' dir='ltr'>placere!</span> 
     </span>
     <span class='ocr_line' id='line_1_15' title="bbox 328 1830 1381 1919; baseline -0.002 -24"><span class='ocrx_word' id='word_1_118' title='bbox 328 1830 489 1895; x_wconf 79' lang='lat' dir='ltr'>Paulatim</span> <span class='ocrx_word' id='word_1_119' title='bbox 522 1842 553 1894; x_wconf 90' lang='lat' dir='ltr'>et</span> <span class='ocrx_word' id='word_1_120' title='bbox 586 1834 659 1917; x_wconf 89' lang='lat' dir='ltr'>ipsa</span> <span class='ocrx_word' id='word_1_121' title='bbox 690 1830 780 1894; x_wconf 89' lang='lat' dir='ltr'>utilis</span> <span class='ocrx_word' id='word_1_122' title='bbox 817 1831 1017 1917; x_wconf 88' lang='lat' dir='ltr'>honestaque</span> <span class='ocrx_word' id='word_1_123' title='bbox 1046 1833 1196 1919; x_wconf 83' lang='lat' dir='ltr'>apparuit</span> <span class='ocrx_word' id='word_1_124' title='bbox 1222 1830 1381 1917; x_wconf 89' lang='lat' dir='ltr'>multique</span> 
     </span>
     <span class='ocr_line' id='line_1_16' title="bbox 225 1931 1415 2021; baseline -0.003 -24"><span class='ocrx_word' id='word_1_125' title='bbox 225 1956 313 2019; x_wconf 18' lang='lat' dir='ltr'>*eam</span> <span class='ocrx_word' id='word_1_126' title='bbox 345 1943 377 1997; x_wconf 91' lang='lat' dir='ltr'>et</span> <span class='ocrx_word' id='word_1_127' title='bbox 404 1932 559 2021; x_wconf 89' lang='lat' dir='ltr'>praesidii</span> <span class='ocrx_word' id='word_1_128' title='bbox 589 1953 688 1997; x_wconf 86' lang='lat' dir='ltr'>eausa</span> <span class='ocrx_word' id='word_1_129' title='bbox 715 1940 747 1995; x_wconf 90' lang='lat' dir='ltr'>et</span> <span class='ocrx_word' id='word_1_130' title='bbox 774 1932 897 2018; x_wconf 85' lang='lat' dir='ltr'>gloriae</span> <span class='ocrx_word' id='word_1_131' title='bbox 917 1935 1156 2020; x_wconf 88' lang='lat' dir='ltr'>appetiuerunt.</span> <span class='ocrx_word' id='word_1_132' title='bbox 1201 1933 1316 1998; x_wconf 78' lang='lat' dir='ltr'>Cicero</span> <span class='ocrx_word' id='word_1_133' title='bbox 1338 1931 1379 1994; x_wconf 87' lang='lat' dir='ltr'>ad</span> <span class='ocrx_word' id='word_1_134' title='bbox 1391 1954 1415 1994; x_wconf 79' lang='lat' dir='ltr'>u</span> 
     </span>
    </p>
   </div>
   <div class='ocr_carea' id='block_1_3' title="bbox 243 2155 1445 3036">
    <p class='ocr_par' dir='ltr' id='par_1_3' title="bbox 243 2155 1445 2830">
     <span class='ocr_line' id='line_1_17' title="bbox 243 2155 1381 2222; baseline -0.001 -17"><span class='ocrx_word' id='word_1_135' title='bbox 243 2157 371 2207; x_wconf 79' lang='lat' dir='ltr'>seientia.</span> <span class='ocrx_word' id='word_1_136' title='bbox 408 2157 456 2206; x_wconf 82' lang='lat' dir='ltr'>hos</span> <span class='ocrx_word' id='word_1_137' title='bbox 474 2171 540 2206; x_wconf 89' lang='lat' dir='ltr'>uero</span> <span class='ocrx_word' id='word_1_138' title='bbox 558 2170 643 2205; x_wconf 87' lang='lat' dir='ltr'>nouos</span> <span class='ocrx_word' id='word_1_139' title='bbox 656 2156 802 2221; x_wconf 81' lang='lat' dir='ltr'>magistros</span> <span class='ocrx_word' id='word_1_140' title='bbox 814 2155 882 2206; x_wconf 86' lang='lat' dir='ltr'>nihil</span> <span class='ocrx_word' id='word_1_141' title='bbox 900 2155 1097 2221; x_wconf 83' lang='lat' dir='ltr'>intellegebam</span> <span class='ocrx_word' id='word_1_142' title='bbox 1114 2173 1192 2222; x_wconf 85' lang='lat' dir='ltr'>posse</span> <span class='ocrx_word' id='word_1_143' title='bbox 1211 2155 1310 2206; x_wconf 84' lang='lat' dir='ltr'>docere</span> <span class='ocrx_word' id='word_1_144' title='bbox 1328 2155 1381 2207; x_wconf 87' lang='lat' dir='ltr'>uisi</span> 
     </span>
     <span class='ocr_line' id='line_1_18' title="bbox 244 2223 1382 2289; baseline -0.001 -15"><span class='ocrx_word' id='word_1_145' title='bbox 244 2230 274 2274; x_wconf 90' lang='lat' dir='ltr'>nt</span> <span class='ocrx_word' id='word_1_146' title='bbox 293 2223 436 2281; x_wconf 81' lang='lat' dir='ltr'>auderent.</span> <span class='ocrx_word' id='word_1_147' title='bbox 456 2224 526 2289; x_wconf 88' lang='lat' dir='ltr'>quod</span> <span class='ocrx_word' id='word_1_148' title='bbox 546 2224 630 2273; x_wconf 86' lang='lat' dir='ltr'>etiam</span> <span class='ocrx_word' id='word_1_149' title='bbox 649 2239 710 2272; x_wconf 90' lang='lat' dir='ltr'>eum</span> <span class='ocrx_word' id='word_1_150' title='bbox 727 2224 807 2274; x_wconf 82' lang='lat' dir='ltr'>bouis</span> <span class='ocrx_word' id='word_1_151' title='bbox 826 2225 907 2274; x_wconf 82' lang='lat' dir='ltr'>rebus</span> <span class='ocrx_word' id='word_1_152' title='bbox 926 2226 1099 2275; x_wconf 82' lang='lat' dir='ltr'>coniunctum</span> <span class='ocrx_word' id='word_1_153' title='bbox 1120 2241 1168 2289; x_wconf 88' lang='lat' dir='ltr'>per</span> <span class='ocrx_word' id='word_1_154' title='bbox 1185 2242 1215 2273; x_wconf 86' lang='lat' dir='ltr'>se</span> <span class='ocrx_word' id='word_1_155' title='bbox 1234 2225 1321 2289; x_wconf 86' lang='lat' dir='ltr'>ipsum</span> <span class='ocrx_word' id='word_1_156' title='bbox 1340 2232 1382 2273; x_wconf 82' lang='lat' dir='ltr'>est</span> 
     </span>
     <span class='ocr_line' id='line_1_19' title="bbox 245 2291 1381 2357; baseline -0.002 -15"><span class='ocrx_word' id='word_1_157' title='bbox 245 2308 410 2357; x_wconf 81' lang='lat' dir='ltr'>magnopere</span> <span class='ocrx_word' id='word_1_158' title='bbox 429 2291 597 2356; x_wconf 81' lang='lat' dir='ltr'>fugiendum.</span> <span class='ocrx_word' id='word_1_159' title='bbox 640 2291 691 2341; x_wconf 90' lang='lat' dir='ltr'>hoc</span> <span class='ocrx_word' id='word_1_160' title='bbox 717 2307 776 2341; x_wconf 90' lang='lat' dir='ltr'>eum</span> <span class='ocrx_word' id='word_1_161' title='bbox 798 2307 878 2341; x_wconf 89' lang='lat' dir='ltr'>unum</span> <span class='ocrx_word' id='word_1_162' title='bbox 898 2293 1053 2342; x_wconf 88' lang='lat' dir='ltr'>traderetur</span> <span class='ocrx_word' id='word_1_163' title='bbox 1070 2301 1098 2342; x_wconf 90' lang='lat' dir='ltr'>et</span> <span class='ocrx_word' id='word_1_164' title='bbox 1117 2309 1175 2342; x_wconf 88' lang='lat' dir='ltr'>cum</span> <span class='ocrx_word' id='word_1_165' title='bbox 1195 2292 1381 2357; x_wconf 88' lang='lat' dir='ltr'>impudentiae</span> 
     </span>
     <span class='ocr_line' id='line_1_20' title="bbox 244 2359 1381 2426; baseline -0.002 -16"><span class='ocrx_word' id='word_1_166' title='bbox 244 2360 323 2410; x_wconf 89' lang='lat' dir='ltr'>ludus</span> <span class='ocrx_word' id='word_1_167' title='bbox 343 2367 424 2417; x_wconf 84' lang='lat' dir='ltr'>essct.</span> <span class='ocrx_word' id='word_1_168' title='bbox 443 2360 538 2426; x_wconf 80' lang='lat' dir='ltr'>putaui</span> <span class='ocrx_word' id='word_1_169' title='bbox 552 2376 613 2410; x_wconf 81' lang='lat' dir='ltr'>esse</span> <span class='ocrx_word' id='word_1_170' title='bbox 627 2360 749 2409; x_wconf 83' lang='lat' dir='ltr'>censoris</span> <span class='ocrx_word' id='word_1_171' title='bbox 762 2376 796 2409; x_wconf 92' lang='lat' dir='ltr'>ne</span> <span class='ocrx_word' id='word_1_172' title='bbox 809 2359 917 2425; x_wconf 76' lang='lat' dir='ltr'>longius</span> <span class='ocrx_word' id='word_1_173' title='bbox 930 2359 958 2409; x_wconf 93' lang='lat' dir='ltr'>id</span> <span class='ocrx_word' id='word_1_174' title='bbox 970 2366 1093 2424; x_wconf 83' lang='lat' dir='ltr'>serperet</span> <span class='ocrx_word' id='word_1_175' title='bbox 1110 2361 1261 2426; x_wconf 88' lang='lat' dir='ltr'>prouidere.</span> <span class='ocrx_word' id='word_1_176' title='bbox 1289 2375 1381 2424; x_wconf 85' lang='lat' dir='ltr'>quum·</span> 
     </span>
     <span class='ocr_line' id='line_1_21' title="bbox 245 2427 1381 2493; baseline -0.001 -16"><span class='ocrx_word' id='word_1_177' title='bbox 245 2434 326 2493; x_wconf 80' lang='lat' dir='ltr'>quern</span> <span class='ocrx_word' id='word_1_178' title='bbox 344 2444 397 2477; x_wconf 91' lang='lat' dir='ltr'>uon</span> <span class='ocrx_word' id='word_1_179' title='bbox 415 2427 486 2478; x_wconf 88' lang='lat' dir='ltr'>lraec</span> <span class='ocrx_word' id='word_1_180' title='bbox 511 2428 550 2477; x_wconf 82' lang='lat' dir='ltr'>ite</span> <span class='ocrx_word' id='word_1_181' title='bbox 574 2434 667 2477; x_wconf 88' lang='lat' dir='ltr'>statuo</span> <span class='ocrx_word' id='word_1_182' title='bbox 691 2434 773 2492; x_wconf 88' lang='lat' dir='ltr'>atque</span> <span class='ocrx_word' id='word_1_183' title='bbox 796 2428 930 2491; x_wconf 78' lang='lat' dir='ltr'>decerno,</span> <span class='ocrx_word' id='word_1_184' title='bbox 954 2434 984 2478; x_wconf 83' lang='lat' dir='ltr'>ut</span> <span class='ocrx_word' id='word_1_185' title='bbox 1007 2428 1147 2492; x_wconf 80' lang='lat' dir='ltr'>desperem</span> <span class='ocrx_word' id='word_1_186' title='bbox 1165 2429 1266 2478; x_wconf 82' lang='lat' dir='ltr'>Latine</span> <span class='ocrx_word' id='word_1_187' title='bbox 1291 2444 1325 2477; x_wconf 86' lang='lat' dir='ltr'>ea</span> <span class='ocrx_word' id='word_1_188' title='bbox 1348 2427 1381 2477; x_wconf 89' lang='lat' dir='ltr'>de</span> 
     </span>
     <span class='ocr_line' id='line_1_22' title="bbox 244 2484 1382 2563; baseline -0.002 -17"><span class='ocrx_word' id='word_1_189' title='bbox 244 2497 342 2563; x_wconf 86' lang='lat' dir='ltr'>quibus</span> <span class='ocrx_word' id='word_1_190' title='bbox 361 2495 560 2560; x_wconf 84' lang='lat' dir='ltr'>disputauimus</span> <span class='ocrx_word' id='word_1_191' title='bbox 579 2496 651 2544; x_wconf 89' lang='lat' dir='ltr'>tradi</span> <span class='ocrx_word' id='word_1_192' title='bbox 675 2512 708 2544; x_wconf 84' lang='lat' dir='ltr'>ae</span> <span class='ocrx_word' id='word_1_193' title='bbox 727 2496 866 2561; x_wconf 88' lang='lat' dir='ltr'>perpoliri.</span> <span class='ocrx_word' id='word_1_194' title='bbox 907 2497 1012 2561; x_wconf 84' lang='lat' dir='ltr'>patitur</span> <span class='ocrx_word' id='word_1_195' title='bbox 1035 2484 1107 2546; x_wconf 87' lang='lat' dir='ltr'>enim</span> <span class='ocrx_word' id='word_1_196' title='bbox 1130 2503 1157 2546; x_wconf 90' lang='lat' dir='ltr'>et</span> <span class='ocrx_word' id='word_1_197' title='bbox 1175 2496 1270 2561; x_wconf 80' lang='lat' dir='ltr'>lingua</span> <span class='ocrx_word' id='word_1_198' title='bbox 1287 2502 1382 2546; x_wconf 89' lang='lat' dir='ltr'>nostra</span> 
     </span>
     <span class='ocr_line' id='line_1_23' title="bbox 245 2562 1381 2629; baseline -0.001 -15"><span class='ocrx_word' id='word_1_199' title='bbox 245 2570 273 2614; x_wconf 91' lang='lat' dir='ltr'>et</span> <span class='ocrx_word' id='word_1_200' title='bbox 290 2571 391 2614; x_wconf 82' lang='lat' dir='ltr'>natura</span> <span class='ocrx_word' id='word_1_201' title='bbox 409 2579 498 2613; x_wconf 89' lang='lat' dir='ltr'>rernm</span> <span class='ocrx_word' id='word_1_202' title='bbox 516 2569 639 2613; x_wconf 89' lang='lat' dir='ltr'>ueterem</span> <span class='ocrx_word' id='word_1_203' title='bbox 653 2562 888 2628; x_wconf 80' lang='lat' dir='ltr'>excellentemque</span> <span class='ocrx_word' id='word_1_204' title='bbox 901 2564 1074 2629; x_wconf 85' lang='lat' dir='ltr'>prudentiam</span> <span class='ocrx_word' id='word_1_205' title='bbox 1088 2564 1254 2613; x_wconf 82' lang='lat' dir='ltr'>Graecorum</span> <span class='ocrx_word' id='word_1_206' title='bbox 1268 2564 1302 2613; x_wconf 84' lang='lat' dir='ltr'>ed</span> <span class='ocrx_word' id='word_1_207' title='bbox 1320 2580 1381 2613; x_wconf 86' lang='lat' dir='ltr'>nos-</span> 
     </span>
     <span class='ocr_line' id='line_1_24' title="bbox 244 2631 1445 2698; baseline -0.002 -16"><span class='ocrx_word' id='word_1_208' title='bbox 244 2640 314 2683; x_wconf 89' lang='lat' dir='ltr'>trum</span> <span class='ocrx_word' id='word_1_209' title='bbox 336 2646 415 2681; x_wconf 86' lang='lat' dir='ltr'>usum</span> <span class='ocrx_word' id='word_1_210' title='bbox 434 2646 588 2695; x_wconf 88' lang='lat' dir='ltr'>moremque</span> <span class='ocrx_word' id='word_1_211' title='bbox 613 2631 770 2690; x_wconf 83' lang='lat' dir='ltr'>transferri3</span> <span class='ocrx_word' id='word_1_212' title='bbox 795 2631 844 2681; x_wconf 87' lang='lat' dir='ltr'>sed</span> <span class='ocrx_word' id='word_1_213' title='bbox 865 2631 1021 2682; x_wconf 85' lang='lat' dir='ltr'>hominibus</span> <span class='ocrx_word' id='word_1_214' title='bbox 1039 2649 1106 2698; x_wconf 89' lang='lat' dir='ltr'>opus</span> <span class='ocrx_word' id='word_1_215' title='bbox 1124 2641 1166 2682; x_wconf 84' lang='lat' dir='ltr'>est</span> <span class='ocrx_word' id='word_1_216' title='bbox 1189 2632 1317 2689; x_wconf 82' lang='lat' dir='ltr'>eruditis.</span> <span class='ocrx_word' id='word_1_217' title='bbox 1336 2631 1382 2695; x_wconf 89' lang='lat' dir='ltr'>qni</span> <span class='ocrx_word' id='word_1_218' title='bbox 1443 2660 1445 2669; x_wconf 87' lang='lat'>.</span> 
     </span>
     <span class='ocr_line' id='line_1_25' title="bbox 246 2699 1382 2765; baseline -0.001 -16"><span class='ocrx_word' id='word_1_219' title='bbox 246 2700 335 2749; x_wconf 87' lang='lat' dir='ltr'>adhuc</span> <span class='ocrx_word' id='word_1_220' title='bbox 353 2700 382 2747; x_wconf 89' lang='lat' dir='ltr'>iu</span> <span class='ocrx_word' id='word_1_221' title='bbox 400 2699 452 2749; x_wconf 89' lang='lat' dir='ltr'>hoc</span> <span class='ocrx_word' id='word_1_222' title='bbox 471 2699 580 2763; x_wconf 85' lang='lat' dir='ltr'>quidem</span> <span class='ocrx_word' id='word_1_223' title='bbox 599 2714 701 2762; x_wconf 73' lang='lat' dir='ltr'>genere</span> <span class='ocrx_word' id='word_1_224' title='bbox 720 2700 807 2748; x_wconf 84' lang='lat' dir='ltr'>nostri</span> <span class='ocrx_word' id='word_1_225' title='bbox 825 2699 893 2749; x_wconf 86' lang='lat' dir='ltr'>nulli</span> <span class='ocrx_word' id='word_1_226' title='bbox 912 2701 1034 2760; x_wconf 60' lang='lat' dir='ltr'>tuoruum</span> <span class='ocrx_word' id='word_1_227' title='bbox 1052 2702 1095 2750; x_wconf 88' lang='lat' dir='ltr'>siu</span> <span class='ocrx_word' id='word_1_228' title='bbox 1109 2700 1216 2765; x_wconf 81' lang='lat' dir='ltr'>quondo</span> <span class='ocrx_word' id='word_1_229' title='bbox 1228 2700 1382 2761; x_wconf 84' lang='lat' dir='ltr'>extiterint,</span> 
     </span>
     <span class='ocr_line' id='line_1_26' title="bbox 246 2765 1154 2830; baseline -0.001 -13"><span class='ocrx_word' id='word_1_230' title='bbox 246 2768 331 2817; x_wconf 84' lang='lat' dir='ltr'>etiam</span> <span class='ocrx_word' id='word_1_231' title='bbox 350 2767 466 2817; x_wconf 77' lang='lat' dir='ltr'>Graecis</span> <span class='ocrx_word' id='word_1_232' title='bbox 486 2772 579 2817; x_wconf 86' lang='lat' dir='ltr'>esseut</span> <span class='ocrx_word' id='word_1_233' title='bbox 597 2765 804 2830; x_wconf 62' lang='lat' dir='ltr'>anteponendi!</span> <span class='ocrx_word' id='word_1_234' title='bbox 840 2768 877 2816; x_wconf 83' lang='lat' dir='ltr'>cl.</span> <span class='ocrx_word' id='word_1_235' title='bbox 897 2767 1011 2818; x_wconf 74' lang='lat' dir='ltr'>&#39;lucitus</span> <span class='ocrx_word' id='word_1_236' title='bbox 1029 2768 1094 2817; x_wconf 84' lang='lat' dir='ltr'>dial.</span> <span class='ocrx_word' id='word_1_237' title='bbox 1113 2768 1154 2818; x_wconf 75' lang='lat'>35.</span> 
     </span>
    </p>

    <p class='ocr_par' dir='ltr' id='par_1_4' title="bbox 244 2834 1386 3036">
     <span class='ocr_line' id='line_1_27' title="bbox 331 2834 1386 2902; baseline 0.001 -19"><span class='ocrx_word' id='word_1_238' title='bbox 331 2834 362 2884; x_wconf 81' lang='lat'>15</span> <span class='ocrx_word' id='word_1_239' title='bbox 380 2851 419 2899; x_wconf 82' lang='lat' dir='ltr'>sq.</span> <span class='ocrx_word' id='word_1_240' title='bbox 431 2834 577 2884; x_wconf 82' lang='lat' dir='ltr'>Suetonius</span> <span class='ocrx_word' id='word_1_241' title='bbox 591 2835 624 2882; x_wconf 90' lang='lat' dir='ltr'>de</span> <span class='ocrx_word' id='word_1_242' title='bbox 643 2850 756 2898; x_wconf 82' lang='lat' dir='ltr'>gramm.</span> <span class='ocrx_word' id='word_1_243' title='bbox 770 2840 799 2883; x_wconf 92' lang='lat' dir='ltr'>et</span> <span class='ocrx_word' id='word_1_244' title='bbox 810 2835 879 2884; x_wconf 85' lang='lat' dir='ltr'>rhet.</span> <span class='ocrx_word' id='word_1_245' title='bbox 893 2834 922 2884; x_wconf 82' lang='lat'>7:</span> <span class='ocrx_word' id='word_1_246' title='bbox 944 2835 1081 2885; x_wconf 68' lang='lat' dir='ltr'>‘richoinus</span> <span class='ocrx_word' id='word_1_247' title='bbox 1093 2839 1152 2886; x_wconf 87' lang='lat' dir='ltr'>eius</span> <span class='ocrx_word' id='word_1_248' title='bbox 1161 2835 1262 2902; x_wconf 63' lang='lat' dir='ltr'>eleros</span> <span class='ocrx_word' id='word_1_249' title='bbox 1277 2850 1386 2900; x_wconf 83' lang='lat' dir='ltr'>qrroque</span> 
     </span>
     <span class='ocr_line' id='line_1_28' title="bbox 244 2900 1382 2993; baseline 0.001 -41"><span class='ocrx_word' id='word_1_250' title='bbox 244 2903 319 2953; x_wconf 87' lang='lat' dir='ltr'>uiros</span> <span class='ocrx_word' id='word_1_251' title='bbox 339 2904 529 2993; x_wconf 66' lang='lat' dir='ltr'>frequentasse</span> <span class='ocrx_word' id='word_1_252' title='bbox 543 2902 628 2962; x_wconf 79' lang='lat' dir='ltr'>aiunt,</span> <span class='ocrx_word' id='word_1_253' title='bbox 649 2903 678 2951; x_wconf 90' lang='lat' dir='ltr'>in</span> <span class='ocrx_word' id='word_1_254' title='bbox 697 2900 739 2951; x_wconf 91' lang='lat' dir='ltr'>his</span> <span class='ocrx_word' id='word_1_255' title='bbox 758 2902 794 2954; x_wconf 87' lang='lat' dir='ltr'>M.</span> <span class='ocrx_word' id='word_1_256' title='bbox 808 2904 979 2965; x_wconf 85' lang='lat' dir='ltr'>Ciceronem,</span> <span class='ocrx_word' id='word_1_257' title='bbox 999 2905 1082 2955; x_wconf 83' lang='lat' dir='ltr'>etiam</span> <span class='ocrx_word' id='word_1_258' title='bbox 1100 2920 1161 2955; x_wconf 89' lang='lat' dir='ltr'>cum</span> <span class='ocrx_word' id='word_1_259' title='bbox 1174 2910 1305 2969; x_wconf 83' lang='lat' dir='ltr'>praetura</span> <span class='ocrx_word' id='word_1_260' title='bbox 1323 2904 1382 2953; x_wconf 82' lang='lat' dir='ltr'>fuu-</span> 
     </span>
     <span class='ocr_line' id='line_1_29' title="bbox 244 2977 363 3036; baseline -0.008 -16"><span class='ocrx_word' id='word_1_261' title='bbox 244 2977 363 3036; x_wconf 79' lang='lat' dir='ltr'>geretur.</span> 
     </span>
    </p>
   </div>
   <div class='ocr_carea' id='block_1_4' title="bbox 245 3107 478 3126">
    <p class='ocr_par' dir='ltr' id='par_1_5' title="bbox 245 3107 478 3126">
     <span class='ocr_line' id='line_1_30' title="bbox 245 3107 478 3126; baseline -0.009 -9"><span class='ocrx_word' id='word_1_262' title='bbox 245 3107 447 3118; x_wconf 70' lang='lat'>...---—--·</span> <span class='ocrx_word' id='word_1_263' title='bbox 473 3116 478 3126; x_wconf 62' lang='grc' dir='ltr'>Ι</span> 
     </span>
    </p>
   </div>
   <div class='ocr_carea' id='block_1_5' title="bbox 244 3183 1385 3629">
    <p class='ocr_par' dir='ltr' id='par_1_6' title="bbox 244 3183 1385 3629">
     <span class='ocr_line' id='line_1_31' title="bbox 332 3183 1383 3274; baseline -0.001 -20"><span class='ocrx_word' id='word_1_264' title='bbox 332 3204 341 3254; x_wconf 92' lang='lat' dir='ltr'>l</span> <span class='ocrx_word' id='word_1_265' title='bbox 358 3192 527 3271; x_wconf 87' lang='lat' dir='ltr'>ponpouins</span> <span class='ocrx_word' id='word_1_266' title='bbox 544 3195 562 3250; x_wconf 91' lang='lat' dir='ltr'><strong><em>I</em></strong></span> <span class='ocrx_word' id='word_1_267' title='bbox 574 3192 781 3270; x_wconf 86' lang='lat' dir='ltr'>Pompeius¹N</span> <span class='ocrx_word' id='word_1_268' title='bbox 793 3186 806 3274; x_wconf 75' lang='lat' dir='ltr'>ll</span> <span class='ocrx_word' id='word_1_269' title='bbox 820 3183 837 3254; x_wconf 59' lang='grc' dir='ltr'><strong>Ξ</strong></span> <span class='ocrx_word' id='word_1_270' title='bbox 851 3203 886 3252; x_wconf 88' lang='lat' dir='ltr'>nt</span> <span class='ocrx_word' id='word_1_271' title='bbox 897 3194 921 3252; x_wconf 91' lang='lat' dir='ltr'>si</span> <span class='ocrx_word' id='word_1_272' title='bbox 939 3195 968 3252; x_wconf 91' lang='lat' dir='ltr'>ei</span> <span class='ocrx_word' id='word_1_273' title='bbox 985 3215 1001 3253; x_wconf 91' lang='lat' dir='ltr'>e</span> <span class='ocrx_word' id='word_1_274' title='bbox 1016 3190 1105 3273; x_wconf 86' lang='lat' dir='ltr'>rep]</span> <span class='ocrx_word' id='word_1_275' title='bbox 1124 3203 1156 3252; x_wconf 94' lang='lat' dir='ltr'>ut</span> <span class='ocrx_word' id='word_1_276' title='bbox 1172 3194 1271 3253; x_wconf 89' lang='lat' dir='ltr'>eicere</span> <span class='ocrx_word' id='word_1_277' title='bbox 1289 3215 1343 3272; x_wconf 89' lang='lat' dir='ltr'>pre</span> <span class='ocrx_word' id='word_1_278' title='bbox 1361 3197 1383 3253; x_wconf 87' lang='lat'><em>0</em></span> 
     </span>
     <span class='ocr_line' id='line_1_32' title="bbox 246 3274 1382 3360; baseline -0.001 -22"><span class='ocrx_word' id='word_1_279' title='bbox 246 3274 259 3359; x_wconf 83' lang='grc' dir='ltr'>ΙΙ</span> <span class='ocrx_word' id='word_1_280' title='bbox 283 3300 300 3338; x_wconf 92' lang='lat' dir='ltr'>e</span> <span class='ocrx_word' id='word_1_281' title='bbox 320 3299 384 3357; x_wconf 90' lang='lat' dir='ltr'>rep.</span> <span class='ocrx_word' id='word_1_282' title='bbox 416 3280 441 3335; x_wconf 87' lang='lat' dir='ltr'><em>V</em></span> <span class='ocrx_word' id='word_1_283' title='bbox 461 3298 543 3357; x_wconf 88' lang='lat' dir='ltr'>erep.</span> <span class='ocrx_word' id='word_1_284' title='bbox 566 3281 588 3335; x_wconf 83' lang='lat' dir='ltr'><em>G</em></span> <span class='ocrx_word' id='word_1_285' title='bbox 611 3297 628 3335; x_wconf 92' lang='lat' dir='ltr'>e</span> <span class='ocrx_word' id='word_1_286' title='bbox 649 3298 692 3336; x_wconf 91' lang='lat' dir='ltr'>re.</span> <span class='ocrx_word' id='word_1_287' title='bbox 714 3298 742 3355; x_wconf 93' lang='lat' dir='ltr'>p.</span> <span class='ocrx_word' id='word_1_288' title='bbox 765 3282 788 3337; x_wconf 83' lang='lat' dir='ltr'><em>L</em></span> <span class='ocrx_word' id='word_1_289' title='bbox 810 3277 823 3357; x_wconf 77' lang='lat' dir='ltr'>ll</span> <span class='ocrx_word' id='word_1_290' title='bbox 844 3299 903 3338; x_wconf 90' lang='lat' dir='ltr'>non</span> <span class='ocrx_word' id='word_1_291' title='bbox 925 3283 948 3337; x_wconf 86' lang='lat' dir='ltr'><em>L</em></span> <span class='ocrx_word' id='word_1_292' title='bbox 968 3274 981 3360; x_wconf 87' lang='grc' dir='ltr'>ΙΙ</span> <span class='ocrx_word' id='word_1_293' title='bbox 1002 3290 1018 3341; x_wconf 82' lang='lat'><strong>3</strong></span> <span class='ocrx_word' id='word_1_294' title='bbox 1039 3280 1153 3338; x_wconf 85' lang='lat' dir='ltr'>eisdem</span> <span class='ocrx_word' id='word_1_295' title='bbox 1176 3283 1252 3338; x_wconf 83' lang='lat' dir='ltr'>LNG</span> <span class='ocrx_word' id='word_1_296' title='bbox 1266 3279 1382 3337; x_wconf 86' lang='lat' dir='ltr'>hisdem</span> 
     </span>
     <span class='ocr_line' id='line_1_33' title="bbox 247 3356 1379 3446; baseline -0.002 -21"><span class='ocrx_word' id='word_1_297' title='bbox 247 3364 390 3425; x_wconf 86' lang='lat' dir='ltr'>Oiisdem</span> <span class='ocrx_word' id='word_1_298' title='bbox 410 3356 716 3443; x_wconf 75' lang='lat' dir='ltr'>Villinterruptolss</span> <span class='ocrx_word' id='word_1_299' title='bbox 751 3365 821 3424; x_wconf 81' lang='lat' dir='ltr'>-CN</span> <span class='ocrx_word' id='word_1_300' title='bbox 830 3394 836 3407; x_wconf 91' lang='lat'><strong>·</strong></span> <span class='ocrx_word' id='word_1_301' title='bbox 857 3363 1009 3424; x_wconf 69' lang='lat' dir='ltr'>NGCN·</span> <span class='ocrx_word' id='word_1_302' title='bbox 1030 3366 1050 3421; x_wconf 89' lang='lat' dir='ltr'><em>I</em></span> <span class='ocrx_word' id='word_1_303' title='bbox 1058 3364 1125 3425; x_wconf 87' lang='lat' dir='ltr'>GN.</span> <span class='ocrx_word' id='word_1_304' title='bbox 1157 3360 1379 3446; x_wconf 74' lang='lat' dir='ltr'>VLllEnobar·</span> 
     </span>
     <span class='ocr_line' id='line_1_34' title="bbox 245 3442 1382 3592; baseline -0.002 -82"><span class='ocrx_word' id='word_1_305' title='bbox 245 3452 301 3510; x_wconf 85' lang='lat' dir='ltr'>bus</span> <span class='ocrx_word' id='word_1_306' title='bbox 323 3442 405 3592; x_wconf 37' lang='lat' dir='ltr'>ispe</span> <span class='ocrx_word' id='word_1_307' title='bbox 420 3450 463 3507; x_wconf 86' lang='lat' dir='ltr'>ita</span> <span class='ocrx_word' id='word_1_308' title='bbox 477 3450 500 3504; x_wconf 86' lang='lat' dir='ltr'><em>L</em></span> <span class='ocrx_word' id='word_1_309' title='bbox 513 3450 702 3523; x_wconf 81' lang='lat' dir='ltr'>(Pantanus):</span> <span class='ocrx_word' id='word_1_310' title='bbox 719 3450 789 3507; x_wconf 90' lang='lat' dir='ltr'>item</span> <span class='ocrx_word' id='word_1_311' title='bbox 811 3452 909 3508; x_wconf 84' lang='lat' dir='ltr'><em>VNGI</em></span> <span class='ocrx_word' id='word_1_312' title='bbox 921 3470 975 3509; x_wconf 87' lang='lat' dir='ltr'>om.</span> <span class='ocrx_word' id='word_1_313' title='bbox 994 3454 1015 3509; x_wconf 87' lang='lat'><strong><em>0</em></strong></span> <span class='ocrx_word' id='word_1_314' title='bbox 1036 3445 1049 3530; x_wconf 80' lang='grc' dir='ltr'>ΙΙ</span> <span class='ocrx_word' id='word_1_315' title='bbox 1073 3449 1234 3509; x_wconf 84' lang='lat' dir='ltr'>edixerunt</span> <span class='ocrx_word' id='word_1_316' title='bbox 1249 3453 1287 3507; x_wconf 82' lang='lat'>0:</span> <span class='ocrx_word' id='word_1_317' title='bbox 1300 3449 1382 3508; x_wconf 76' lang='lat' dir='ltr'>dixe·</span> 
     </span>
     <span class='ocr_line' id='line_1_35' title="bbox 244 3529 1385 3629; baseline -0.002 -34"><span class='ocrx_word' id='word_1_318' title='bbox 244 3544 312 3596; x_wconf 90' lang='lat' dir='ltr'>runt</span> <span class='ocrx_word' id='word_1_319' title='bbox 336 3538 361 3593; x_wconf 85' lang='lat' dir='ltr'><em>V</em></span> <span class='ocrx_word' id='word_1_320' title='bbox 385 3537 456 3592; x_wconf 87' lang='lat' dir='ltr'>NGI</span> <span class='ocrx_word' id='word_1_321' title='bbox 468 3529 481 3613; x_wconf 74' lang='lat' dir='ltr'>ll</span> <span class='ocrx_word' id='word_1_322' title='bbox 495 3534 543 3592; x_wconf 91' lang='lat' dir='ltr'>Ne</span> <span class='ocrx_word' id='word_1_323' title='bbox 559 3534 764 3592; x_wconf 89' lang='lat' dir='ltr'>renuntiatum</span> <span class='ocrx_word' id='word_1_324' title='bbox 782 3537 800 3592; x_wconf 85' lang='lat' dir='ltr'><em>I</em></span> <span class='ocrx_word' id='word_1_325' title='bbox 815 3535 863 3594; x_wconf 89' lang='lat' dir='ltr'>Ne</span> <span class='ocrx_word' id='word_1_326' title='bbox 878 3532 1033 3594; x_wconf 79' lang='lat' dir='ltr'>renueiatd</span> <span class='ocrx_word' id='word_1_327' title='bbox 1060 3537 1083 3593; x_wconf 81' lang='lat' dir='ltr'><em>V</em></span> <span class='ocrx_word' id='word_1_328' title='bbox 1096 3534 1163 3593; x_wconf 86' lang='lat' dir='ltr'>Noe</span> <span class='ocrx_word' id='word_1_329' title='bbox 1182 3534 1385 3629; x_wconf 70' lang='lat' dir='ltr'>renuntiatum</span> 
     </span>
    </p>
   </div>
   <div class='ocr_carea' id='block_1_6' title="bbox 955 3647 1096 3740">
    <p class='ocr_par' dir='ltr' id='par_1_7' title="bbox 955 3647 1096 3740">
     <span class='ocr_line' id='line_1_36' title="bbox 955 3647 1096 3689; baseline -0.014 0"><span class='ocrx_word' id='word_1_330' title='bbox 955 3671 962 3677; x_wconf 91' lang='lat'><em>·</em></span> <span class='ocrx_word' id='word_1_331' title='bbox 992 3649 1015 3689; x_wconf 75' lang='lat' dir='ltr'>‘l‘</span> <span class='ocrx_word' id='word_1_332' title='bbox 1032 3647 1096 3689; x_wconf 75' lang='lat' dir='ltr'>latine</span> 
     </span>
     <span class='ocr_line' id='line_1_37' title="bbox 1063 3711 1087 3740; baseline -0.042 0"><span class='ocrx_word' id='word_1_333' title='bbox 1063 3711 1087 3740; x_wconf 81' lang='lat' dir='ltr'>os</span> 
     </span>
    </p>
   </div>
   <div class='ocr_carea' id='block_1_7' title="bbox 244 3749 1385 3838">
    <p class='ocr_par' dir='ltr' id='par_1_8' title="bbox 244 3749 1385 3838">
     <span class='ocr_line' id='line_1_38' title="bbox 244 3749 1385 3838; baseline -0.001 -23"><span class='ocrx_word' id='word_1_334' title='bbox 244 3760 299 3815; x_wconf 83' lang='lat' dir='ltr'>LN</span> <span class='ocrx_word' id='word_1_335' title='bbox 322 3774 384 3816; x_wconf 76' lang='lat' dir='ltr'>usu</span> <span class='ocrx_word' id='word_1_336' title='bbox 405 3756 607 3813; x_wconf 88' lang='lat' dir='ltr'>renuntiatum</span> <span class='ocrx_word' id='word_1_337' title='bbox 630 3759 877 3817; x_wconf 78' lang='lat' dir='ltr'>Grennneiatum</span> <span class='ocrx_word' id='word_1_338' title='bbox 898 3751 949 3838; x_wconf 72' lang='lat' dir='ltr'>Ol}</span> <span class='ocrx_word' id='word_1_339' title='bbox 963 3764 979 3818; x_wconf 89' lang='grc'><strong>7</strong></span> <span class='ocrx_word' id='word_1_340' title='bbox 994 3757 1089 3835; x_wconf 77' lang='lat' dir='ltr'>latine</span> <span class='ocrx_word' id='word_1_341' title='bbox 1104 3758 1133 3813; x_wconf 99' lang='lat' dir='ltr'><em>N</em></span> <span class='ocrx_word' id='word_1_342' title='bbox 1151 3755 1262 3815; x_wconf 86' lang='lat' dir='ltr'>latinos</span> <span class='ocrx_word' id='word_1_343' title='bbox 1280 3759 1302 3814; x_wconf 82' lang='lat'><strong><em>0</em></strong></span> <span class='ocrx_word' id='word_1_344' title='bbox 1317 3749 1385 3816; x_wconf 75' lang='lat' dir='ltr'>litti-</span> 
     </span>
    </p>
   </div>
   <div class='ocr_carea' id='block_1_8' title="bbox 244 3841 1466 4006">
    <p class='ocr_par' dir='ltr' id='par_1_9' title="bbox 244 3841 1466 4006">
     <span class='ocr_line' id='line_1_39' title="bbox 244 3841 1466 3927; baseline -0.002 -26"><span class='ocrx_word' id='word_1_345' title='bbox 244 3863 300 3901; x_wconf 90' lang='lat' dir='ltr'>nos</span> <span class='ocrx_word' id='word_1_346' title='bbox 320 3862 397 3901; x_wconf 87' lang='lat' dir='ltr'>corr.</span> <span class='ocrx_word' id='word_1_347' title='bbox 414 3858 453 3898; x_wconf 81' lang='lat' dir='ltr'>ex</span> <span class='ocrx_word' id='word_1_348' title='bbox 471 3841 581 3898; x_wconf 88' lang='lat' dir='ltr'>latine·</span> <span class='ocrx_word' id='word_1_349' title='bbox 602 3845 664 3899; x_wconf 78' lang='lat' dir='ltr'>aG</span> <span class='ocrx_word' id='word_1_350' title='bbox 684 3842 794 3918; x_wconf 71' lang='lat' dir='ltr'>(temp.</span> <span class='ocrx_word' id='word_1_351' title='bbox 811 3863 847 3899; x_wconf 86' lang='lat' dir='ltr'>m.</span> <span class='ocrx_word' id='word_1_352' title='bbox 868 3861 926 3901; x_wconf 85' lang='lat' dir='ltr'>rec.</span> <span class='ocrx_word' id='word_1_353' title='bbox 955 3842 998 3922; x_wconf 72' lang='lat'>2·</span> <span class='ocrx_word' id='word_1_354' title='bbox 1018 3841 1384 3914; x_wconf 84' lang='lat' dir='ltr'>latine)Latineseilicet</span> <span class='ocrx_word' id='word_1_355' title='bbox 1462 3914 1466 3927; x_wconf 87' lang='lat'>.</span> 
     </span>
     <span class='ocr_line' id='line_1_40' title="bbox 252 3920 1384 4006; baseline -0.003 -20"><span class='ocrx_word' id='word_1_356' title='bbox 252 3930 298 3986; x_wconf 81' lang='lat' dir='ltr'>VL</span> <span class='ocrx_word' id='word_1_357' title='bbox 318 3927 437 3987; x_wconf 74' lang='lat' dir='ltr'>detine.</span> <span class='ocrx_word' id='word_1_358' title='bbox 455 3928 510 3984; x_wconf 84' lang='lat' dir='ltr'>sI</span> <span class='ocrx_word' id='word_1_359' title='bbox 527 3920 540 4006; x_wconf 82' lang='grc' dir='ltr'>ΙΙ</span> <span class='ocrx_word' id='word_1_360' title='bbox 562 3924 693 3984; x_wconf 89' lang='lat' dir='ltr'>rhetora.</span> <span class='ocrx_word' id='word_1_361' title='bbox 713 3930 742 3985; x_wconf 87' lang='lat' dir='ltr'><em>N</em></span> <span class='ocrx_word' id='word_1_362' title='bbox 752 3928 874 3987; x_wconf 86' lang='lat' dir='ltr'>rhetora</span> <span class='ocrx_word' id='word_1_363' title='bbox 890 3930 930 3994; x_wconf 81' lang='lat' dir='ltr'>(iu</span> <span class='ocrx_word' id='word_1_364' title='bbox 951 3934 1024 4003; x_wconf 80' lang='lat' dir='ltr'>rar.)</span> <span class='ocrx_word' id='word_1_365' title='bbox 1037 3926 1229 3986; x_wconf 60' lang='lat' dir='ltr'>»hetesieeG</span> <span class='ocrx_word' id='word_1_366' title='bbox 1248 3925 1384 3985; x_wconf 82' lang='lat' dir='ltr'>rethores</span> 
     </span>
    </p>
   </div>
   <div class='ocr_carea' id='block_1_9' title="bbox 244 4004 1386 4299">
    <p class='ocr_par' dir='ltr' id='par_1_10' title="bbox 244 4004 1386 4299">
     <span class='ocr_line' id='line_1_41' title="bbox 244 4004 1384 4093; baseline -0.003 -21"><span class='ocrx_word' id='word_1_367' title='bbox 244 4014 265 4072; x_wconf 88' lang='lat' dir='ltr'><strong><em>I</em></strong></span> <span class='ocrx_word' id='word_1_368' title='bbox 276 4008 289 4093; x_wconf 78' lang='grc' dir='ltr'>ΙΙ</span> <span class='ocrx_word' id='word_1_369' title='bbox 305 4011 362 4077; x_wconf 87' lang='lat' dir='ltr'>sibi</span> <span class='ocrx_word' id='word_1_370' title='bbox 379 4014 430 4070; x_wconf 83' lang='lat' dir='ltr'>NG</span> <span class='ocrx_word' id='word_1_371' title='bbox 444 4010 502 4071; x_wconf 84' lang='lat' dir='ltr'>sibi</span> <span class='ocrx_word' id='word_1_372' title='bbox 519 4013 541 4069; x_wconf 89' lang='lat'><em>0</em></span> <span class='ocrx_word' id='word_1_373' title='bbox 557 4004 571 4091; x_wconf 76' lang='lat' dir='ltr'>ll</span> <span class='ocrx_word' id='word_1_374' title='bbox 586 4009 823 4071; x_wconf 87' lang='lat' dir='ltr'>adolescentulis</span> <span class='ocrx_word' id='word_1_375' title='bbox 845 4015 869 4071; x_wconf 86' lang='lat' dir='ltr'><em>V</em></span> <span class='ocrx_word' id='word_1_376' title='bbox 883 4012 1128 4072; x_wconf 84' lang='lat' dir='ltr'>adulescentulos</span> <span class='ocrx_word' id='word_1_377' title='bbox 1145 4014 1188 4070; x_wconf 86' lang='lat' dir='ltr'>OI</span> <span class='ocrx_word' id='word_1_378' title='bbox 1206 4006 1221 4092; x_wconf 85' lang='grc' dir='ltr'>ΙΙ</span> <span class='ocrx_word' id='word_1_379' title='bbox 1240 4019 1257 4073; x_wconf 84' lang='lat'>9</span> <span class='ocrx_word' id='word_1_380' title='bbox 1271 4012 1384 4073; x_wconf 79' lang='lat' dir='ltr'>intrare</span> 
     </span>
     <span class='ocr_line' id='line_1_42' title="bbox 246 4108 1386 4202; baseline 0 -32"><span class='ocrx_word' id='word_1_381' title='bbox 246 4115 297 4171; x_wconf 86' lang='grc' dir='ltr'>ΝΟ</span> <span class='ocrx_word' id='word_1_382' title='bbox 313 4112 402 4202; x_wconf 52' lang='lat' dir='ltr'>ltIare</span> <span class='ocrx_word' id='word_1_383' title='bbox 419 4109 469 4194; x_wconf 72' lang='lat' dir='ltr'>GH</span> <span class='ocrx_word' id='word_1_384' title='bbox 483 4113 572 4172; x_wconf 91' lang='lat' dir='ltr'>hocI</span> <span class='ocrx_word' id='word_1_385' title='bbox 583 4110 596 4193; x_wconf 68' lang='lat' dir='ltr'>ll</span> <span class='ocrx_word' id='word_1_386' title='bbox 616 4125 647 4175; x_wconf 83' lang='grc'>10</span> <span class='ocrx_word' id='word_1_387' title='bbox 661 4113 797 4191; x_wconf 67' lang='lat' dir='ltr'>pret-erl}</span> <span class='ocrx_word' id='word_1_388' title='bbox 812 4108 825 4196; x_wconf 76' lang='lat' dir='ltr'>ll</span> <span class='ocrx_word' id='word_1_389' title='bbox 845 4125 872 4176; x_wconf 83' lang='lat' dir='ltr'>ll</span> <span class='ocrx_word' id='word_1_390' title='bbox 890 4111 951 4192; x_wconf 79' lang='lat' dir='ltr'>his]</span> <span class='ocrx_word' id='word_1_391' title='bbox 966 4114 979 4172; x_wconf 74' lang='lat' dir='ltr'>i</span> <span class='ocrx_word' id='word_1_392' title='bbox 993 4114 1032 4191; x_wconf 87' lang='lat' dir='ltr'>ijs</span> <span class='ocrx_word' id='word_1_393' title='bbox 1051 4111 1158 4188; x_wconf 81' lang='lat' dir='ltr'>Vinijs</span> <span class='ocrx_word' id='word_1_394' title='bbox 1176 4117 1204 4172; x_wconf 88' lang='lat' dir='ltr'><em>N</em></span> <span class='ocrx_word' id='word_1_395' title='bbox 1217 4114 1247 4172; x_wconf 90' lang='lat' dir='ltr'>in</span> <span class='ocrx_word' id='word_1_396' title='bbox 1263 4113 1299 4171; x_wconf 82' lang='lat' dir='ltr'>iis</span> <span class='ocrx_word' id='word_1_397' title='bbox 1319 4115 1363 4171; x_wconf 80' lang='lat' dir='ltr'>Gi</span> <span class='ocrx_word' id='word_1_398' title='bbox 1375 4115 1386 4170; x_wconf 84' lang='lat' dir='ltr'>i</span> 
     </span>
     <span class='ocr_line' id='line_1_43' title="bbox 245 4209 1384 4299; baseline -0.001 -26"><span class='ocrx_word' id='word_1_399' title='bbox 245 4215 283 4273; x_wconf 83' lang='lat' dir='ltr'>iis</span> <span class='ocrx_word' id='word_1_400' title='bbox 301 4215 369 4272; x_wconf 88' lang='lat' dir='ltr'>Lin</span> <span class='ocrx_word' id='word_1_401' title='bbox 389 4215 436 4273; x_wconf 88' lang='lat' dir='ltr'>his</span> <span class='ocrx_word' id='word_1_402' title='bbox 453 4216 475 4272; x_wconf 90' lang='lat'><strong><em>0</em></strong></span> <span class='ocrx_word' id='word_1_403' title='bbox 491 4217 505 4293; x_wconf 84' lang='grc' dir='ltr'>Η</span> <span class='ocrx_word' id='word_1_404' title='bbox 523 4223 552 4275; x_wconf 74' lang='lat'>12</span> <span class='ocrx_word' id='word_1_405' title='bbox 566 4215 624 4291; x_wconf 87' lang='lat' dir='ltr'>his]</span> <span class='ocrx_word' id='word_1_406' title='bbox 643 4216 679 4274; x_wconf 85' lang='lat' dir='ltr'>iis</span> <span class='ocrx_word' id='word_1_407' title='bbox 702 4218 819 4275; x_wconf 74' lang='lat' dir='ltr'>Vrec]</span> <span class='ocrx_word' id='word_1_408' title='bbox 831 4216 901 4294; x_wconf 85' lang='lat' dir='ltr'>inijs</span> <span class='ocrx_word' id='word_1_409' title='bbox 920 4219 949 4274; x_wconf 87' lang='grc' dir='ltr'><em>Ν</em></span> <span class='ocrx_word' id='word_1_410' title='bbox 959 4209 974 4299; x_wconf 69' lang='grc' dir='ltr'>ΙΙ</span> <span class='ocrx_word' id='word_1_411' title='bbox 990 4225 1171 4274; x_wconf 85' lang='lat' dir='ltr'>consuerunt</span> <span class='ocrx_word' id='word_1_412' title='bbox 1195 4218 1241 4274; x_wconf 70' lang='lat'>1⁷0</span> <span class='ocrx_word' id='word_1_413' title='bbox 1258 4234 1384 4273; x_wconf 86' lang='lat' dir='ltr'>eonsue-</span> 
     </span>
    </p>
   </div>
   <div class='ocr_carea' id='block_1_10' title="bbox 245 4294 1384 4468">
    <p class='ocr_par' dir='ltr' id='par_1_11' title="bbox 245 4294 1384 4468">
     <span class='ocr_line' id='line_1_44' title="bbox 245 4294 1384 4384; baseline 0 -27"><span class='ocrx_word' id='word_1_414' title='bbox 245 4308 355 4359; x_wconf 91' lang='lat' dir='ltr'>nerunt</span> <span class='ocrx_word' id='word_1_415' title='bbox 367 4294 459 4359; x_wconf 75' lang='lat' dir='ltr'><em>NGIL</em></span> <span class='ocrx_word' id='word_1_416' title='bbox 475 4301 487 4378; x_wconf 63' lang='grc' dir='ltr'><strong><em>Η</em></strong></span> <span class='ocrx_word' id='word_1_417' title='bbox 502 4299 697 4371; x_wconf 70' lang='lat' dir='ltr'>facitundum</span> <span class='ocrx_word' id='word_1_418' title='bbox 719 4295 769 4383; x_wconf 75' lang='lat' dir='ltr'>Vll</span> <span class='ocrx_word' id='word_1_419' title='bbox 786 4308 959 4381; x_wconf 68' lang='lat' dir='ltr'>mnostrum</span> <span class='ocrx_word' id='word_1_420' title='bbox 975 4300 1154 4380; x_wconf 83' lang='lat' dir='ltr'>seutentiam</span> <span class='ocrx_word' id='word_1_421' title='bbox 1169 4304 1190 4359; x_wconf 93' lang='lat' dir='ltr'><em>G</em></span> <span class='ocrx_word' id='word_1_422' title='bbox 1206 4295 1219 4384; x_wconf 76' lang='grc' dir='ltr'>ΙΙ</span> <span class='ocrx_word' id='word_1_423' title='bbox 1235 4308 1267 4363; x_wconf 72' lang='lat' dir='ltr'>lt</span> <span class='ocrx_word' id='word_1_424' title='bbox 1284 4308 1314 4359; x_wconf 91' lang='lat' dir='ltr'>et</span> <span class='ocrx_word' id='word_1_425' title='bbox 1329 4320 1384 4359; x_wconf 88' lang='lat' dir='ltr'>om.</span> 
     </span>
     <span class='ocr_line' id='line_1_45' title="bbox 245 4378 715 4468; baseline 0.002 -25"><span class='ocrx_word' id='word_1_426' title='bbox 245 4388 265 4443; x_wconf 86' lang='grc' dir='ltr'><em>Ι</em></span> <span class='ocrx_word' id='word_1_427' title='bbox 276 4380 289 4468; x_wconf 79' lang='lat' dir='ltr'>ll</span> <span class='ocrx_word' id='word_1_428' title='bbox 306 4394 337 4447; x_wconf 83' lang='grc'>15</span> <span class='ocrx_word' id='word_1_429' title='bbox 353 4385 478 4465; x_wconf 88' lang='lat' dir='ltr'>presidii</span> <span class='ocrx_word' id='word_1_430' title='bbox 500 4378 549 4466; x_wconf 77' lang='lat' dir='ltr'>Vll</span> <span class='ocrx_word' id='word_1_431' title='bbox 567 4405 674 4445; x_wconf 84' lang='lat' dir='ltr'>caussa</span> <span class='ocrx_word' id='word_1_432' title='bbox 693 4390 715 4444; x_wconf 84' lang='lat' dir='ltr'><em>L</em></span> 
     </span>
    </p>
   </div>
   <div class='ocr_carea' id='block_1_11' title="bbox 0 0 1608 4992">
    <p class='ocr_par' dir='ltr' id='par_1_12' title="bbox 0 0 1608 4992">
     <span class='ocr_line' id='line_1_46' title="bbox 0 0 1608 4992; baseline 0 0"><span class='ocrx_word' id='word_1_433' title='bbox 0 0 1608 4992; x_wconf 95' lang='lat' dir='ltr'> </span> 
     </span>
    </p>
   </div>
  </div>
 </body>
</html>
