3186 4996
221 409 282 453 mu
467 401 469 405 ’
717 402 883 463 5555555

290 558 360 622 Peg.
381 553 414 606 16
432 555 467 606 56
490 554 554 605 565.
578 568 637 619 sup.
662 553 735 618 inp.
757 551 800 613 13,
819 550 836 602 9
852 578 886 587 -
903 568 928 617 p.
951 550 995 613 15,
1019 551 1036 600 t
1058 550 1129 603 5565
1144 548 1365 601 Commentatori

223 642 326 707 Cruqui
338 640 455 691 Acronis
471 640 502 689 in
519 637 600 687 eund.
618 637 718 687 Horati
734 653 806 688 vers.
824 636 1025 687 testimonium:
1049 634 1236 710 ‘praetextam
1253 636 1365 700 quidam

223 728 319 778 dicunt
331 724 517 790 tragoediam,
532 723 702 773 comoediam
715 726 848 787 togatam.
874 719 1027 771 aliiautcm
1043 719 1139 770 dicunt
1150 724 1323 785 praetextam
1336 724 1366 770 et

222 815 347 875 togatam
367 808 523 860 comoedias
542 821 616 870 esse,
636 806 686 856 sed
702 810 814 870 togatas
831 806 861 854 in
880 805 977 869 quibus
991 805 1100 855 Graece
1117 809 1280 870 argumenta
1292 809 1364 866 sunt,
1408 804 1411 805 ⁷

221 896 251 945 in
274 895 372 960 quibus
390 893 493 943 Latina
511 896 680 958 praetextas.
717 896 745 940 et
767 894 879 961 togatas
896 888 991 939 Aelius
1008 888 1107 939 Lamia
1124 889 1259 938 Antonius
1277 888 1365 939 Rufus

224 979 276 1032 05.
294 976 375 1042 (muno
393 976 437 1041 G.)
449 975 579 1026 Melissus
591 975 722 1025 Afranius
741 973 808 1037 (cod.
830 974 912 1037 0555.
926 972 1084 1034 Africanus)
1097 973 1262 1039 Pomponius
1280 975 1366 1038 scrip·

222 1068 326 1114 serunt.
362 1060 565 1112 comoediarum
584 1074 688 1124 genera
705 1064 769 1109 5551
786 1074 848 1110 sex:
884 1058 1002 1109 stataria
1019 1059 1138 1109 motoria
1158 1062 1305 1124 praetexta
1320 1062 1366 1107 15-

222 1148 353 1201 bernaria
371 1150 469 1211 togata
485 1143 626 1210 palliata*

293 1247 337 1308 16,
363 1246 394 1297 10
416 1245 519 1297 155555
542 1248 605 1312 post
629 1245 790 1311 philosophia
811 1245 853 1295 sic
877 1243 1012 1311 explenda
1035 1248 1109 1297 erate
1145 1250 1172 1293 at
1191 1250 1311 1309 poemata
1332 1246 1365 1295 de

222 1339 316 1384 natura
332 1348 425 1382 reram.

291 1416 336 1479 17,
355 1414 372 1465 9
390 1415 424 1464 65
442 1430 514 1465 novo
526 1414 648 1464 Enniani
667 1415 797 1465 carminis
814 1413 907 1464 156155
921 1413 1060 1479 disputavi
1078 1412 1107 1462 in
1118 1408 1299 1463 Fleckeiseni
1318 1428 1365 1463 55-

223 1501 278 1554 551.
301 1497 366 1550 1859
383 1516 409 1566 p.
430 1498 524 1565 15755.

290 1584 324 1635 ²5
342 1585 404 1635 565.
424 1599 482 1650 sup.
502 1584 537 1634 55
555 1583 654 1648 fragm.
673 1580 711 1632 b*
729 1581 949 1633 51111155151155
968 1596 1063 1634 comm.
1082 1581 1112 1631 in
1129 1596 1156 1632 v.
1169 1581 1202 1632 T.
1219 1597 1246 1647 p.
1258 1579 1317 1636 497.

290 1667 337 1732 tt,
357 1669 420 1733 2sq.
440 1668 476 1719 51.
495 1668 568 1718 idem
586 1666 697 1717 ibidem.

289 1753 336 1816 40,
358 1754 370 1803 l
389 1768 492 1820 repono
517 1752 743 1817 eBongsrsisno
769 1752 796 1802 0.
818 1751 950 1815 05555515
982 1751 1054 1815 5556
1076 1765 1187 1818 prorsus
1210 1751 1365 1802 inconsulto

222 1840 366 1905 temptavi.

289 1923 336 1984 45,
355 1920 373 1971 6
390 1921 566 1972 scribendum
584 1921 653 1971 6555
670 1925 749 1987 saepis
768 1924 793 1970 ta
810 1921 923 1982 tudiciis,
950 1922 1072 1970 extremis
1090 1920 1366 1986 interpretamentum
1429 1904 1432 1910 ’

222 2006 435 2075 5555115515555
453 2006 571 2057 videtur.
607 2006 644 2055 51.
663 2020 690 2070 p,
709 2002 767 2056 390.

289 2106 336 2170 16,
355 2108 440 2173 7555.
465 2107 528 2157 adn.
553 2120 612 2173 sup.
636 2121 708 2156 vers.
728 2105 744 2156 5
769 2105 885 2156 emenda
908 2123 923 2155 e
942 2105 1001 2156 cod.
1022 2105 1113 2156 Guelt.
1138 2105 1178 2169 (et
1193 2105 1363 2169 Monacensi,

223 2192 269 2257 qui
286 2192 356 2243 nodtt
374 2207 526 2258 suprascr.
545 2209 561 2241 a
579 2190 706 2257 praebet)
726 2194 797 2240 55111.
816 2190 918 2240 ibidem
936 2205 1008 2241 vers.
1026 2190 1042 2239 7
1061 2190 1150 2240 scribe
1170 2206 1185 2241 e
1203 2190 1366 2241 Monacensi

222 2283 247 2326 et
264 2292 300 2328 ecc
316 2277 356 2327 to
372 2276 493 2327 aeratus.

289 2376 323 2428 56
341 2378 405 2428 565.
424 2392 483 2444 sup.
502 2376 538 2427 56
555 2394 583 2443 p.
601 2376 649 2440 50,
667 2378 692 2432 A.
710 2376 758 2441 51,
781 2376 819 2427 12.
841 2375 880 2428 16.
898 2377 944 2437 52,
962 2377 988 2428 2.
1008 2375 1044 2427 51.
1064 2393 1090 2442 p.
1110 2374 1168 2428 386.

288 2479 336 2538 51,
356 2479 388 2530 15
405 2480 493 2529 rerba
510 2494 587 2545 usqne
606 2494 636 2529 eo
659 2481 833 2543 intemperans
852 2486 880 2529 ut
899 2480 1020 2531 05555515
1043 2479 1260 2543 capat'proaimo
1278 2481 1366 2544 551555

221 2566 331 2616 iactaret
345 2565 425 2629 gravi
443 2563 524 2613 turba
537 2563 639 2613 affecta
656 2568 728 2613 sunt.
759 2579 823 2613 nam
841 2564 957 2629 primum
969 2579 1025 2613 non
1042 2563 1216 2628 intellegitur
1229 2563 1294 2628 quid
1312 2564 1367 2615 sibi

220 2649 309 2700 velint
325 2648 397 2698 h'aec
412 2648 532 2698 Caesaris
550 2654 625 2713 caput
638 2651 750 2710 iactare,
771 2648 871 2698 deinde
889 2653 988 2698 iactare
1006 2663 1153 2713 numquam
1170 2663 1226 2700 noa
1239 2648 1366 2699 absolute

220 2738 381 2798 usurpatum
411 2736 549 2798 postremo
565 2736 686 2796 praa-buo
705 2747 760 2781 non
774 2736 816 2781 est
832 2731 871 2798 τῷ
890 2723 1020 2798 τυχόντι,
1041 2732 1111 2797 5556
1126 2733 1242 2797 proximi
1258 2747 1367 2798 semper

220 2817 345 2867 homines
367 2817 397 2866 in
420 2817 545 2866 intimam
570 2815 722 2866 amicitiam
747 2816 859 2866 admissi
882 2815 1019 2866 dicuntur.
1056 2815 1213 2866 emendatio
1236 2822 1315 2867 certa
1336 2817 1366 2867 in

221 2906 347 2968 promptu
364 2916 420 2952 non
438 2906 494 2960 est,
513 2904 629 2967 possunt
646 2901 720 2951 enim
738 2901 824 2951 multa
836 2901 1068 2966 intemperantiae
1081 2900 1190 2951 Imeaui
1207 2901 1365 2953 51555055-

212 2987 292 3037 55515
316 2991 401 3052 caput
425 2986 552 3052 exempla
571 2986 739 3051 excogitari,
763 2991 795 3036 51
810 2985 877 3037 hoc:
907 2992 935 3036 at
949 2987 1069 3037 Caesaris
1086 2993 1162 3051 capet
1178 2989 1327 3050 promisisse
1337 3004 1366 3040 se

219 3086 269 3135 pro
286 3073 364 3121 xenio
382 3072 482 3121 ceddam
499 3075 617 3121 iactaret.
702 3096 717 3116 ι

288 3154 334 3217 83,
356 3157 369 3207 1
389 3140 502 3220 praeter
519 3157 692 3205 notationem
710 3155 957 3219 Hieronymianam
982 3154 1030 3219 (51.
1050 3155 1112 3206 555.
1132 3170 1192 3222 sup.
1212 3156 1365 3227 5615555.

220 3235 285 3304 62’)
309 3240 411 3290 5515115
436 3254 523 3289 annus
548 3255 600 3305 quo
623 3238 712 3289 Pollio
735 3240 806 3290 obiit
829 3240 917 3291 falsus
941 3245 991 3291 est.
1030 3240 1065 3290 51.
1089 3241 1204 3291 ’1551155
1228 3240 1294 3290 6151.
1319 3242 1364 3292 34:

222 3328 305 3373 ‘nono
324 3324 430 3374 decimo
449 3324 556 3374 5515115
581 3340 653 3374 5555
671 3324 705 3374 L.
725 3322 840 3375 Crassus
859 3326 889 3375 0.
910 3324 1079 3388 Carbonem,
1102 3340 1157 3376 uno
1181 3330 1210 3376 et
1231 3326 1364 3376 uicesimo

221 3408 326 3459 Caesar
343 3407 541 3472 Dolabellam,
554 3407 641 3459 altero
661 3414 690 3458 51
707 3409 839 3460 uicesimo
856 3410 969 3460 Asinius
984 3409 1073 3461 Pollio
1093 3410 1123 3461 0.
1143 3410 1291 3475 Catonem,
1310 3426 1365 3461 non

220 3492 333 3543 multum
352 3498 445 3544 aetate
464 3492 753 3544 antecedens·Calvus
765 3496 907 3546 Vatinium
925 3495 962 3546 iis
980 3495 1150 3547 emtionibus
1163 3496 1282 3547 15555511
1301 3491 1366 3547 sunt

221 3593 289 3644 quas
307 3578 389 3629 hodie
407 3593 514 3644 555555
533 3593 594 3628 cum
613 3578 796 3629 admiratione
818 3579 958 3645 leffl'musst
993 3595 1058 3630 nam
1082 3579 1112 3629 0.
1135 3582 1263 3632 Porcium
1281 3581 1364 3633 0515-

220 3679 283 3713 nem
301 3662 392 3714 Pollio
411 3664 557 3715 accusavit
575 3678 600 3712 5.
620 3678 646 3713 5.
665 3660 723 3713 760.
743 3664 783 3713 51.
795 3663 894 3715 Cicero
914 3665 948 3715 ad
966 3664 1022 3714 Att.
1041 3665 1071 3726 4,
1094 3663 1132 3713 15.
1154 3663 1192 3714 16.
1214 3664 1253 3715 17.
1280 3670 1364 3715 55155

220 3748 306 3813 igitur
319 3754 379 3798 erat
393 3765 418 3799 5.
428 3746 488 3798 678.
507 3748 604 3813 555651
616 3763 690 3798 5555
702 3746 752 3797 764
761 3747 895 3812 decessit,
910 3749 1029 3800 decessit
1038 3748 1192 3799 LXXXVII
1201 3765 1255 3798 non
1264 3749 1365 3799 LXXX

221 3832 323 3884 5515115
335 3847 402 3883 5555
416 3848 496 3884 5555.
523 3837 605 3898 51555
624 3834 781 3883 nominatur
798 3834 909 3884 Asinius
923 3850 940 3884 a
951 3832 1063 3885 Valerio
1076 3832 1197 3883 Maximo
1209 3832 1277 3884 VIII
1292 3833 1335 3897 13,
1349 3835 1366 3882 4

221 3919 369 3968 ‘nervosae
388 3918 550 3968 vivacitatis
569 3917 744 3983 exemplum)
781 3924 928 3984 praeterea
946 3918 1016 3968 adde
1033 3917 1200 3969 testimoniis
1219 3918 1253 3968 dc
1271 3917 1365 3968 Asinio

219 4000 347 4053 Pollione
366 4000 439 4066 (565.
460 4017 519 4068 sup.
545 4002 581 4053 55
604 4003 703 4069 fragm.
722 4001 785 4067 59⁴²)
805 4004 873 4052 ’155
892 4001 958 4052 dial.
976 4000 1024 4053 38:
1062 4002 1148 4067 ‘quod
1171 4004 1261 4053 maius
1285 4017 1364 4068 argn-

219 4091 342 4137 mentum
361 4092 403 4138 est
421 4103 501 4153 quam
528 4089 721 4153 5556555555
746 4086 974 4148 centumvirales,
999 4102 1070 4151 5555
1093 4101 1165 4137 5555
1182 4088 1299 4152 primum
1318 4087 1365 4137 ob-

221 4172 313 4222 tinent
324 4172 430 4234 locum,
450 4173 520 4224 adeo
538 4172 683 4238 splendore
697 4173 814 4222 aliorum
827 4171 989 4221 iudiciorum
1008 4171 1208 4234 obruebantur,
1229 4176 1364 4237 utusque
1445 4240 1454 4247 ⁶

220 4255 365 4308 Ciceronis
388 4272 478 4321 neque
497 4257 627 4308 Caesaris
650 4272 739 4322 neque
758 4257 837 4305 Bruti
859 4271 948 4320 neque
967 4253 1060 4306 Caelii
1082 4255 1286 4338 55555051512
1310 4272 1366 4306 555

221 4341 338 4406 5551555
362 4341 444 4391 511155
466 4342 560 4407 magni
583 4343 699 4392 oratoris
721 4341 793 4390 iiber
816 4339 889 4405 apud
918 4341 1101 4391 centumviros
1124 4340 1216 4391 615155
1242 4340 1363 4406 legatur,

222 4425 346 4492 exceptis
368 4426 539 4476 orationibus
562 4426 652 4476 Asinii
676 4440 746 4491 quae
768 4424 987 4490 proheredibus
1010 4425 1144 4503 Vrbiniae
1167 4426 1363 4489 inscribuntur,
