3220 5022
241 381 304 443 334
519 391 714 433 enrunonvu
738 390 904 431 urnaouvu
928 390 1104 438 aaarovma

241 539 332 603 dotes
353 537 493 623 publici,
513 536 584 600 XII
603 533 746 600 Kalend.
768 533 975 620 Septembres
999 533 1119 598 flamen
1143 531 1324 613 Quirinalis
1352 541 1386 595 et

231 639 404 721 ‘Virginea
443 637 562 701 dehinc
584 636 671 699 idem
693 633 850 699 Romulus
865 635 938 699 Ioui
959 635 1108 699 Feretrio
1127 634 1221 698 ludos
1244 633 1386 698 instituit

240 741 275 803 in
294 738 452 823 Tarpeio,
481 759 561 823 quos
583 736 742 821 Tarpeios
765 714 869 800 dibtos
892 745 924 800 et
947 735 1149 821 Capitolinos
1172 734 1250 797 Piso
1272 733 1383 797 tradit.

240 849 314 928 post
335 840 422 903 hune
443 838 551 903 Numa
573 836 752 922 Pompilius
777 836 876 901 Marti
899 846 931 900 et
953 837 1110 921 Robigini
1133 836 1221 900 feeit.
1267 835 1385 898 dehine

240 940 356 1005 Tullus
379 938 559 1021 Hostilius3
583 937 701 1002 dehinc
722 938 835 1002 Ancus
854 937 994 1001 Martius
1016 946 1049 1000 et
1068 938 1177 1001 ceteri.
1223 938 1279 1022 qui
1301 954 1406 1021 quous
1428 954 1429 957 ¹

241 1065 344 1129 quem»
358 1062 418 1127 per
443 1038 589 1104 ordinem
612 1037 785 1124 atquibus
808 1037 904 1101 idolis
931 1037 1026 1101 ludos
1050 1039 1266 1119 instituerint,
1298 1039 1384 1123 posi·

239 1153 307 1208 tunt
336 1151 388 1206 est
416 1140 504 1226 apud
535 1138 727 1203 Suetonium
756 1137 986 1223 Tranquillum
1013 1139 1065 1203 uel
1092 1160 1112 1202 a
1139 1138 1259 1224 quibus
1282 1137 1385 1203 Tran-

242 1244 362 1332 quillus
385 1240 523 1327 accepit.

118 1427 240 1501 186**
327 1428 466 1496 Accedit
488 1425 530 1489 ad
549 1426 771 1489 testimonium
794 1425 999 1510 antiquitatis
1021 1422 1196 1489 subsecuta
1210 1427 1384 1511 posteritas

241 1533 379 1597 formam
402 1528 539 1611 originis
562 1525 602 1590 de
624 1525 728 1589 titulis
750 1524 844 1587 buius
867 1546 994 1611 quoque
1017 1528 1171 1612 temporis
1194 1528 1384 1613 praeferens

241 1655 301 1720 per
322 1653 403 1718 quos
426 1631 592 1713 signatum
614 1634 679 1708 est,
701 1627 752 1689 cui
774 1624 860 1689 idolo
883 1635 915 1689 et
941 1627 994 1690 cui
1019 1630 1244 1712 superstitioni
1265 1629 1382 1693 utrius·
1395 1644 1420 1684 ¹⁰

242 1756 305 1821 que
321 1732 451 1818 generis
465 1726 535 1792 ludi
553 1736 753 1791 notarentur.
788 1726 993 1810 Megalenses
1014 1731 1100 1791 enirn
1119 1738 1151 1793 et
1166 1730 1384 1815 Apollinares,

242 1834 329 1897 idem
347 1830 499 1895 Cereales
522 1839 556 1894 et
576 1828 778 1915 Neptunales
802 1836 834 1891 et
848 1827 997 1893 Latiares
1021 1839 1053 1893 et
1073 1829 1221 1894 Florales
1244 1831 1278 1897 in
1300 1853 1384 1895 corn-

242 1956 339 1998 mune
360 1932 583 2015 celebrantur3
621 1930 741 2016 reliqui
756 1929 906 1993 ludorum
929 1930 970 1994 de
993 1931 1157 1995 natalibus
1180 1941 1213 1994 et
1235 1931 1383 1995 solemni·

242 2036 303 2100 bus
324 2056 437 2118 regum
459 2042 492 2096 et
510 2032 652 2118 publicis
673 2030 946 2117 prosperitatibus
967 2041 1000 2095 et
1017 2033 1268 2118 municipalibus
1291 2033 1384 2097 festis
1474 2029 1476 2033 ’

241 2135 483 2221 superstitionis
498 2155 613 2198 causas
629 2132 760 2197 babent.
787 2133 872 2195 inter
888 2154 968 2218 quos
986 2135 1081 2196 etiam
1099 2136 1300 2219 priuatorum
1319 2155 1382 2197 rno-
1396 2159 1419 2199 u

242 2238 353 2302 moriis
374 2235 553 2320 legatariae
575 2234 735 2299 editiones
757 2241 946 2319 parentant3
996 2234 1029 2297 id
1055 2257 1183 2321 quoque
1205 2236 1383 2299 seeundum

242 2339 456 2403 institutionis
479 2337 716 2422 antiquitatem.
750 2357 826 2398 narn
849 2343 882 2399 et
902 2356 922 2397 a
943 2337 1121 2422 primordio
1141 2336 1294 2399 bifariam
1314 2335 1385 2400 ludi

243 2438 461 2504 censebantur
476 2437 561 2501 sacri
576 2446 609 2500 et
623 2435 778 2501 funebres
794 2436 829 2499 id
845 2446 894 2501 est
910 2436 981 2501 deis
1001 2437 1167 2501 nationum
1185 2447 1216 2502 et
1236 2439 1384 2503 mortuis.

121 2593 242 2669 18'l**
297 2616 298 2619 ’
329 2606 520 2671 Communis
541 2607 634 2690 origo
659 2604 808 2669 ludorum
832 2606 1001 2693 utriusque
1025 2609 1172 2690 generis,
1196 2629 1384 2672 communes

243 2707 397 2787 ursiuli,
419 2717 456 2770 ut
477 2707 518 2771 de
539 2705 765 2771 communibus
787 2708 906 2771 causis.
938 2708 1075 2793 perinde
1098 2720 1276 2795 apparatus
1296 2732 1420 2774 eom-ro

243 2831 358 2874 munes
376 2808 519 2873 habeant
534 2829 669 2872 necesse
691 2817 742 2870 est
757 2807 798 2871 de
817 2817 909 2872 reatu
926 2809 1070 2894 generali
1089 2810 1292 2875 idololatriae
1311 2833 1385 2875 con-

242 2911 368 2976 ditricis
396 2930 485 2974 suae.
538 2909 596 2972 sed
629 2909 823 2973 circensium
857 2908 954 2995 paulo
985 2910 1166 2997 pompalior
1199 2922 1384 2998 suggestus,

244 3065 514 3143 aduersae‘lr'egisse
532 3064 650 3114 uictoria
667 3062 721 3113 sit)
735 3091 768 3099 —-
780 3065 945 3115 Plutarchus
962 3066 1020 3115 vita
1037 3067 1145 3116 Romuli
1168 3067 1212 3117 lo:
1238 3058 1384 3198 ἐτολένεῖθη

243 3128 296 3200 μὲν
308 3120 362 3183 cdv
378 3148 397 3214 q
413 3124 529 3212 αρπαγῂ
546 3128 596 3182 καὶ
608 3127 674 3197 περὶ
685 3125 738 3198 τὴν
754 3122 1003 3197 ὀκτωκαιδεκάτην
1018 3125 1130 3199 ἡμέραν
1147 3134 1198 3185 tori
1210 3129 1271 3185 τότε
1344 3152 1382 3186 tt·

243 3200 307 3252 ὶίον
324 3216 415 3266 μηνος
427 3193 591 3265 [1010000000
609 3193 723 3262 (11νῦ0,
740 3192 772 3251 ἐν
786 3187 802 3263 ἦ
814 3194 866 3266 τὴν
878 3201 934 3251 τῶν
949 3201 1124 3253 Kersoullos
1136 3193 1238 3269 ἑορτὴν
1254 3194 1382 3268 ἄγουσιν.

218 3280 221 3285 “
331 3265 418 3322 186**
436 3269 623 3319 Tertullianus
641 3268 675 3317 do
694 3269 860 3333 spectaculis
872 3268 901 3318 b:
921 3268 1076 3319 ‘Accedit
1151 3273 1304 3321 mortuis.
1335 3271 1384 3321 sed

243 3337 278 3387 de
301 3336 460 3388 idololatria
482 3336 550 3385 nibil
574 3336 666 3385 differt
685 3336 755 3400 apud
774 3350 837 3398 nos,
857 3337 906 3386 sub
926 3352 978 3400 quo
996 3338 1107 3387 nomine
1126 3343 1154 3388 et
1166 3339 1254 3399 titulo,
1273 3339 1335 3388 dum
1349 3338 1384 3389 ad

244 3404 355 3455 eosdem
378 3404 490 3470 spiritus
513 3404 659 3470 perueniat
681 3402 779 3466 quibus
802 3405 999 3454 renuntiamus.
1033 3404 1129 3455 licebit
1152 3407 1266 3455 mortuis
1287 3406 1385 3455 licebit

243 3473 303 3543 deis
315 3473 372 3523 suis
383 3471 497 3538 proinde
508 3474 589 3535 (inrue
597 3471 722 3535 perinde)
732 3471 846 3519 mortuis
856 3471 974 3533 faciant,
987 3487 1043 3522 una
1056 3473 1180 3522 condicio
1189 3472 1276 3538 partis
1285 3474 1383 3522 utrius-

244 3556 296 3603 que
315 3544 370 3601 est,
392 3555 448 3589 una
465 3539 636 3600 idololatria,
659 3553 715 3587 una
732 3538 897 3587 renuntiatio
920 3544 1015 3590 nostra
1039 3541 1170 3590 aduersus
1187 3538 1382 3590 idololatrian.’

330 3604 414 3659 181**
432 3607 620 3657 Tertullianus
638 3605 672 3654 ‹le
691 3604 856 3669 spectaculis
875 3607 902 3654 7:
940 3606 1140 3657 ‘Communis
1214 3609 1382 3658 consedit.

245 3690 280 3724 ea
298 3675 321 3723 si
339 3675 443 3725 minora
462 3690 528 3723 cura
549 3689 600 3738 per
617 3673 774 3737 prouincias
792 3688 840 3736 pro
857 3674 1007 3724 minoribus
1023 3674 1128 3724 uiribus
1151 3674 1383 3736 administrantur,

245 3746 338 3792 tamen
356 3757 451 3793 ornnes
473 3742 573 3805 ubique
592 3740 731 3790 circenses
749 3739 814 3788 illuc
837 3741 986 3806 deputandi
1008 3742 1079 3792 unde
1104 3746 1133 3792 et
1154 3747 1296 3806 petuntur,
1320 3742 1383 3791 inde

244 3809 423 3873 inquinantur
449 3810 521 3859 unde
549 3813 698 3859 sumuntur.
738 3822 802 3856 nam
830 3812 858 3858 at
880 3809 983 3859 riuulus
1009 3810 1099 3860 tenuis
1123 3826 1157 3859 ex
1179 3825 1228 3860 suo
1251 3812 1327 3859 tonte
1354 3814 1384 3859 et

243 3877 368 3927 surculus
392 3877 515 3927 modicus
541 3893 573 3927 ex
597 3891 648 3926 sua
672 3874 769 3925 fronde
791 3876 953 3938 qualitatem
976 3876 1090 3942 originis
1113 3878 1243 3927 eontinet.
1283 3877 1385 3927 uiderit

331 4042 341 4090 l
357 4031 419 4090 XV
434 4034 485 4089 Fr.
505 4023 635 4110 laniatu
651 4037 668 4091 3
682 4026 777 4086 tradit
791 4030 830 4086 A.-
843 4028 969 4087 tradidit
983 4034 1065 4104 aulpo
1080 4024 1094 4112 ΙΙ
1108 4042 1124 4092 5
1137 4030 1189 4110 qui
1201 4048 1276 4110 quos
1292 4048 1383 4109 quem

243 4119 364 4187 scripsi.-
383 4134 505 4195 quoque
521 4118 561 4185 A,
581 4116 662 4186 rulqo
678 4115 729 4191 qui
747 4122 880 4192 quotque
898 4117 984 4183 Frtlv.
1010 4116 1131 4172 Vrsinus
1149 4114 1163 4192 Η
1186 4126 1220 4175 10
1243 4115 1290 4172 eui
1313 4112 1382 4171 dolo

244 4204 287 4258 Aa
303 4194 316 4281 ll
331 4200 418 4258 unius
436 4200 582 4281 cuiusque
596 4200 650 4255 Fr.
674 4199 777 4256 Iunius
791 4190 806 4277 ll
821 4209 853 4259 lb
869 4218 979 4257 causas
994 4202 1019 4255 A
1034 4218 1143 4258 causas
1162 4198 1286 4275 originis
1303 4201 1383 4271 00190

245 4280 260 4365 ll
274 4293 309 4344 20
322 4281 449 4363 perinde
466 4286 491 4340 A
509 4281 637 4360 proinde
660 4286 741 4357 00100
759 4276 773 4360 [l
796 4291 831 4343 22
848 4281 1019 4361 pompalior
1039 4285 1091 4340 Fr.
1110 4285 1228 4342 luntas.-
1258 4302 1383 4360 pompa·

242 4369 303 4427 tior
318 4371 343 4425 A
