3218 5000
265 399 325 463 192
466 418 698 461 everreueurr
721 418 809 462 mem
830 419 872 461 nn
891 417 976 463 reue
998 417 1201 462 uouiuouvrr

263 578 324 622 tuor
336 573 395 621 dies
406 570 543 630 hebebat3
560 568 628 620 licet
644 574 674 619 ut
692 573 820 620 auctores
837 570 947 636 plurimi
964 570 1156 636 prodiderunt,
1171 570 1242 635 apud
1255 569 1406 634 Aegyptios

264 646 392 705 quattuor
414 638 484 703 epud
499 638 623 687 Arcedee
639 637 726 687 tribus
744 637 816 702 apud
835 637 996 688 Acarnanes
1013 654 1061 687 eer
1077 638 1216 689 mensibus
1234 643 1406 702 computetue

263 710 347 758 fuisse
360 708 505 756 reseretur.
524 711 586 770 poet
599 721 615 754 ιι
627 706 715 754 Numa
733 722 798 769 rege
812 706 993 756 Romanorum
1006 706 1127 755 secundo
1139 707 1212 755 iuter
1224 705 1405 755 Decembrem

264 783 292 825 et
303 775 431 825 Martium
443 773 587 822 Ianuarius
601 777 629 821 et
640 772 806 823 Februarius
828 773 915 822 fertur
933 773 1069 833 adiectus,
1087 778 1117 823 ut
1129 773 1260 822 trecentis
1273 773 1404 837 quinqua·

263 845 341 910 ginta
355 847 482 907 quattuor
495 840 605 901 diebus,
625 855 691 904 quoe
703 840 851 890 duodecies
863 841 929 890 tune
946 844 1061 891 renouat
1074 848 1155 905 etque
1168 840 1273 890 uiceuie
1290 841 1406 889 uenenis

264 918 292 961 et
313 911 396 960 semis
417 908 525 958 uicibus
547 923 654 956 curuum
676 923 753 957 suum
775 908 875 967 efficit,
894 909 1052 973 inpleretur.
1082 914 1220 974 postremo
1239 907 1325 957 additi
1343 912 1406 957 eunt

263 982 358 1031 decem
375 978 434 1027 dies
455 980 536 1040 etque
549 975 583 1023 ob
597 975 789 1040 quadrantem,
810 976 880 1039 quod
897 992 946 1041 per
959 976 1168 1040 quadriennium
1180 975 1239 1026 dies
1256 990 1326 1025 unus
1344 976 1404 1024 iun·

264 1056 323 1098 ctus
336 1046 448 1106 crescit,
462 1051 559 1107 quarto
573 1058 644 1091 eune
658 1058 736 1108 quem
750 1044 884 1092 bisextum
902 1058 1033 1093 uocemue
1045 1043 1183 1093 inseritur.
1208 1044 1285 1093 cuiue
1298 1043 1405 1092 initium

264 1133 324 1166 cum
337 1111 479 1177 Aegyptiis
491 1111 537 1175 qui
549 1125 636 1160 nones
648 1110 761 1174 idueque
775 1126 829 1159 nou
844 1117 943 1160 norunt
954 1127 1047 1161 mense
1061 1110 1230 1176 Septembri,
1244 1125 1305 1160 cum
1319 1110 1404 1161 Grae·

264 1185 304 1235 eie
318 1180 478 1241 Nouembri,
491 1177 592 1228 Martio
605 1193 666 1227 cum
677 1178 788 1228 inducie
800 1178 925 1228 hebetur.
