3220 5022
253 391 316 454 320
541 407 735 447 curuaorvn
759 407 924 448 nraaoaru
947 409 1123 457 aunrquan

253 551 405 635 regnauit
434 572 537 614 anuos
564 549 765 615 XXXVIII.
816 552 868 616 bic
897 574 968 617 cum
998 552 1211 617 fundamenta
1241 554 1397 639 Capitolii

253 661 386 716 caueret
407 653 535 714 inuenit
556 661 654 737 caput
680 652 856 716 humanum
880 653 997 719 litteris
1021 654 1137 717 Tuscis
1160 656 1316 739 scriptum
1340 670 1397 716 cs·

253 770 329 816 rvr.
353 768 442 816 oure.
467 767 587 835 sauls,
610 754 698 817 unde
721 754 881 840 hodieqpe
903 755 1100 842 Capitolium
1120 755 1314 843 appellatur.
1344 755 1396 819 liic

251 855 342 941 prior
362 853 521 917 Romania
546 853 611 918 duo
638 856 732 940 paria
759 854 976 940 gladiatorum
1006 857 1124 939 edidit,
1158 878 1240 944 quae
1269 877 1396 942 comps-

251 959 337 1020 rauit
352 977 411 1043 per
426 977 528 1019 annos
548 955 696 1020 XXVII.
727 972 871 1019 survive
888 974 1038 1021 rvumvs
1056 978 1154 1021 serua
1171 969 1267 1021 natus
1281 978 1418 1039 regnas

251 1059 301 1122 uit
316 1080 392 1121 ann.
409 1056 553 1222 xblpl.
586 1056 639 1121 hio
657 1067 769 1121 uotum
788 1059 866 1122 fecit
884 1068 921 1122 ut
935 1068 1093 1145 quotquot
1107 1080 1211 1123 anuos
1225 1068 1398 1142 regnasset

251 1169 300 1224 tot
320 1161 406 1224 ostie
429 1159 472 1222 ad
510 1168 695 1224 rumentum
716 1158 883 1243 publicum
909 1162 1131 1224 constitueret.
1181 1176 1393 1235 raanuuvs

253 1277 428 1325 svruauvs
448 1260 600 1345 regnauit
621 1282 697 1324 aun.
721 1259 831 1323 XXV.
868 1261 921 1325 hic
942 1262 1031 1346 prior
1053 1261 1394 1327 hominibus‘adinue»

252 1365 302 1426 uit
316 1363 492 1427 lautmnias
515 1352 676 1427 tormenta
691 1361 794 1425 fustes
816 1362 949 1425 metalla
962 1362 1095 1445 flagella
1111 1385 1262 1428 carceres
1282 1364 1393 1431 exilia.

252 1465 322 1550 ipse
338 1465 427 1549 prior
441 1460 577 1525 exilium
600 1465 727 1526 meruit.
748 1464 834 1526 inter
850 1461 931 1526 duos
949 1473 1064 1549 pontes
1076 1487 1098 1528 a
1111 1465 1232 1551 populo
1249 1464 1395 1527 Romano
1405 1482 1429 1524 ro

252 1566 340 1628 suste
359 1572 518 1628 mactatus
532 1562 609 1647 (est)
622 1572 655 1626 et
669 1566 796 1648 positus
815 1565 849 1626 iu
866 1566 954 1631 circo
971 1569 1114 1631 maximo
1129 1567 1192 1630 sub
1211 1564 1393 1652 delphinos.

253 1738 331 1788 cuius
349 1736 473 1801 germani
492 1735 594 1785 aemuli
612 1736 670 1786 nita
689 1736 773 1785 fuerit
790 1736 925 1801 spoliatus
943 1742 972 1786 et
987 1736 1100 1801 lumlne,
1119 1738 1184 1802 quid
1201 1738 1234 1788 de
1247 1738 1305 1787 suis
1323 1754 1394 1788 eom

251 1807 381 1855 meruerit
399 1805 518 1865 ciuibus,
543 1808 573 1852 ut
597 1804 622 1853 ei
646 1805 683 1854 sit
701 1803 841 1868 abnegata
859 1798 1116 1870 tellurispatemao
1135 1804 1297 1871 sepultura!
1332 1807 1393 1856 Ser-

251 1876 313 1924 vius
331 1876 400 1926 Aen.
419 1874 486 1922 VIII
505 1871 566 1922 345:
592 1872 720 1933 ‘Quidam
739 1872 835 1921 dicunt
853 1888 914 1921 curn
933 1873 1059 1937 capitolii
1077 1875 1125 1923 ubi
1143 1888 1215 1923 nanc
1235 1880 1278 1923 est
1296 1874 1393 1924 funda·

232 1948 345 1992 menta
363 1942 536 2000 iacerentur,
561 1944 645 2003 caput
662 1941 807 1988 humanum
832 1941 903 2003 quod
921 1940 978 1990 Olli
1000 1942 1139 1990 diceretur
1161 1944 1317 2005 inuentum,
1340 1956 1393 2008 qno

252 2026 345 2061 omues
368 2009 533 2059 sollicitatos
557 2008 713 2056 condItores
735 2007 843 2056 misisse
868 2009 903 2056 ad
925 2008 1056 2057 'luscium
1081 2010 1115 2058 sd
1139 2011 1295 2075 aruspicem
1318 2011 1393 2060 illius

251 2079 382 2143 temporis
400 2078 584 2136 nominatum,
604 2076 649 2139 qui
670 2077 725 2123 iarn
743 2076 920 2124 iudicauerat
936 2078 1010 2140 Argo
1028 2076 1084 2125 filio
1103 2092 1151 2127 suo
1170 2080 1300 2129 tributum
1320 2080 1392 2129 iata·

251 2147 316 2195 liter
334 2160 403 2207 esse,
423 2150 454 2193 ut
473 2145 496 2193 is
514 2144 591 2193 locus
609 2143 670 2192 orbi
687 2143 838 2208 imperaret
855 2144 883 2191 in
903 2159 954 2207 quo
973 2144 1040 2194 illud
1059 2151 1143 2210 caput
1155 2147 1392 2197 essetinuentum.

252 2215 327 2263 obuii
346 2214 431 2278 igitur
448 2214 521 2276 Argo
539 2211 568 2260 bi
591 2211 636 2275 qui
660 2212 736 2259 missi
755 2216 847 2272 erant,
867 2211 980 2260 ubinam
999 2218 1073 2262 esset
1090 2220 1183 2277 pater,
1203 2215 1391 2280 interrogaue-

252 2289 327 2343 runt‚
348 2282 394 2345 qui
417 2281 533 2345 cognita
557 2294 643 2328 eausa
665 2278 774 2328 itineris
804 2294 896 2328 eorum
924 2295 1003 2329 mnne
1033 2295 1192 2345 responsum
1216 2285 1305 2345 patris
1332 2300 1392 2348 pro·

252 2350 323 2399 didit
338 2349 545 2414 monuitqueut
564 2353 695 2396 canerent
712 2361 747 2396 ue
767 2348 801 2396 ab
825 2362 857 2395 eo
880 2349 1099 2411 interrogatIoue
1118 2349 1320 2414 deciperentur.
1344 2352 1392 2403 sed

252 2434 312 2467 eum
338 2417 425 2482 legati
449 2416 483 2465 ad
508 2430 568 2463 eum
592 2415 784 2478 peruenissent
810 2420 839 2463 et
866 2414 900 2464 de
924 2417 1132 2480 significatione
1156 2418 1263 2466 inuenti
1292 2420 1393 2484 capitis

252 2488 425 2550 quaererent,
445 2484 541 2533 uolens
559 2482 606 2531 ille
625 2483 793 2531 dominatum
812 2482 886 2532 orbis
905 2485 1014 2547 patriae
1033 2499 1100 2533 suae
1124 2486 1215 2548 potius
1233 2487 1392 2538 adscribere

251 2553 441 2617 interrogauit,
463 2550 606 2609 enachin,
625 2548 715 2599 locum
734 2564 810 2599 suum
829 2552 987 2611 ostendens,
1006 2553 1185 2601 inuenissent.
1220 2554 1277 2603 illis
1289 2570 1392 2618 negau-

251 2623 325 2670 tibus
343 2620 499 2684 auspicatus
517 2618 651 2683 proditum
671 2631 731 2667 esse
750 2633 909 2682 responsum
929 2620 1068 2683 quaesiuit
1086 2634 1122 2668 au
1134 2621 1269 2683 quendam
1282 2622 1391 2672 obuium

252 2690 399 2749 fecissent,
425 2686 481 2735 illis
498 2685 664 2749 simpliciter
687 2684 882 2736 confitentibus
904 2687 1058 2736 occurrisse
1082 2687 1135 2736 sibi
1158 2688 1300 2751 iuuenem,
1325 2697 1391 2740 tuuc

252 2771 371 2820 aruspex
389 2768 540 2803 conscenso
559 2768 629 2817 equo
646 2759 759 2803 secutus
776 2756 877 2817 Argum
895 2754 999 2804 oceidit
1018 2770 1050 2804 eo
1068 2754 1129 2804 loeo
1147 2755 1195 2804 ubi
1213 2771 1285 2805 nuuc
1304 2759 1392 2808 Roma

252 2831 307 2885 est,
333 2839 350 2872 a
373 2823 450 2871 cuius
474 2821 558 2871 caede
582 2819 752 2885 Argiletum)
789 2823 886 2871 Livius
910 2823 945 2871 ab
969 2823 1035 2871 urbe
1055 2822 1261 2873 conditurae:
1288 2824 1392 2891 ‘Caput

250 2891 398 2940 humanum
420 2891 529 2953 integra
548 2888 621 2937 facie
646 2889 836 2953 aperientibus
860 2890 1040 2939 fundamenta
1063 2890 1158 2954 templi
1181 2890 1282 2941 dicitur
1305 2909 1391 2958 appa-

250 2960 352 3008 ruIsse:
372 2973 443 3022 quae
461 2958 523 3005 uisa
541 2957 649 3021 species
669 2956 740 3005 hand
758 2972 807 3021 per
825 2958 958 3022 ambages
977 2973 1070 3007 arcem
1088 2974 1150 3007 eam
1168 2960 1276 3024 imperii
1295 2968 1391 3026 caput-

252 3042 304 3090 que
327 3041 417 3075 rerum
441 3025 499 3075 fore
517 3025 708 3089 portendebat.
750 3025 832 3088 idque
855 3026 896 3075 ita
914 3028 1041 3076 cecinere
1059 3032 1139 3075 nates
1158 3028 1258 3092 quique
1277 3030 1303 3077 in
1323 3030 1390 3079 urbe

251 3099 331 3144 erant
350 3109 469 3158 quosque
489 3093 523 3141 ad
543 3109 604 3143 eam
623 3108 680 3142 rem
697 3093 906 3142 consultandam
925 3109 959 3143 ex
973 3095 1082 3144 Etruria
1101 3093 1280 3145 aberrarant!

335 3163 351 3211 5
369 3177 427 3226 sqq.
446 3159 683 3219 Aurelius.Victor
700 3160 734 3209 de
752 3161 819 3210 viris
837 3161 991 3211 illustribus
1009 3162 1037 3211 7:
1066 3160 1183 3226 (Seruius
1205 3163 1309 3226 mum)
1328 3165 1390 3230 ‘po-

250 3229 343 3295 pulum
367 3231 395 3278 in
419 3234 535 3293 quatuor
561 3228 649 3278 tribus
676 3228 817 3277 distribuit
845 3245 878 3278 ac
900 3236 962 3294 post
984 3230 1059 3294 plebi
1082 3230 1222 3280 distribuit
1244 3246 1390 3283 annonam.

250 3313 393 3349 mensuras
411 3296 533 3363 pondera
552 3296 657 3346 classes
675 3296 869 3360 centuriasque
889 3296 1051 3348 constituit'
1263 3294 1265 3298 ⁸

334 3368 350 3415 7
363 3382 420 3431 sqq.
434 3365 572 3415 Eusebius
585 3380 686 3415 armen.
701 3363 744 3412 Ol.
757 3363 800 3428 58,
818 3365 848 3413 ⁶2:
873 3366 1048 3429 ‘Tarquinius
1062 3365 1201 3431 Superbus
1219 3369 1392 3434 excogitauIt

249 3434 362 3484 uincula
383 3435 502 3483 uerbera
521 3448 622 3483 neruos
645 3447 772 3481 carceres
800 3433 939 3482 custodias
965 3434 1110 3499 compedes
1135 3434 1252 3489 collaria
1274 3442 1391 3486 catenas

250 3503 336 3552 exilia
346 3502 540 3551 damnationes
554 3501 589 3550 ad
601 3499 733 3550 metalla.¹
769 3500 953 3564 Hieronymus
970 3501 1013 3551 01.
1033 3502 1079 3565 58,
1101 3502 1128 3551 l:
1148 3503 1322 3566 ‘Tarquinius
1341 3505 1391 3553 Su-

248 3572 349 3635 perbus
368 3571 539 3634 excogitauit
554 3569 666 3618 uincula
683 3574 796 3617 taureas
814 3569 901 3618 fustes
918 3569 1068 3620 lautumias
1087 3585 1214 3621 carceres
1233 3571 1316 3621 exilia
1334 3588 1389 3621 me·

249 3639 318 3687 talla
337 3639 483 3702 compedes
507 3642 535 3686 et
558 3634 692 3687 catenas)
733 3636 852 3685 Ioannes
875 3638 1063 3688 Antiocheuus
1083 3638 1202 3700 (Miiller.
1227 3640 1306 3703 trgm.
1326 3639 1389 3690 hist.

249 3720 342 3771 graec.
361 3707 418 3755 1111
436 3721 462 3769 p.
473 3705 557 3770 ·553):
578 3696 668 3770 δεσμά
686 3718 717 3754 τε
734 3700 785 3754 καὶ
837 3700 941 3771 'crayae
959 3699 1074 3764 κλοιούς
1093 3704 1225 3768 ξυλίνους
1241 3702 1291 3756 acl
1310 3706 1390 3771 σιδη-

267 3773 317 3831 οῦς
334 3769 426 3831 πέδας
443 3764 557 3832 ἁλύσεις
569 3767 693 3839 μέταλλα
710 3768 760 3822 καὶ
779 3719 897 3834 igiter
915 3766 1053 3839 ἔφευρών,
1090 3774 1229 3823 Cedreuus
1247 3774 1260 3823 I
1278 3791 1303 3838 p.
1324 3775 1389 3825 262:

249 3790 347 3905 dissipe
372 3836 462 3906 despui
485 3834 625 3907 μάστιγας
648 3833 719 3903 ξύλα
743 3834 858 3904 εἱρκτὰς
875 3836 1008 3905 φυλακὰς
1025 3835 1141 3900 statori:
1162 3836 1254 3900 πέδας
1276 3834 1391 3900 ἁλύσεις

249 3902 363 3972 ἐξορίας
381 3903 514 3974 μέταλλα.
551 3910 672 3959 Isidorus
695 3908 781 3974 origg.
800 3908 825 3956 V
842 3908 883 3972 27,
904 3909 950 3961 23:
975 3912 1033 3959 ‘est
1055 3916 1084 3959 ot
1101 3909 1244 3958 lautumns
1261 3910 1390 3976 supplicii

248 3992 336 4043 genua
355 3978 390 4027 ad
408 3978 609 4028 uerberandum
628 3982 734 4043 aptum,
759 3977 900 4029 inuentum
919 3994 938 4027 a
954 3977 1105 4043 Tar-quiuis
1123 3977 1248 4041 Superbo
1272 3978 1308 4027 ad
1325 3994 1389 4043 poe·

334 4164 347 4215 1
364 4145 557 4227 XXXVIII]
570 4151 611 4225 cs.
621 4150 749 4207 Mosarna.
764 4153 783 4208 t.
800 4168 825 4209 c.
841 4145 855 4228 ll
870 4159 887 4211 r
901 4158 1040 4221 caueret,
1051 4149 1167 4209 inuenit
1181 4150 1390 4207 Mamaeanas.-

249 4234 385 4297 ealcaret
400 4246 431 4295 et
453 4235 620 4294 inuenisset
640 4238 702 4293 cod.
718 4230 731 4317 ll
746 4246 762 4297 5
780 4233 929 4297 Seruilius
945 4239 1009 4294 eod.
1026 4229 1039 4314 ll
1054 4242 1071 4296 6
1089 4234 1218 4293 XLIIII
1239 4235 1389 4292 Mommse-

186 4361 194 4372 -
248 4341 304 4381 aaa
320 4323 370 4396 (cf.
391 4326 464 4379 ictam
488 4325 507 4379 t.
528 4326 585 4391 a).-
617 4320 711 4379 XXV
731 4324 794 4378 eod.
815 4316 867 4401 lle
891 4319 1050 4379 adiuuerit
1063 4321 1273 4379 Mammosam.-
1305 4319 1390 4377 uenit

247 4411 311 4466 cod.
328 4402 342 4488 ll
360 4417 388 4468 tl
407 4414 455 4464 est
466 4409 575 4464 addidit
589 4408 781 4463 Mommsenur
