3218 5000
227 345 291 406 200
732 359 862 400 unauvu

353 506 412 572 has
439 508 525 571 inter
549 505 753 594 mediamque
772 505 856 571 duae
878 505 1069 571 mortalibus
1089 507 1198 593 aegris

353 630 488 674 munere
510 629 684 674 concessae
703 608 825 673 diuum.

229 710 287 776 sed
310 712 365 799 qui
393 711 535 797 proximi
563 719 639 774 sumt
665 710 790 775 aestiuo
815 710 952 793 circulo,
986 710 1049 797 ipsi
1081 719 1158 775 aunt
1185 710 1364 798 Aethiopes

228 814 328 879 nimio
350 814 458 878 calore
476 813 610 900 perusti.
907 806 908 810 ’

652 914 670 958 ο

121 1000 221 1073 126*
311 1033 444 1081 Passus
482 1017 592 1082 mundi
628 1026 780 1101 quattuor
814 1027 905 1081 suut:
951 1018 1039 1102 ignis
1074 1038 1131 1080 aar
1153 1038 1239 1103 aqua
1266 1025 1386 1081 terrast

228 1124 366 1207 quarum
398 1119 479 1184 hacc
508 1128 558 1184 est
590 1129 723 1184 natura:
761 1135 855 1183 rurus
885 1120 992 1183 tenuis
1028 1128 1143 1182 acutus
1166 1129 1200 1184 et
1226 1117 1366 1201 mobilis,

229 1237 300 1284 aaa
319 1218 449 1287 mobilis
475 1230 588 1286 sentus
611 1230 644 1286 et
663 1242 809 1303 crassus,
839 1237 933 1298 aqva
955 1242 1067 1285 crasse
1091 1220 1230 1293 obtunsa
1245 1230 1278 1286 et
1299 1238 1365 1285 mo·

382 1418 418 1478 ov’
428 1415 585 1495 prividere,
604 1417 768 1487 ἁλλ’·αὖτὸς
781 1417 835 1479 ἄπ’
847 1417 1011 1491 οὐρανόθεν
1023 1419 1194 1492 κρύσταλλος

382 1499 474 1547 νεῖται
487 1494 505 1577 ρ
517 1485 675 1562 daunino,
689 1488 863 1560 ποριψυκτός
877 1489 909 1546 di
921 1492 1059 1546 τέτυκται.
1273 1486 1278 1499 ’

381 1558 452 1614 citat
466 1580 500 1614 τα
535 1557 566 1613 ἑν
578 1567 696 1630 χερσαῖα
709 1561 758 1614 aul
770 1553 884 1630 α’ἷμβατα
896 1554 1088 1627 ἀνθρώποισι·

383 1628 461 1682 δοιαὶ
474 1623 500 1683 d’
521 1632 584 1682 itus
598 1625 678 1682 ἔασιν
691 1622 821 1682 ἐναντίαι
833 1623 992 1698 α’λλήλαιοι,

381 1693 522 1766 μεσσηγὺς
535 1691 637 1765 θέρεος
649 1715 679 1751 τε
691 1697 740 1750 aul
753 1694 851 1751 ὖετίου
863 1692 1047 1782 κρυστάλλου.

381 1757 469 1834 ἄμφω
483 1760 619 1833 iriaeque!
633 1764 724 1818 τεκαὶ
737 1758 859 1834 ὄμπνιον
871 1760 1065 1887 αλδνροιιοοοαι

383 1830 494 1914 quouis
502 1826 676 1902 Ἐλευσινίης
690 1830 863 1903 Δημητὲρος.
890 1827 921 1887 ἐν
953 1830 966 1887 ε’
978 1853 1027 1902 μιν
1040 1825 1145 1901 ἄνδρες

383 1903 539 1962 coriander
552 1903 675 1955 ναίουσι.

231 1970 321 2022 ταῦτα
333 1962 610 2038 μένΈρατοοθὲνης,
636 1972 774 2038 Vergilius
786 1989 879 2037 georg.
893 1970 1049 2023 1233-392

383 2041 501 2106 quinque
513 2046 609 2090 tenent
622 2040 729 2091 caelum
742 2056 842 2103 auriac,
855 2057 968 2105 quarum
981 2056 1035 2091 rina
1048 2056 1160 2090 comaco

384 2125 492 2175 semper
504 2109 562 2159 sole
575 2109 676 2158 rubens
690 2114 718 2157 et
730 2108 833 2159 torrida
846 2125 953 2173 semper
966 2109 1000 2159 ab
1014 2108 1084 2173 ἱροῖς

384 2193 463 2241 quam
477 2177 580 2227 circum
593 2182 732 2227 extremae
745 2177 841 2226 deutra
854 2177 990 2241 laeuaque
1003 2177 1147 2227 trahuntur

384 2244 514 2295 caerulea
524 2244 619 2310 glacie
632 2251 780 2295 concretae
795 2251 876 2309 atque
889 2244 1020 2294 imbribus
1034 2245 1109 2294 atris.

383 2313 434 2363 has
446 2313 519 2362 inter
531 2312 702 2377 mediamque
715 2313 785 2363 duae
798 2312 959 2362 mortalibus
972 2313 1064 2377 aegris

383 2396 495 2431 munere
508 2397 658 2430 concessae
671 2381 769 2430 diuum.
795 2380 841 2431 uia
853 2386 932 2429 secta
944 2397 993 2445 per
1005 2380 1109 2443 ambas,

384 2449 509 2513 obliquus
522 2465 575 2513 qim
588 2464 618 2498 se
631 2449 770 2513 signorum
783 2454 905 2498 uerteret
916 2449 990 2498 ordo.

230 2516 336 2567 Probus
345 2533 440 2582 georg.
450 2517 463 2565 Ι
475 2516 537 2566 244ε
552 2516 633 2566 ‘hauc
646 2524 739 2566 tamen
749 2516 906 2567 uniuersam
918 2515 1129 2581 disputationem
1140 2523 1244 2581 certium
1254 2522 1296 2565 est
1307 2516 1371 2564 Ver-

232 2584 326 2651 gilium
345 2585 516 2634 transtulisse
536 2585 570 2633 ab
588 2584 786 2645 Eratosthene,
812 2586 889 2634 cuius
910 2583 982 2634 liber
1002 2588 1044 2635 cst
1060 2582 1226 2633 hexametris
1248 2583 1372 2633 uersibus

231 2653 364 2718 scriptus,
378 2652 423 2717 qui
436 2653 554 2701 Hermes
566 2653 737 2701 inscribitur:
752 2652 828 2702 cuius
840 2652 1033 2717 disputationis
1046 2652 1102 2701 talc
1115 2652 1277 2717 principium
1291 2658 1345 2701 cst:
1410 2691 1413 2697 .

450 2713 533 2770 πέντε
548 2711 580 2769 δὲ
593 2712 625 2769 ui
635 2717 721 2781 ζῶναι
734 2714 882 2784 περιαρέις
895 2711 1070 2786 leuatoque.

453 2781 485 2837 cl
497 2779 550 2837 driu
562 2781 616 2853 pho
629 2788 764 2853 γλαυκοῖο
777 2781 948 2852 κοανότεροιι
961 2786 1080 2838 κυάνοιο

233 2862 261 2905 et
273 2861 368 2906 cetera
381 2872 414 2905 cx
427 2856 488 2921 ipso
500 2855 570 2905 libro
588 2855 770 2923 requirenda.'
796 2857 839 2906 Cl.
857 2862 987 2921 praetera
1004 2856 1149 2906 Lucretius
1162 2856 1184 2903 V
1196 2855 1246 2905 ‘205
1259 2855 1373 2906 Ovidius

233 2929 343 2975 metam.
356 2925 369 2973 I
381 2922 415 2973 49
427 2940 486 2989 sqq.
498 2951 532 2960 -
549 2924 680 2980 Varronis
691 2940 786 2974 versus
800 2925 883 2974 etiem
895 2924 924 2973 in
936 2923 1071 2989 glossario
1084 2923 1237 2973 Salomonis
1251 2923 1372 2988 episcopi

233 2991 454 3041 constantiensis
477 2991 521 3043 vel
564 2993 635 3042 otius
657 2992 746 3042 Isonis
765 2998 859 3042 extare
877 2997 995 3041 testatur
1012 2992 1183 3043 Burmannus
1201 2991 1305 3041 anthol.
1324 2992 1372 3042 lat.

233 3060 256 3109 V
274 3058 308 3109 48
327 3065 391 3110 tom.
410 3060 439 3109 11
458 3076 520 3125 pag.
540 3008 590 3111 §35
608 3075 647 3124 aq.
668 3062 815 3126 exscripsit
833 3061 876 3110 Iso
894 3060 1036 3111 Isidorum.

320 3124 524 3181 1⁸26*Isidorns
542 3129 576 3177 de
593 3134 693 3178 natura
714 3145 803 3178 rerum
821 3128 873 3178 XI:
898 3130 954 3178 ‘De
978 3127 1102 3193 partibus
1119 3127 1220 3177 mrnrdi.
1250 3128 1373 3177 Partes

233 3196 348 3247 mrrndi
428 3196 624 3261 iunguntur.
653 3196 724 3247 haec
746 3197 840 3261 itaque
863 3213 897 3245 ne
921 3197 1036 3246 contusa
1057 3196 1146 3245 minua
1168 3195 1373 3261 intellegantur,

233 3264 361 3316 subiecta
380 3265 502 3329 expressi
520 3265 628 3328 pictura
645 3263 698 3328 (fig.
717 3265 752 3327 1).
779 3270 901 3315 ceterum
913 3272 1027 3315 sarrctus
1040 3248 1197 3314 Ambrosius
1216 3264 1311 3313 eadem
1326 3263 1373 3312 eli-

234 3340 327 3383 menta
344 3349 393 3398 pcr
410 3332 559 3397 qualitates
585 3331 682 3396 quihus
704 3333 756 3382 sibi
774 3333 892 3382 inuicem
917 3333 1033 3399 quadam
1051 3337 1167 3383 naturae
1186 3331 1374 3381 communione

234 3402 445 3452 commiscentur
462 3400 502 3449 ita
519 3400 562 3449 bis
579 3400 671 3450 uerbis
689 3400 843 3467 distinguit:
867 3401 967 3459 Terra,
991 3400 1098 3465 inquid,
1122 3400 1200 3451 arida
1223 3405 1251 3449 et
1273 3399 1375 3463 frigida

235 3474 290 3530 est3
310 3484 381 3534 aqua
394 3467 495 3533 frigida
508 3468 596 3532 adque
609 3468 728 3529 humida,
742 3485 790 3519 aer
803 3467 908 3518 calidus
922 3468 1009 3533 adque
1022 3468 1146 3518 humidus
1160 3473 1210 3527 cst,
1223 3467 1294 3533 ignis
1308 3466 1374 3516 cali·

235 3539 284 3587 dus
298 3543 340 3587 cst
353 3542 381 3586 et
393 3537 492 3586 siccus.
512 3551 561 3601 per
572 3535 622 3586 has
636 3536 708 3585 enim
720 3536 828 3602 iugales
842 3536 991 3599 qualitates
1004 3536 1044 3587 sic
1056 3536 1110 3585 sibi
1123 3535 1233 3601 singula
1251 3535 1375 3585 commis·

235 3611 340 3655 centur.
364 3611 437 3655 terra
456 3604 526 3653 enim
544 3619 604 3653 crum
617 3603 654 3652 sit
668 3606 744 3654 arida
760 3611 787 3654 et
802 3605 903 3670 frigida
921 3604 1095 3671 coniungitur
1107 3619 1195 3669 aquae
1207 3619 1257 3668 per
1275 3618 1374 3668 cogna-

235 3674 336 3723 tionem
350 3672 490 3738 qualitatis
504 3671 636 3737 frigidam
650 3686 741 3722 rursus
753 3689 825 3738 aqua
836 3673 893 3722 aeri
903 3689 953 3739 ρον
964 3673 1111 3734 humorem,
1123 3673 1187 3736 quia
1199 3671 1323 3721 humidus
1335 3675 1376 3719 ost

236 3758 291 3791 aer.
305 3740 539 3806 aqnuenimquasi
549 3739 1061 3806 quibusdamduobusbrachiislrigoris
1069 3738 1376 3805 adquehumorisaltcro

235 3815 338 3860 terram
348 3808 435 3859 altero
443 3824 535 3858 aerem
546 3807 653 3858 uidetur
662 3809 809 3874 conplecti,
817 3809 916 3875 frigido
927 3808 1034 3874 quidem
1043 3814 1145 3857 terram
1156 3822 1247 3857 aeram
1257 3806 1375 3856 humido.

235 3878 294 3943 ipsc
307 3894 412 3942 quoque
426 3892 474 3927 aer
486 3875 591 3925 medius
603 3875 675 3926 inter
687 3879 740 3928 duo
754 3879 966 3944 compugnantia
979 3882 1175 3942 peracturum,
1188 3875 1240 3925 hoc
1253 3875 1376 3925 cstinter

237 3961 336 4009 aquam
350 3952 378 3995 et
389 3946 489 4011 ignem,
502 3948 645 4008 utrumque
657 3945 724 3995 illud
738 3944 894 3995 elimentum
908 3946 961 3995 sibi
974 3944 1119 4005 conciliat,
1157 3943 1204 3993 uia
1221 3959 1309 4007 aquae
1327 3942 1375 3992 hu-

236 4029 310 4063 more
329 4018 357 4063 ct
375 4014 431 4079 igni
450 4011 542 4063 calore
561 4012 742 4079 coniungitur.
768 4014 839 4079 ignis
857 4029 962 4078 quoque
981 4028 1040 4061 cum
1058 4012 1094 4061 sit
1110 3960 1217 4061 calidus
1241 4016 1268 4061 et
1286 4010 1376 4060 siccus

237 4082 330 4132 calore
345 4081 403 4131 aeri
417 4080 585 4140 adnectitur,
604 4081 731 4132 siccitate
750 4088 841 4132 autom
858 4081 886 4130 iu
905 4080 1120 4131 communionem
1138 4086 1229 4130 terrac
1246 4079 1375 4139 sociatur,

238 4149 326 4214 adque
344 4149 384 4199 ita
396 4148 450 4197 sihi
462 4163 511 4213 per
523 4147 595 4196 hunc
609 4149 751 4200 circuitum
764 4150 842 4215 quasi
854 4165 903 4215 per
915 4148 1056 4214 quemdam
1070 4149 1180 4199 chorum
1193 4145 1322 4198 concordi
1333 4161 1375 4195 so·

326 4302 539 4388 lmediumque
550 4297 584 4359 Α1
598 4303 808 4385 ωοᾱίοοιινριο
823 4307 851 4362 Β
865 4299 879 4385 Η
894 4312 1007 4366 δοιιοο
1021 4300 1061 4362 B¹
1077 4298 1091 4386 ΙΙ
1105 4303 1234 4367 5ΠΙΙΒ
1247 4298 1260 4383 ll
1275 4309 1291 4364 7
1305 4320 1375 4360 acu-

238 4391 276 4449 tis
293 4386 329 4448 A¹
346 4383 360 4470 Η
373 4408 493 4447 crassus
509 4389 536 4444 B
549 4382 563 4471 ss
578 4409 681 4449 crassa
697 4391 725 4446 B
