3194 5004
174 437 177 442 .
253 380 315 442 502
622 434 629 447 .
672 400 706 440 ru
719 400 817 441 uranu
832 399 980 440 suasura

254 554 372 612 omissis
389 552 597 612 ratiocinandi
613 551 870 632 disceptandique
886 550 1064 630 ambagibus
1080 552 1217 613 omnibus
1234 554 1332 633 ipsam
1347 557 1392 634 rei

252 676 412 729 summam,
441 656 562 735 qualem
586 656 687 713 animo
708 675 762 713 auo
784 652 1035 732 informasset*),
1061 654 1239 715 brevissimo
1266 658 1298 716 in
1319 677 1390 716 con·

253 768 361 838 spectu
376 766 516 836 poneret.
561 757 645 821 Hine
660 758 753 834 igitur
768 764 851 815 reete
868 756 1035 815 existimari
1052 756 1092 816 de
1106 758 1167 816 illis
1183 759 1296 836 poterit
1311 779 1391 840 quae

225 854 229 863 '
252 862 285 919 in
310 859 397 919 libris
423 859 468 918 sic
491 860 606 938 scripta
626 867 712 918 sunt:
739 863 871 933 quamuis
900 861 1044 919 Volcatius
1061 864 1096 918 tie
1117 867 1392 920 enumeratione

253 967 376 1022 omnium
391 965 431 1019 ita
446 964 570 1031 scribat,
592 961 652 1020 nisi
668 961 751 1041 qnod
767 965 802 1019 de
818 965 1016 1020 numeratione
1031 970 1119 1021 vetus
1134 963 1291 1023 Parisinus
1308 963 1391 1023 exhi·

252 1065 314 1124 bet.
360 1063 449 1142 Quas
473 1062 571 1122 verba
598 1065 723 1122 omnino
751 1064 891 1141 intellegi
917 1064 1007 1123 aliter
1031 1085 1095 1123 non
1119 1074 1248 1144 possunt
1273 1067 1333 1124 nisi
1358 1074 1392 1125 ut

254 1168 357 1247 aliquo
374 1167 475 1245 capite
490 1165 560 1225 libri
575 1166 622 1224 sui
638 1165 795 1242 Sedigitas
810 1174 934 1245 putetur
950 1164 1056 1225 dedita
1071 1186 1166 1245 opera
1180 1167 1256 1227 illud
1273 1167 1391 1247 discep-

252 1280 351 1338 tasse,
385 1288 444 1348 quo
479 1266 588 1327 ordine
618 1268 758 1345 singulae
784 1267 925 1327 Terentii
956 1267 1079 1328 fabulae
1106 1269 1315 1330 numerandae
1340 1271 1392 1330 vel

254 1368 484 1430 enumerandae
507 1378 611 1429 essent
631 1371 660 1429 b.
678 1390 705 1429 e.
728 1390 788 1449 quo
810 1389 843 1428 se
866 1368 975 1428 ordine
997 1360 1069 1429 sive¹
1088 1379 1176 1430 actae
1202 1372 1269 1432 sive
1290 1375 1391 1433 factae

254 1473 459 1553 excepissent.
504 1471 542 1531 Id
559 1472 830 1531 autemueminom
850 1473 929 1549 sagit
944 1492 1034 1551 quam
1050 1472 1087 1531 ab
1105 1492 1142 1532 eo
1158 1474 1286 1534 consilio
1304 1475 1391 1535 Sedi-

253 1576 324 1654 giti,
347 1574 439 1653 quale
462 1582 555 1633 antea
580 1573 809 1651 descripsimus,
832 1572 1006 1633 abhorreat.
1049 1575 1252 1635 Enumeravit
1272 1578 1298 1635 is
1315 1578 1390 1657 ipse,

253 1697 317 1737 non
334 1677 398 1754 egit
413 1675 452 1735 de
468 1676 716 1735 enumeratione:
739 1696 811 1734 nam
825 1679 860 1733 dc
875 1681 1073 1735 numeratione
1090 1673 1142 1736 vel
1163 1688 1331 1758 propterea
1346 1700 1392 1739 re·

253 1780 426 1838 iectaneum
442 1778 588 1857 estquod
604 1776 847 1836 ‘nmneratiorem’
864 1800 926 1838 non
943 1780 1082 1838 novimus
1099 1780 1190 1839 aliam
1206 1779 1318 1840 dietam
1333 1782 1393 1840 uisi

253 1881 438 1940 solationem
453 1881 615 1959 pecuniae.
658 1882 742 1958 Ergo
761 1881 844 1961 qnod
859 1882 1042 1962 requirimus
1057 1902 1122 1941 non
1139 1891 1185 1941 est
1205 1887 1245 1941 de
1270 1903 1393 1943 enume-

253 1984 388 2054 ratione,
414 1982 472 2042 sed
494 1987 530 2041 in
551 1984 784 2043 enumeratione
803 1984 917 2063 potius.
963 1983 1032 2061 Quo
1058 1992 1161 2043 tamen
1187 1985 1244 2043 etsi
1266 1986 1394 2045 satisfit

254 2085 442 2158 sententiae,
466 2106 530 2145 non
559 2095 605 2144 est
625 2085 700 2145 fidei
724 2063 868 2145 librorum
891 2087 964 2144 satis
986 2086 1100 2144 factam
1116 2087 1218 2167 quide
1234 2078 1393 2169 praeposi-

253 2189 370 2247 tionem
392 2207 500 2246 omnes
520 2196 639 2246 tenent.
684 2189 767 2247 Hinc
794 2190 887 2265 igitur
909 2189 1064 2266 profectus
1087 2188 1269 2267 Schopenus
1290 2188 1394 2248 subtili
1474 2172 1477 2177 ’

251 2298 286 2349 ut
304 2289 383 2349 solet
408 2289 523 2349 iudicio
540 2289 679 2350 Suetonii
706 2310 829 2349 manum
849 2287 900 2349 sic'
914 2297 961 2349 est
983 2289 1163 2350 adsecutus:
1195 2292 1337 2348 Volcatius
1359 2295 1394 2349 in

253 2394 555 2478 dinumeratione
571 2397 695 2450 omnium
713 2392 744 2451 h.
762 2412 789 2452 e.
812 2391 873 2451 ‘ubi
894 2390 1003 2451 ordine
1019 2397 1075 2452 sao
1090 2412 1195 2451 ornnes
1211 2412 1266 2451 sex
1287 2412 1394 2452 reeen-

253 2494 320 2553 set'.
357 2495 437 2553 Nara
458 2493 542 2574 quod
569 2496 686 2554 omissa‘
704 2496 935 2574 praepositione
957 2495 1095 2573 potuisse
1118 2495 1209 2553 etiam
1229 2498 1393 2553 dinumera·

163 2652 169 2659 ,
253 2600 328 2653 tione
346 2594 406 2653 dici
429 2595 609 2675 simpliciter
624 2597 753 2656 Rothius
775 2594 1136 2674 sibipe1suasitp.180,
1160 2596 1199 2655 de
1222 2612 1258 2655 eo
1280 2596 1394 2655 fefellit

220 2736 225 2744 ·
254 2717 322 2756 eum
338 2697 460 2778 opinio:
487 2699 724 2778 necquicquam
745 2697 875 2756 alienius
892 2718 983 2777 quam
999 2697 1108 2776 quibus
1130 2699 1222 2757 utitur
1245 2699 1393 2777 exemplis

254 2797 373 2870 ‘libello‘,
391 2801 595 2873 ‘praefatione’
618 2808 649 2859 ct
670 2820 749 2880 quae
765 2808 836 2859 sunt
857 2800 983 2873 similia,
1006 2799 1131 2879 quaudo
1154 2820 1213 2859 nee
1234 2799 1312 2859 libor
1335 2820 1394 2859 nee

253 2910 338 2960 certa
360 2922 432 2981 pars
454 2900 523 2960 libri
545 2903 597 2960 vel
618 2903 729 2961 iunctis
753 2906 952 2960 ‘dinumeratio
974 2900 1106 2960 omnium'
1126 2901 1228 2962 verbis
1251 2903 1302 2961 vel
1324 2904 1393 2961 sim·

253 3004 326 3083 plici
353 3002 561 3075 ‘dinumeratio’
585 3004 734 3063 vocabalo
763 3004 915 3084 appellari
939 3004 1049 3083 potuit.
1071 3037 1113 3047 -
1135 3004 1278 3063 Cetenim
1304 3024 1394 3084 quem

253 3106 319 3164 reri
335 3104 567 3166 dissimillimam
591 3116 638 3167 est
653 3106 692 3166 de
716 3107 947 3166 enumeratione
968 3104 1139 3166 fabularum
1160 3115 1395 3165 commentatum

255 3228 337 3282 esse,
361 3208 387 3267 is
403 3210 542 3287 profecto
559 3210 652 3286 longe
669 3211 761 3268 etiam
778 3207 931 3268 difficilius
948 3207 1089 3267 credetur
1109 3213 1144 3266 de
1163 3212 1394 3269 remuneratione

255 3309 424 3370 earundem
439 3309 545 3369 dedita
561 3330 656 3391 opera
673 3312 867 3390 exposuisse:
884 3330 975 3391 quam
989 3311 1172 3370 Mommseni
1188 3313 1393 3370 coniecturam

252 3413 274 3472 l.
296 3434 321 3472 s.
344 3434 368 3472 s.
390 3413 519 3473 Rothias
547 3414 804 3473 commemoravit.
853 3414 920 3471 Nec
947 3425 1072 3492 praeter
1095 3432 1187 3471 unam
1213 3413 1394 3472 Eunuchum

253 3512 414 3594 probabile
431 3523 478 3574 est
494 3515 618 3573 omnino
635 3516 789 3594 proditum
806 3535 873 3574 esse
889 3516 1054 3575 memoriae
1070 3523 1100 3575 et
1112 3515 1151 3574 ad
1168 3523 1308 3594 posteros
1324 3535 1393 3593 pro·

253 3625 412 3696 pagatam,
441 3616 596 3696 quodnam
621 3638 640 3676 a
661 3617 801 3677 ludorum
823 3615 1011 3677 curatoribus
1033 3618 1165 3696 pretium
1186 3618 1328 3695 singulae
1348 3616 1393 3674 fa·

253 3718 345 3779 bnlae
361 3720 572 3785 Terentianae
587 3720 781 3781 memisseut.

338 3936 363 4004 ³²)
383 3937 525 4001 Quaedam
544 3945 637 3990 antem
655 3940 725 3990 satis
743 3939 820 3989 illam
838 3937 1004 3989 mirabiliter
1020 3938 1074 3988 sibi
1092 3938 1256 3988 informasse
1269 3939 1331 4004 ipsa
1344 3936 1396 4009 illa

254 4040 373 4076 censura
389 4030 532 4090 poetaram
551 4020 645 4087 docet,
664 4026 694 4074 in
713 4040 766 4090 qna
779 4024 950 4089 expedienda
963 4023 1192 4088 defendendaque
1205 4039 1319 4088 operam
1332 4039 1393 4088 per-

254 4111 357 4161 didisse
375 4109 566 4176 Ladewigium
584 4115 660 4175 puto.
679 4138 711 4146 —
730 4109 858 4159 Ceterum
875 4122 1003 4159 versuum
1021 4108 1130 4159 illorum
1147 4108 1296 4173 septimum
1312 4107 1395 4158 uehe-

252 4200 361 4246 menter
387 4195 489 4245 suadeo
513 4199 543 4244 ut
566 4195 695 4245 desinant
718 4195 803 4244 talem
827 4193 956 4244 exhibere
984 4194 1051 4243 Dein
1075 4193 1201 4259 Naeuius,
1230 4194 1274 4259 qui
1296 4193 1415 4256 feracis

252 4283 337 4345 pretio
355 4282 382 4329 in
399 4282 513 4330 tertiari:
538 4295 591 4344 qno
616 4281 700 4329 etiam
723 4279 802 4344 peius
826 4278 883 4329 alii
899 4282 942 4345 qui
955 4280 1041 4341 ferret
1058 4280 1166 4342 pretium
1188 4278 1297 4327 tertium.
1334 4277 1395 4327 Vua

254 4381 297 4414 rue
320 4364 413 4414 iudice
431 4364 574 4430 probanda
591 4362 662 4414 haee
685 4379 781 4414 versus
800 4363 901 4413 forma:
927 4365 993 4413 Dein
1017 4362 1136 4419 Naeuius,
1161 4363 1204 4427 qui
1225 4367 1311 4411 seruet
1331 4378 1394 4426 pre·

253 4452 323 4511 tium,
342 4452 454 4499 tertiaret.
