3200 4992
723 383 766 424 aa
790 382 905 424 rearis
1345 364 1384 423 75

142 510 147 517 ’
244 538 367 594 textam
395 528 530 614 [nescio]
558 537 590 594 et
617 520 843 611 ὁδοιπορικῶν
869 527 987 623 librum
1002 544 1116 592 'unum
1149 537 1182 592 ct
1206 548 1329 614 paucos
1351 529 1386 592 in

245 653 372 696 socrum
397 632 564 695 Thraseae
591 631 626 697 in
653 633 785 696 Arriam
810 640 948 701 matrem
976 651 1105 713 uersus,
1131 651 1216 716 quae
1244 652 1279 694 se
1310 639 1386 695 ante

244 734 351 796 uirum
374 733 547 799 occiderat.
593 734 702 797 omnia
724 754 763 796 ea
785 742 898 798 auctor
920 732 983 795 fuit
1005 730 1169 795 Cornutus
1191 732 1286 796 matri
1317 732 1387 796 eius

243 842 279 896 ut
311 833 466 898 aboleret.
508 834 632 898 editum
658 834 778 899 librum
806 836 959 899 continuo
985 834 1098 898 mirari
1119 833 1267 899 homines
1289 841 1322 896 et
1339 832 1386 897 di-

219 936 349 1021 tripero
366 944 552 1021 coeperunt.
595 935 736 1000 decessit
754 944 862 1000 autem
885 937 965 1000 uitio
986 933 1144 1007 stomachi
1162 956 1246 998 anno
1268 935 1386 998 aetatis
1424 984 1426 988 .

330 1135 409 1221 [Sed
430 1158 508 1202 mox
527 1144 565 1201 ut
580 1159 600 1200 a
615 1136 726 1202 schola
742 1138 974 1224 magistrisque
990 1137 1152 1221 diuertit‚]
1167 1137 1251 1201 lecto
1267 1135 1387 1200 Lucilii

243 1238 328 1315 libro
350 1238 477 1303 decimo
499 1239 709 1303 uehementer
737 1240 853 1304 satiras
881 1258 1074 1326 componere
1101 1239 1259 1319 instituit,
1293 1238 1386 1301 cuius
1414 1314 1421 1323 ι

243 1339 319 1404 libri
344 1341 540 1428 principium
567 1342 714 1425 imitatus
742 1349 807 1423 est,
835 1340 899 1405 sibi
920 1342 1025 1426 primo
1053 1362 1130 1405 mox
1159 1339 1309 1404 omnibus
1334 1338 1387 1402 de-

209 1432 424 1525 retracturus,
454 1464 527 1506 eum
554 1450 647 1506 tanta
676 1442 856 1506 recentium
883 1451 1052 1528 poetarum
1086 1450 1120 1506 et
1148 1450 1312 1506 oratorum
1339 1441 1386 1504 in·

243 1544 440 1625 sectatione,
463 1552 500 1607 ut
522 1546 619 1608 etiam
643 1542 806 1608 Neronem
830 1543 918 1607 illius
941 1544 1096 1629 temporis
1119 1544 1304 1630 principem
1321 1540 1387 1605 cul·

241 1646 380 1730 pauerit.
424 1647 655 1709 cuius·nersus
678 1647 713 1710 in
735 1643 897 1708 Neronem
919 1666 993 1709 cum
1015 1647 1061 1708 ita
1083 1667 1118 1709 se
1139 1643 1289 1709 baberet:

425 1752 437 1761 “
488 1746 650 1810 auriculas
673 1746 757 1811 asini
780 1745 872 1809 Mida
893 1767 953 1811 rex
974 1745 1090 1828 habet,

164 1888 173 1897 -
242 1848 372 1911 ineam
395 1845 525 1911 modum
555 1868 575 1909 a
605 1846 751 1911 Cornuto
774 1847 844 1933 ipso
867 1850 931 1912 iam
958 1855 1027 1910 tum
1050 1854 1177 1911 mortuo
1206 1842 1256 1910 est
1276 1868 1384 1911 emen·

172 1954 177 1957 “
209 1968 234 2009 rs
244 1948 357 2012 datus:

488 2047 651 2113 auriculas
672 2050 756 2114 asini
779 2049 853 2135 quis
875 2048 1082 2114 nonhabet?

242 2171 284 2214 ne
305 2148 366 2214 hoc
389 2149 475 2213 Nero
499 2151 589 2214 inse
611 2151 733 2214 dictum
755 2149 980 2214 arbitraretur.

329 2339 359 2388 12
370 2354 430 2403 sqq.
444 2337 534 2389 Sebol.
548 2340 625 2389 Pers.
638 2341 651 2389 l
667 2339 727 2389 121:
742 2340 868 2390 ‘Persius
880 2340 922 2388 sic
934 2340 1057 2405 scripsit:
1072 2338 1212 2389 auriculas
1225 2339 1298 2389 asini
1310 2338 1386 2389 Mida

241 2423 290 2456 rex
307 2406 401 2467 habet,
419 2406 467 2455 sed
487 2406 623 2458 Cornutus
641 2408 693 2458 hoe
711 2408 842 2468 mutauit,
867 2407 909 2456 ita
927 2422 1045 2473 ponens:
1069 2406 1208 2457 auriculas
1231 2408 1303 2457 asini
1327 2407 1387 2473 quis

242 2474 407 2535 nonhabet,
427 2475 532 2523 ueritus
550 2490 584 2525 ne
602 2476 674 2526 Nero
693 2476 721 2525 in
739 2476 883 2527 aedictum
902 2473 1031 2540 putaret!

242 2664 374 2718 restituta
402 2666 453 2717 est.
499 2669 625 2720 ceterum
656 2663 759 2722 nescio
787 2667 844 2720 tum
871 2665 1007 2723 Pithoeus
1034 2672 1062 2722 et
1086 2665 1203 2721 Reizius
1231 2668 1387 2722 omiserunt

241 2763 332 2804 causa
353 2764 409 2803 uon
430 2747 537 2804 addita.
571 2755 761 2824 praetextam
777 2748 882 2809 Restio
906 2752 1042 2818 latntes,
1066 2751 1251 2807 Heinricttius
1270 2769 1299 2828 p.
1323 2749 1385 2807 Na·

241 2831 307 2889 sica
332 2833 481 2889 Prelterus
502 2851 532 2909 p.
552 2832 666 2891 Vescia
688 2835 826 2891 Hertziue
847 2854 877 2912 p.
896 2834 1012 2893 Decius
1034 2836 1201 2892 Dilutzcme
1227 2854 1257 2911 p.
1280 2836 1385 2893 nescio

241 2934 332 2993 quam
352 2917 383 2973 0.
405 2916 578 2974 Ribbeclct'ua
601 2925 676 2992 trop.
698 2921 748 2978 lat.
770 2922 821 2976 ret.
836 2938 866 2992 p.
887 2925 944 2976 351
958 2914 971 3000 Η
989 2930 1001 2980 l
1017 2909 1214 2993 ὅδοιπορικών
1235 2921 1387 2977 Pithoeus:

242 2999 387 3079 operieon
409 3002 476 3057 libri
489 2995 502 3080 Η
517 3009 534 3060 2
551 3020 670 3060 socrum
690 3004 891 3061 Caecubouua:
912 3023 1048 3062 sororum
1062 3007 1129 3061 libri
1141 2999 1154 3084 Η
1169 3003 1319 3062 Thraciae
1337 3005 1389 3060 LP

244 3079 257 3164 Η
274 3095 291 3147 3
306 3081 356 3162 aa]
371 3093 472 3142 autem
487 3086 515 3142 P
526 3079 541 3167 Η
553 3094 571 3146 4
583 3085 721 3145 aboleret
735 3090 887 3145 Pithoeus.-
903 3087 1056 3147 aborteret
1074 3091 1098 3145 L
1116 3088 1292 3147 abhorreret
1310 3091 1358 3146 PG
1373 3082 1386 3167 Η
1429 3078 1432 3089 ’

243 3170 407 3237 οάἰωιητ-
420 3174 585 3248 coeperunt
596 3189 687 3245 supra
700 3180 768 3245 poet
781 3171 939 3231 edendum
953 3177 1120 3232 collocanda
1134 3178 1244 3232 censuit
1260 3176 1386 3231 Bruttiu-

239 3272 328 3330 9erua
341 3251 354 3332 Η
370 3265 386 3315 5
407 3253 545 3312 fecerunt
559 3256 610 3313 uel
632 3264 797 3334 coeperunt
814 3260 842 3314 P
854 3251 867 3337 Η
884 3256 1067 3315 decessit-
1079 3257 1177 3317 XXX
1194 3262 1296 3331 spuria
1314 3262 1386 3316 tricli-

211 3385 215 3391 .
241 3345 315 3398 cavit
333 3341 521 3398 Heinrielriuc
535 3332 548 3421 Η
563 3348 580 3402 6
595 3341 727 3400 XXIIX
741 3344 874 3400 Reiztue:
889 3341 987 3400 XXX
997 3345 1063 3400 libri
1078 3347 1135 3401 nisi
1147 3347 1224 3416 quad
1234 3347 1261 3398 ia
1278 3346 1386 3400 Psuao

242 3428 360 3485 additur
373 3418 387 3505 Η
403 3423 534 3485 ised-
543 3422 667 3483 diuertit
680 3431 785 3484 seclusi
799 3420 811 3507 Η
827 3426 911 3485 scola
922 3429 973 3484 ΒΡ
985 3420 998 3507 Η
1015 3435 1045 3485 et
1054 3428 1205 3503 magistris
1218 3431 1245 3483 P
1258 3422 1263 3508 Η
1287 3426 1386 3485 diuer-

243 3519 322 3567 terat
340 3513 366 3567 P
386 3505 398 3587 Η
419 3507 496 3566 libro
517 3508 628 3567 Lucilii
647 3508 762 3568 decimo
780 3514 830 3568 PG
846 3506 891 3591 Ηδ
909 3520 1027 3569 saturas
1047 3515 1074 3569 P
1087 3521 1206 3591 satyras
1225 3515 1248 3568 L
1276 3507 1280 3591 Η
1302 3511 1385 3569 insti-

243 3595 338 3652 tuitL
360 3594 475 3654 studuit
495 3596 545 3651 GP
564 3595 603 3668 af.
624 3595 776 3653 Suetonius
795 3600 830 3653 cte
853 3616 973 3669 yramm.
997 3606 1025 3654 et
1039 3598 1112 3653 rtet.
1132 3602 1167 3654 21
1184 3598 1316 3654 donatus
1330 3600 1387 3654 uita

249 3681 332 3754 Vcrp.
345 3700 376 3753 p.
393 3687 443 3749 59,
462 3684 546 3751 lisa.
561 3673 575 3759 Η
591 3678 810 3742 9detraeturus
824 3684 846 3738 G
859 3680 1044 3739 detractatae
1056 3682 1079 3736 L
1091 3679 1268 3739 detrectatis
1284 3683 1310 3738 P
1354 3690 1386 3742 10

242 3765 414 3823 recencium
431 3765 454 3819 L
469 3755 483 3842 Η
501 3772 529 3822 ΙΙ
550 3763 752 3843 inculpauerit
769 3768 793 3821 L
811 3765 940 3843 culparit
957 3769 984 3822 Ρ
1003 3760 1016 3846 Η
1039 3772 1072 3827 12
1096 3763 1244 3824 baberent
1259 3768 1311 3825 LP
1354 3774 1385 3828 14

242 3844 325 3926 eum]
341 3848 421 3907 hunc
443 3850 469 3904 Ρ
481 3845 494 3927 Η
510 3846 575 3927 ipso
595 3850 655 3907 iarn
675 3859 738 3906 tum
755 3858 870 3922 mortuo
885 3852 1051 3908 ›Prcltcrum
1074 3851 1140 3929 ipse
1159 3854 1276 3909 tantum
1296 3849 1385 3908 modo

240 3936 308 3990 libri
324 3938 380 3991 uiri
405 3938 482 4007 quaed
499 3937 567 3992 iaG
593 3943 709 3992 tanturn
730 3933 818 3992 inodo
838 3941 905 4007 pust
926 3934 1104 3994 emendatus
1127 3943 1174 3994 ost
1193 3938 1297 4011 lepitur
1318 3930 1332 4016 Η
1354 3943 1384 3997 17

242 4036 315 4075 uero
328 4018 411 4075 Nero
425 4021 453 4075 Ρ
466 4014 479 4100 Η
493 4019 525 4077 in
539 4038 572 4077 se
583 4018 666 4077 Nero
682 4016 805 4076 ductum
825 4021 849 4076 L

682 4290 700 4327 Q
