3186 4996
249 422 289 493 36
628 440 669 488 bn
692 438 778 489 vtnts'
800 437 1014 489 intvsrntstls

789 599 852 659 VII

156 689 231 762 12*
305 692 499 759 'Pncvvivs
523 695 742 758 Brundisinus
769 694 1011 779 tragoediarum
1039 693 1178 758 scribtor
1199 692 1306 757 clerus
1335 692 1390 755 ha-

247 799 342 864 betur
372 804 410 874 (α.
435 807 521 879 600),
544 796 645 859 Ennii
666 806 781 882 poetae
804 819 847 860 ex
868 796 936 859 filia
959 818 1074 882 nepos,
1094 795 1243 881 uixitque
1267 795 1391 858 Romae

247 899 355 986 quoad
377 900 538 986 picturam
564 899 712 962 exercuit
733 919 771 961 sc
794 897 923 961 fabulas
946 896 1146 960 nenditnuit:
1186 896 1304 960 deinde
1328 894 1392 978 Ta,

246 1010 373 1064 rentum
396 1009 622 1084 transgressus
644 1021 744 1085 prope
766 1000 1008 1083 nonagenarius
1032 986 1118 1061 diem
1141 996 1231 1062 obiit.

781 1120 860 1181 VIII

156 1225 231 1299 13*
331 1252 364 1298 1..
396 1249 518 1298 Acctvs
540 1235 783 1320 tragoediarum
803 1233 942 1298 scribtor
960 1232 1066 1297 clarus
1089 1232 1227 1297 habetur
1248 1238 1286 1309 (a.
1310 1240 1411 1309 diets

245 1346 340 1400 natus
352 1336 504 1400 Mancino
520 1345 551 1399 ot
567 1336 708 1400 Serrano
720 1358 801 1399 coss.
822 1341 861 1412 (a.
875 1343 945 1413 582)
963 1334 1153 1422 parentibus
1165 1333 1338 1414 libertinis,
1359 1341 1392 1394 et

246 1440 317 1503 seni
338 1440 403 1502 iam
421 1437 566 1502 Pacuuio
582 1436 716 1501 Tarenti
732 1459 790 1501 sua
812 1438 934 1523 scripta
951 1437 1116 1500 recitauit:
1138 1457 1159 1497 a
1180 1455 1243 1522 quo
1267 1442 1299 1497 et
1319 1433 1390 1496 lun·

333 1656 387 1711 l2*
405 1660 589 1723 Hieronymus
608 1658 651 1709 ΟΙ.
674 1659 735 1721 156,
754 1658 779 1709 3.
809 1658 914 1708 Gellius
933 1659 1012 1707 XVII
1029 1658 1075 1719 21,
1095 1657 1140 1707 ts:
1165 1657 1208 1707 ‘et
1226 1656 1342 1706 subinde
1362 1660 1390 1704 et

245 1728 385 1778 Pacuuius
408 1727 478 1792 (port
501 1727 608 1776 Ennium
630 1735 656 1777 et
685 1728 816 1777 Caecilium
843 1724 986 1788 Statiuml'
1028 1725 1135 1775 Plinius
1163 1725 1195 1773 N.
1225 1723 1260 1773 H.
1289 1723 1390 1772 XXXV

248 1794 291 1843 rs:
312 1796 447 1846 ‘Proxime
467 1794 610 1844 celebrata
629 1800 672 1844 est
689 1797 717 1844 in
737 1796 795 1844 loro
814 1794 910 1843 boario
929 1793 998 1842 aede
1017 1793 1147 1842 Herculis
1168 1792 1274 1841 Pacuui
1288 1795 1388 1855 poetae

245 1864 363 1929 pictura.
404 1863 487 1934 Ennii
516 1878 608 1911 sorore
632 1863 743 1927 genitus
766 1862 812 1910 hic
837 1862 891 1910 fuit
913 1860 1111 1925 clarioremque
1136 1864 1223 1908 srtern
1252 1874 1313 1907 eoin
1336 1858 1389 1907 Ro-

245 1946 307 1979 mae
326 1931 396 1981 lecit
413 1930 502 1994 gloria
521 1928 660 1979 scaenae)
697 1930 830 1979 Horatius
849 1928 930 1994 epist.
950 1928 977 1977 11
999 1926 1025 1989 Ι,
1050 1927 1082 1977 55
1095 1942 1150 1991 sq.:
1171 1926 1282 1975 ‘Aufert
1296 1926 1389 1974 Pacu-

243 1999 306 2048 uius
329 1998 405 2048 docti
428 1998 531 2046 t'smsm
554 1998 642 2053 sonis,
667 1998 768 2046 Accius
787 1994 857 2046 alti!
893 1995 929 2045 cf.
943 1995 1067 2045 Velleius
1084 1996 1111 2043 ΙΙ
1129 1992 1346 2055 Quintilianus
1365 1993 1388 2041 X

209 2102 214 2109 .
246 2064 272 2125 l,
292 2064 324 2114 97
345 2064 451 2115 Gellius
469 2064 483 2113 1
501 2064 546 2126 24,
564 2065 594 2113 4:
628 2064 819 2129 ‘Epigramma
837 2063 953 2113 Pacuuii
978 2062 1238 2113 uerecundissimum
1257 2066 1285 2110 et
1302 2061 1389 2125 puris·

244 2134 343 2183 simum
362 2133 529 2197 dignumque
548 2133 608 2180 eius
627 2132 836 2197 elegantissime
854 2132 1008 2196 grauitate:

396 2198 566 2248 Adulescens
583 2206 640 2249 tarn
659 2201 712 2249 etsi
728 2214 874 2264 properas,
895 2205 922 2248 te
940 2198 993 2248 hoc
1011 2213 1107 2247 saxum
1125 2201 1217 2261 rogat,

396 2273 426 2315 nt
444 2282 505 2316 sese
525 2269 660 2332 aspicias,
681 2267 782 2316 deinde
801 2266 872 2331 quod
890 2266 1021 2330 scripturn
1042 2270 1084 2315 est
1102 2264 1189 2329 legas.

396 2334 443 2383 hic
461 2339 525 2383 sunt
542 2341 643 2399 poetae
662 2335 768 2384 Pacuui
787 2335 875 2383 Marci
894 2335 950 2383 sits
1004 2342 1010 2351 ·

396 2418 468 2451 ossa.
503 2402 555 2451 hoc
573 2402 701 2452 nolebam
719 2403 830 2451 nescius
850 2417 883 2450 no
902 2417 986 2449 esses.
1005 2398 1088 2449 uale’

243 2459 427 2527 Varro'Ovor
445 2460 533 2532 λύρας
551 2471 623 2535 apud
642 2470 711 2519 Non,
731 2486 756 2534 p.
776 2468 821 2529 88,
841 2470 858 2516 4
877 2468 930 2531 (ΙΙΙ
947 2466 1063 2516 Vahlen.
1083 2483 1109 2531 p.
1127 2466 1157 2527 4,
1177 2463 1285 2530 quq.):

396 2537 497 2586 ‘Pacui
516 2536 667 2602 discipulus
685 2537 775 2597 dicor,
796 2552 875 2599 porro
894 2537 918 2585 is
937 2535 1093 2594 turturini,

444 2605 553 2653 'Ennio'
572 2607 724 2661 Musarum,
744 2603 895 2667 Pompilius
914 2600 1031 2651 clusor.’

332 2668 385 2724 ld*
402 2672 586 2735 Hieronymus
609 2670 654 2720 01.
679 2669 740 2732 160,
770 2672 795 2719 2.
820 2670 918 2719 Cicero
941 2670 1019 2718 Brut.
1043 2668 1088 2731 ot,
1118 2667 1180 2717 229:
1216 2670 1261 2716 ‘ut
1286 2668 1401 2717 Accius·

242 2739 331 2789 isdem
350 2738 488 2789 aedilibus
507 2740 548 2788 ait
566 2754 595 2788 sc
620 2743 649 2787 et
671 2739 823 2788 Pacuuium
842 2738 968 2787 docuisse
992 2735 1129 2795 fabulum,
1157 2751 1217 2785 cum
1240 2736 1287 2785 ille
1311 2741 1387 2784 octo·

243 2807 335 2871 gluto,
357 2809 415 2872 ipse
430 2807 546 2869 triginta
564 2820 650 2855 annos
669 2811 749 2854 natus
763 2803 860 2855 esset'
880 2804 1007 2868 Scaliger
1025 2805 1141 2853 adnotat
1160 2818 1232 2852 anno
1250 2803 1385 2865 Hierony·

242 2875 335 2924 miano
349 2876 385 2937 (a.
398 2872 457 2931 uls)
472 2875 556 2922 fnisse
571 2874 683 2921 Accium
698 2888 828 2937 annornm
842 2872 974 2933 XXXlll,
994 2888 1097 2921 memor
1109 2871 1157 2919 ille
1170 2871 1199 2919 ni
1212 2870 1294 2920 fallor
1305 2870 1386 2919 huius

242 2941 420 3007 Ciceroniani
439 2941 502 2990 loci.
529 2940 634 2990 Gellius
652 2940 726 2989 XVlI
739 2940 784 2995 21,
809 2940 855 2989 lli:
881 2943 923 2989 ‘et
942 2939 1057 2990 subinde
1078 2944 1105 2989 et
1122 2939 1261 2988 Pacuuius
1280 2943 1309 2987 et
1333 2939 1385 2986 ra·

243 3011 325 3059 cuuio
338 3011 395 3059 iam
408 3024 474 3058 sene
487 3006 608 3057 Accius'
622 3007 728 3057 Gellius
738 3009 805 3057 XllI
818 3009 847 3056 2:
869 3007 945 3057 ‘Cum
958 3008 1098 3058 Pacuuius
1111 3007 1209 3071 grandi
1222 3007 1277 3055 iam
1291 3011 1386 3054 aetate

242 3081 271 3124 et
289 3078 382 3126 inorbo
402 3077 524 3142 corporis
541 3077 647 3125 diutino
672 3076 799 3125 adlectus
817 3076 968 3124 'l‘nrcntum
992 3091 1026 3124 ex
1043 3076 1111 3124 urbe
1128 3075 1216 3123 Roma
1234 3073 1386 3123 concessis·

242 3150 298 3205 set,
319 3146 420 3194 Accius
440 3150 504 3193 tunc
522 3143 591 3192 haut
609 3158 695 3208 paruo
713 3144 816 3204 iunior,
836 3144 1015 3207 proficiscens
1034 3142 1187 3203 indolem,
1208 3157 1268 3190 oum
1287 3143 1316 3189 in
1339 3143 1385 3204 op³

242 3211 334 3275 pidum
352 3213 488 3272 uouisset,
509 3212 631 3261 deuertit
654 3211 689 3260 sd
711 3211 863 3260 Pacuuium
888 3210 1057 3275 comiterque
1080 3210 1216 3259 inuitatus
1238 3208 1386 3274 plusculis·

243 3294 294 3343 que
319 3279 354 3329 ab
385 3296 417 3328 eo
445 3279 543 3328 (liebus
572 3284 696 3329 retentus
724 3279 896 3343 tragoediam
920 3294 996 3328 suam
1026 3278 1071 3328 eui
1095 3278 1194 3327 Atreus
1222 3291 1320 3326 nomen
1344 3281 1387 3326 est

242 3346 413 3395 desideranti
436 3346 514 3410 legit.
559 3352 616 3396 turn
639 3346 792 3397 Pacuuium
816 3346 918 3395 dixisse
942 3347 1033 3407 siunt,
1064 3359 1164 3395 sonore
1192 3344 1299 3409 quidem
1324 3359 1385 3393 csse

242 3428 312 3478 quae
331 3415 490 3464 scribsisset
509 3419 537 3463 et
555 3415 686 3479 grandin,
716 3414 765 3464 sed
783 3413 873 3463 uideri
897 3419 991 3463 tamen
1010 3429 1044 3464 ea
1067 3413 1121 3462 sibi
1140 3412 1251 3462 duriora
1273 3411 1385 3476 paulum

242 3488 270 3529 et
293 3483 447 3532 acerbiora.
476 3483 521 3531 lte
540 3489 597 3542 est,
616 3482 707 3547 inquit
724 3483 838 3543 Accius,
859 3482 900 3530 uti
917 3481 1000 3542 diois,
1020 3496 1109 3544 neque
1128 3480 1156 3529 id
1173 3495 1215 3528 me
1232 3494 1301 3528 sane
1320 3494 1385 3542 pao·

240 3550 324 3611 nitet3
354 3550 469 3599 meliora
488 3550 560 3599 enim
579 3550 636 3599 lore
656 3565 749 3614 spero,
775 3565 844 3613 quac
869 3549 1000 3613 deinceps
1019 3549 1147 3599 scribam.
1184 3562 1248 3595 nam
1267 3546 1337 3609 quod
1355 3546 1384 3593 in

240 3618 340 3681 pomis,
370 3619 478 3679 itidem,
508 3618 612 3682 inquit,
638 3633 699 3667 esse
723 3618 802 3667 aiunt
825 3618 854 3666 in
873 3617 1006 3682 ingeniis:
1044 3631 1114 3680 quae
1139 3614 1207 3663 dura
1232 3620 1260 3662 et
1283 3612 1385 3662 acerba

175 3834 182 3847 .
239 3805 264 3875 Ι,
275 3824 307 3878 p.
325 3811 382 3863 325
397 3800 412 3887 ΙΙ
428 3805 575 3865 translate
591 3800 689 3886 6¹1)le
706 3784 907 3863 comiceBCll
922 3799 936 3884 ΙΙ
952 3803 1057 3860 formio
1076 3804 1128 3859 BG
1140 3795 1153 3881 H
1172 3812 1203 3863 10
1220 3809 1250 3859 ct
1267 3772 1321 3857 obt.
1337 3794 1383 3879 All

240 3937 338 4018 ekyra
358 3945 393 3997 Α.
413 3940 518 3999 hecira
539 3943 598 3998 BC.
621 3959 736 4018 ancyra
751 3943 787 3996 E.
804 3941 910 4017 Ecyra
924 3940 956 3995 Z.
974 3937 1077 3996 schira
1090 3939 1153 3994 DF.
1177 3935 1308 4013 liechies
1332 3937 1355 3992 G
1375 3931 1384 4014 ll

237 4024 466 4102 reliquerint
486 4038 514 4086 ll
528 4044 679 4084 succensu
692 4033 722 4083 et
738 4028 793 4082 Eo.
807 4022 956 4082 successit
967 4030 998 4081 ct
1010 4023 1088 4079 BCD
1110 4015 1123 4102 11
1144 4020 1248 4099 precio
1264 4025 1289 4078 Α
1307 4034 1314 4097 Ι,
1332 4039 1382 4077 en·

237 4124 333 4167 nuens
352 4109 429 4168 Bon
449 4103 463 4191 ΙΙ
484 4130 596 4189 necyra
616 4113 653 4167 Ε.
679 4111 783 4195 Ecyra
805 4111 837 4167 Z.
863 4107 967 4166 echira
987 4109 1049 4165 BG.
1075 4105 1152 4165 haec
1176 4107 1222 4163 ira
1248 4111 1282 4163 Α.
1305 4104 1382 4162 haec

239 4193 344 4254 schira
355 4198 384 4252 F
397 4194 409 4272 l}
427 4204 458 4255 ΓΙ
473 4214 547 4274 sepe
563 4199 588 4252 A
602 4189 615 4274 ll
631 4196 775 4252 uixstaA

325 4289 336 4340 l
352 4279 553 4338 Brundisinus
569 4281 597 4335 B
611 4277 822 4337 Brundusiuus
837 4280 864 4334 Ρ
878 4279 978 4349 (Scal.)
995 4271 1008 4357 ΙΙ
1024 4276 1153 4354 scriptor
1174 4277 1275 4348 (Scol.)
1297 4283 1324 4331 et
1340 4279 1382 4331 sic

236 4380 351 4436 semper
373 4360 386 4444 ΙΙ
408 4365 531 4424 tEnnii
553 4372 664 4441 poetae
687 4381 725 4421 ex
745 4363 807 4421 filia
823 4381 918 4440 nepos
934 4381 987 4419 om.
1004 4363 1079 4419 Scol.
1101 4361 1141 4433 cf.
1162 4364 1238 4419 Ptin.
1257 4362 1274 4417 Ι.
1295 4378 1320 4417 c.
1337 4353 1383 4438 113

236 4446 613 4510 uenditauitBPnendidit
625 4443 700 4505 Scol.
717 4441 730 4527 ΙΙ
745 4447 882 4509 5Lucius
896 4446 971 4505 Soet.
988 4441 1001 4528 ΙΙ
1016 4444 1163 4509 6Macino
1176 4447 1205 4504 B
1220 4441 1233 4525 ΙΙ
1249 4441 1341 4507 condo*
1354 4445 1383 4501 B
