3220 5022
249 387 310 450 330
423 371 655 445 εειῖέιτυυυτι
677 400 763 442 nunu
788 401 828 440 υτ
852 399 985 441 τυσιονο
1010 399 1205 441 οιικτοουιυι

369 600 634 651 SVPPLEMENI'I
657 600 758 649 LIBRI
782 601 832 649 DII
855 599 1007 649 LVSIBVS
1032 598 1257 649 GRAECORVM

332 702 492 751 Eustathius
502 701 552 751 Od.
566 702 578 750 I
596 700 653 749 395.
679 698 886 766 βασιλίνδα,
905 693 1010 749 παιδιά
1019 716 1061 757 τις
1071 694 1205 764 βασιλέας
1221 692 1302 756 τινάς
1313 690 1381 749 άπο-

246 768 391 821 δεικνῦσα.
433 769 464 818 ΙΙ.
488 770 567 818 xvfl
591 767 648 817 380.
681 761 812 819 ἐνταῦθα
836 761 868 816 δέ
892 761 1109 829 σπουδαιοτάτην
1135 759 1264 832 έλκυσμρῖ
1291 783 1383 829 παρα-

245 832 377 914 πηκγέον,
397 831 425 885 εί
442 836 527 887 δοκεῖ
541 834 593 885 καί
609 851 673 885 τινα
693 826 819 899 ἑτεροῖον
836 830 904 919 μέν,
932 826 1064 916 α’ρχῆθεν
1083 829 1115 885 δὲ
1134 827 1383 899 παραδεδόμενον,

244 896 276 962 ός
295 921 331 969 ην
350 894 563 955 ἕλκυστίνδα
582 897 720 968 λεγομένη
739 902 857 965 παιδια,
885 920 919 970 ης
937 919 1021 967 μερος
1040 906 1088 952 καί
1106 895 1137 952 τό
1157 896 1323 964 υκαπέρδαν
1342 896 1383 952 ἕλ-
1468 913 1471 918 “

244 987 320 1029 κειν,
344 960 413 1034 ὅπερ
437 962 569 1021 τοιοῦτόν
592 983 682 1033 φασιν
705 987 750 1035 ην.
792 964 877 1028 δόκος
898 963 1084 1036 α’νδρομήκης
1108 969 1204 1020 ἵστατο
1227 985 1309 1035 τετρη
1333 964 1384 1034 ένη

244 1034 316 1090 κατά
335 1033 431 1113 μέηον,
453 1032 639 1113 διήρτηταδὲ
659 1029 697 1088 δι’
714 1030 803 1102 αύτῆς
822 1030 950 1117 σχοίνιόν
972 1055 1013 1100 τι,
1039 1031 1073 1089 ού
1098 1029 1278 1101 έκατέρωθεν
1300 985 1383 1115 ύὲημῑ

243 1101 325 1171 με’νοι
345 1103 398 1156 δυο
418 1104 563 1156 νεανίσκοι
582 1105 741 1155 ανθεῖλκον
765 1099 959 1167 έντρεφαντες-
976 1097 1108 1171 άλλήλοις
1131 1099 1166 1155 τά
1189 1105 1271 1155 νῶτα.
1312 1121 1328 1156 ο
1352 1103 1383 1155 δε

244 1167 330 1240 βιασά
354 1188 417 1230 ενος
435 1170 485 1223 καὶ
503 1166 675 1238 προαγαγών
693 1164 764 1224 αύτό
782 1173 832 1238 τῆς
854 1172 944 1225 δσκσύ
962 1167 1043 1224 ἐνίκα
1061 1168 1112 1225 τόν
1130 1168 1234 1237 ἕτερον.
1272 1165 1302 1223 έκ
1320 1170 1384 1222 τού-

244 1257 295 1291 του
315 1191 351 1290 δέ
369 1238 418 1291 καὶ
440 1235 474 1291 τά
487 1240 623 1315 ,δυσχερῆ
641 1233 736 1291 πάντα
755 1236 921 1304 σκάπερδαν
941 1236 1038 1306 ἔλεγον
1056 1240 1262 1313 παροιμιακοός,
1282 1234 1331 1291 διά
1351 1233 1383 1290 τό

246 1301 385 1359 ἐπίπονον
407 1307 457 1374 τῆς
481 1309 565 1374 ολκῆς
591 1304 640 1357 καὶ
665 1308 715 1373 τῆς
737 1299 894 1374 άνθολκῆς.
930 1309 962 1358 Il.
987 1310 1079 1360 XVIII
1098 1308 1156 1359 543.
1176 1305 1258 1358 καλο
1283 1300 1383 1358 ἔποσ-

245 1368 450 1457 τρακισμός·
477 1371 556 1434 εἶδος
573 1370 605 1425 δὲ
628 1362 711 1433 οὖτος
731 1375 866 1435 παιδιάς,
891 1368 964 1427 καθ’
987 1366 1024 1441 ῆν
1048 1392 1137 1441 φασιν
1160 1367 1296 1439 όστράκια
1314 1376 1384 1425 πλα·

244 1459 294 1521 ηεα
320 1435 522 1521 έκτετριμμένα
546 1435 602 1494 ὑπὸ
627 1437 776 1509 θαλάσσης
799 1441 949 1507 προίενται
975 1438 1048 1522 καμά
1071 1443 1121 1522 τῆς
1144 1437 1316 1508 ἐπιφανείας
1334 1441 1385 1517 τού

245 1527 334 1575 υγρου
357 1510 406 1560 καλ
431 1502 615 1576 ἐπιτρέχοντα
639 1501 731 1561 ἐνίοτε
749 1506 899 1574 πολλάκις,
925 1507 975 1569 ἕως
999 1528 1181 1578 ατονησαντα
1200 1509 1286 1560 δυοῖσι
1310 1526 1383 1561 κατα
1459 1530 1464 1535 ·

245 1571 393 1642 θαλάσσης
425 1569 547 1644 ἡδίστην
582 1575 732 1629 ποιοῦνται
762 1573 919 1641 πρόσοψιν·
954 1576 1003 1629 ἔτι.
1023 1571 1139 1630 ἐκεῖθεν
1165 1575 1214 1630 καλ
1242 1576 1384 1644 παροιμία

245 1637 292 1695 ἐπὶ
316 1645 372 1694 τῶν
394 1634 458 1695 ὅποι
482 1638 553 1710 τύχη
574 1642 829 1721 μεταραλλομένων
851 1640 896 1697 τό·
918 1637 1059 1709 ὀστράκου
1080 1638 1271 1711 περιστροφή·
1288 1639 1315 1713 ἦ
1339 1636 1384 1696 όσ·

247 1706 354 1776 τρόκου
377 1713 617 1777 περιστραφέντος
640 1733 657 1779 η
676 1711 896 1776 μεταπεσόντος·
920 1706 1024 1765 ταύτόν
1048 1706 1203 1777 δἐἰπεῖν,
1222 1712 1385 1792 τῶνπραγ·

246 1773 344 1846 μάτων
372 1772 581 1844 έξαλλαγέντων
608 1773 645 1839 οἱς
675 1776 781 1846 ἔτυχεν.
829 1775 934 1847 ἐλέχθη
964 1777 996 1833 δὲ
1028 1779 1077 1832 καὶ
1104 1773 1175 1847 αύτῆ
1204 1772 1235 1831 Iu
1265 1780 1384 1838 παιδιας

245 1841 389 1927 ηοιαύτης.
407 1847 528 1923 ,παῖδες
547 1844 601 1901 δύο
625 1848 740 1914 γραμμῇ
762 1866 819 1900 τιτι
845 1841 1041 1919 μεσολαβούση
1059 1843 1238 1916 διεστηκότες
1255 1842 1384 1915 α’λλῆλων

245 1916 595 1979 οστρακονανερρίπτουυ,
615 1908 650 1968 οὖ
668 1910 794 1978 θάτερον
811 1911 865 1983 μὲν
882 1913 967 1983 μέρος
986 1913 1200 1983 πεπισσωμένον
1217 1909 1268 1984 ῆν,
1288 1911 1319 1967 τὸ
1338 1907 1381 1966 έν-

244 1976 291 2040 τὸς
311 1977 433 2050 δηλαδή,
453 1979 484 2033 τὸ
503 1978 535 2033 δέ
554 1975 632 2043 έκτός
651 1978 820 2035 α’πίσσωτον.
857 1978 988 2047 διάριστο
1007 1982 1039 2037 δὲ
1052 1989 1112 2043 τοῖς
1128 1983 1326 2052 συμπαίζουσι,
1344 2001 1384 2033 τι-

245 2051 302 2100 νων
320 2040 422 2118 μὲνῆν
439 2044 536 2116 τότῆν
553 2053 659 2103 πίσσαν
677 2048 755 2118 έχον,
779 2051 864 2102 τινων
881 2047 934 2132 μὲν
956 2046 989 2103 τὸ
1011 2046 1121 2104 λοιπόν.
1156 2051 1205 2103 καὶ
1228 2044 1275 2104 ὅτε
1294 2049 1384 2114 φασὶν

244 2109 414 2186 α’ναβληθέν
432 2112 463 2169 τό
482 2110 621 2183 ὄστρακον
639 2115 728 2182 πέσοι,
748 2107 789 2169 τόν
828 2115 859 2170 εν
876 2137 913 2186 ην
930 2114 961 2171 τὸ
979 2114 1055 2171 κάτω
1068 2121 1119 2171 τοῦ
1131 2111 1279 2183 ὀστράκου,
1300 2114 1383 2183 ἔφευ-

244 2201 311 2251 γον,
335 2180 363 2235 οἱ
388 2182 420 2237 δὲ
443 2184 538 2237 λοιποὶ
563 2179 693 2238 ἐδίωκον.
729 2184 778 2238 καί
797 2137 907 2252 έλέγετο
926 2182 1100 2255 περιστροφή
1119 2180 1273 2253 ὀστράκου,
1298 2177 1382 2252 καῖῆ

245 2247 347 2303 παιδιά
368 2246 583 2317 ὀστρακίνδα
603 2248 741 2305 ἐκαλεῖτο.
778 2255 875 2321 χρῆσις
887 2255 937 2323 τῆς
957 2252 1056 2318 λέξεως
1075 2249 1106 2307 έν
1118 2256 1153 2322 τῇ
1164 2254 1299 2320 κωμωδία
1313 2247 1384 2318 πρὸς

245 2319 366 2396 αίνηγμα
391 2321 442 2371 τού
466 2316 607 2397 όηίζέντος
632 2317 661 2385 έξ
685 2314 883 2386 όστρακιομοῦ.
924 2316 1051 2374 Πλάτων·
1064 2319 1097 2374 δέ
1121 2339 1209 2388 φασιν
1228 2316 1243 2373 ὁ
1261 2316 1384 2383 κωμικός

245 2390 346 2453 φράζει
376 2383 467 2456 αύτῆν
493 2406 589 2447 ουτως.
637 2390 748 2453 εἴξασιν
776 2394 837 2449 τοῖς
866 2391 1032 2455 παιδαρίοις
1059 2385 1171 2448 τούτοις
1198 2387 1228 2441 οἳ
1251 2382 1383 2440 ἑκάστοτε

245 2451 378 2536 γραμμὴν
402 2450 415 2507 ἒ
455 2461 550 2507 ταῖσιν
573 2450 654 2517 ὁδοῖς
678 2451 905 2524 διαγράφοντες,
935 2453 1152 2525 διανειμάμενοι
1177 2451 1238 2524 δίχ’
1265 2449 1383 2513 ἑαυτούς

246 2524 359 2576 εστοὶσιν
377 2516 472 2575 αύτυίν
490 2521 517 2575 σί
536 2519 589 2588 μέν
608 2519 724 2577 έκεῖθεν
742 2526 792 2591 τῆς
810 2526 953 2608 γραμμῆς,
978 2522 1008 2576 οἴ
1026 2518 1056 2576 δ’
1074 2515 1113 2577 αύ
1131 2518 1257 2577 έκεῖθευ.
1293 2520 1335 2581 εἷς
1353 2515 1384 2575 δ’

243 2583 414 2657 άμφοτέρων
431 2583 571 2656 ὄστρακον
584 2584 681 2652 αότοῖς
694 2585 811 2659 άνίησιν
829 2590 871 2648 εἰς
888 2608 975 2652 οεσσν
994 2586 1086 2652 ἕστύς.
1122 2583 1178 2645 κάν
1194 2589 1247 2659 μὲν
1264 2591 1383 2657 πίπτῃσι

244 2676 279 2709 τα
298 2654 385 2710 λευκά
404 2652 514 2722 ἐπάνω,
539 2654 658 2723 φεύγειν
675 2679 710 2712 τα
730 2655 746 2712 ύ
765 2655 830 2718 τούς
849 2653 962 2725 ἑτέρους
981 2660 1039 2719 δεῖ,
1066 2654 1132 2721 τούς
1156 2656 1188 2711 δὲ
1208 2654 1331 2712 διάκειν.
1367 2652 1382 2710 ὁ

245 2722 277 2777 δὲ
295 2717 480 2790 α’ναρρίπτων
497 2719 686 2803 τὸ,όστρακον
704 2678 826 2792 έπιλέγει
845 2722 897 2789 νύξ
921 2719 941 2796 ἢ
957 2721 1063 2795 ἡμέρα,
1087 2724 1213 2779 τουτέστι
1231 2722 1263 2778 τό
1282 2721 1384 2777 λευκὸν

246 2787 430 2858 ἐπιφαίνεται
455 2793 506 2844 τού
524 2792 664 2857 οστράκου
683 2788 701 2863 η’
718 2790 749 2847 τό
772 2790 910 2861 πισσηρόν
928 2791 1083 2847 σκοτεινόν.
1120 2786 1189 2859 ὅπερ
1209 2788 1238 2858 έξ
1258 2786 1383 2860 Ὀμήρου

244 2863 449 2925 παρείλκυοται
468 2856 556 2925 νέφος
574 2856 705 2920 εἰπόντος
722 2856 897 2929 μελάντερον
915 2856 982 2930 η’ύτε
1003 2865 1099 2915 πίσσα.
1135 2865 1167 2915 ΙΙ.
1187 2864 1211 2914 V
1228 2863 1286 2915 300.
1310 2856 1383 2913 ὅθεν

244 2926 293 2979 καῖ
317 2922 421 3004 παιδιά
440 2944 482 2986 τις
500 2928 630 3005 παίζεται
648 2926 810 2995 καλουμένη
831 2924 843 2981 έ
851 2948 867 2980 ν
884 2925 1021 2998 κοτύλη.
1057 2924 1212 2996 προάγεται
1234 2924 1265 2981 δέ
1284 2920 1382 2987 οὕτως·

244 3012 426 3061 περιαγαγων
448 3012 491 3054 τις
514 3000 603 3047 οπίσω
622 2992 657 3048 τώ
677 3003 753 3064 χεῖρε
772 2994 925 3050 ουιιπλέκει
944 2993 1010 3057 τούς
1034 2992 1199 3057 δακτύλους.
1237 2993 1280 3049 έτε
1300 3014 1331 3055 ος
1350 2991 1383 3046 δέ

244 3081 286 3121 τις
305 3059 354 3139 είς
364 3056 399 3113 τά
417 3057 579 3129 κοιλώματα
597 3065 653 3115 τῶν
671 3068 781 3131 χειροῖν,
800 3060 874 3130 άπερ
893 3063 947 3117 είσλ
964 3059 1091 3129 κοτύλαι,
1111 3059 1144 3116 τά
1163 3059 1270 3131 γόνατα
1283 3015 1383 3122 Ivem

244 3128 293 3182 καὶ
318 3147 407 3190 ουτως
429 3123 583 3196 α’ναβαλών
607 3125 710 3184 έαυτόν
734 3130 850 3198 φέρεται
875 3128 988 3199 ἔποχος,
1019 3127 1161 3200 ἐπιλαβόν
1183 3128 1249 3191 τούς
1272 3124 1382 3198 ὀφθαλ-

188 3216 203 3226 *
244 3192 316 3264 μούς
334 3197 385 3249 τοῦ
403 3194 550 3264 φέροντος.
587 3194 649 3250 εἶτα
668 3195 699 3251 ἐν
716 3199 795 3267 μέρει
823 3193 838 3252 ὁ
862 3195 930 3258 τέως
953 3193 1110 3266 φερόμενος
1133 3194 1282 3251 κατελθών
1300 3195 1382 3263 φέρει

244 3260 296 3317 τόν
314 3262 418 3329 ἕτερον,
456 3262 504 3316 καλ
524 3256 560 3333 ἦν
578 3257 651 3333 αύτη
673 3263 778 3320 παιδιά
807 3261 838 3318 έν
861 3262 974 3350 κοτύλη,
1011 3270 1047 3318 ef.
1066 3270 1098 3318 II.
1118 3269 1197 3318 xxll
1216 3270 1279 3319 4514:
1303 3267 1382 3316 Παυ-

244 3333 347 3392 σανίας
366 3328 397 3407 δέ
416 3329 526 3399 ίστορεῖ
541 3323 584 3384 ότι
603 3330 708 3386 παιδιά
731 3354 772 3395 τις
796 3324 994 3401 ,ἦκαλουμενη
1014 3328 1159 3401 έγκοτύλη,
1180 3328 1211 3386 έν
1229 3324 1247 3401 ἦ
1266 3328 1380 3401 διαπλέ·

262 3418 295 3460 ας
314 3418 355 3459 τις
379 3400 481 3463 οπίσω,
507 3395 587 3453 καθά
606 3400 654 3452 καλ
677 3401 907 3468 προδεδήλωται,
932 3396 998 3461 τούς
1022 3396 1180 3461 δακτύλους
1202 3392 1258 3452 τιόν
1281 3400 1383 3467 χειροῖν

258 3469 425 3530 πενωτίζετο
443 3463 493 3519 τόν
510 3461 731 3537 άναιρούμενον·
750 3464 765 3521 ό
785 3462 816 3522 δ’
832 3463 930 3528 ἐνθεὶς
952 3466 983 3521 τὸ
1001 3464 1072 3534 γόνυ
1089 3474 1152 3528 ταῖς
1171 3467 1248 3534 χερσλ
1265 3466 1314 3520 καλ
1332 3484 1381 3518 πε-

244 3531 368 3604 ριλαβών
386 3536 437 3587 τοῦ
455 3535 588 3601 αἴροντος
600 3531 653 3604 την
665 3533 795 3605 κεφαλὴν
808 3529 828 3604 ἢ
839 3530 889 3587 τόν
901 3530 1042 3602 τράχηλον
1060 3531 1234 3603 ἐβαστάζετο.
1272 3528 1337 3587 ἐκλ’

244 3600 277 3656 δέ
301 3619 391 3671 φησιν
415 3595 564 3671 ἐγκοτύλη,
590 3599 651 3656 έπελ
675 3600 706 3656 τό
730 3609 829 3657 κοῖλον
852 3605 901 3672 τῆς
920 3599 1013 3670 χειρὸς
1030 3598 1136 3672 κοτύλη
1155 3600 1278 3685 λέγεται,
1303 3554 1344 3660 dvc
1368 3621 1383 3655 ο

243 3675 343 3723 κοῖλον
362 3664 487 3722 ένετίθει
513 3667 546 3723 τό
564 3668 633 3737 γόνυ
656 3663 671 3723 ό
687 3669 906 3791 ηῖασταζόμενος.
943 3664 1070 3738 άλλαχού
1088 3667 1120 3722 δὲ
1139 3688 1280 3738 γράφεται
1299 3662 1382 3721 οὕτω·

245 3733 382 3804 ἐγκοτύλη
400 3733 504 3790 παιδιά
522 3758 574 3806 τις,
593 3733 630 3799 άς
648 3756 685 3791 κα
711 3733 830 3806 έτέρωθι
843 3735 1008 3805 γέγραπται,
1029 3732 1060 3790 έν
1074 3728 1288 3807 ᾖκοιλάναντες
1301 3742 1383 3805 χεῖρα

244 3804 378 3883 δέχονται
396 3800 431 3856 τὰ
449 3801 556 3871 γόνατα
579 3808 635 3858 τόν
656 3803 846 3884 νενικηκότων
868 3802 899 3856 οἴ
920 3803 1100 3873 νενικημένοι
1123 3805 1173 3859 καῖ
1196 3796 1385 3871 βαστάζουσιν

244 3870 358 3932 αύτοος.
395 3874 428 3924 Il.
446 3876 470 3923 V
488 3876 547 3925 212.
566 3871 660 3926 ἰστέον
678 3871 709 3925 δὲ
728 3873 778 3927 καί
796 3892 838 3925 οτι
857 3868 967 3939 γλῶσσά
985 3892 1027 3933 τις
1042 3870 1152 3940 λέγεται
1164 3873 1327 3950 κύνδηιλους
1340 3870 1383 3925 λε’-

244 3958 306 4009 γειν
325 3934 391 4000 τούς
408 3936 571 4001 πασσάλους
588 3941 638 3993 καλ
656 3942 884 4000 κονδαλσπλίτας
902 3936 969 4001 τούς
986 3942 1209 4004 πασσαλίσκσυς,
1236 3942 1310 3991 οθεν
1332 3945 1382 3991 καῖ

244 4003 349 4060 παιδιά
368 4026 411 4067 τις
430 4003 480 4059 διά
490 4002 642 4060 πασσάλων
654 4006 789 4076 γινομένη
803 4004 1042 4076 κυνδαλισμὸς
1055 4001 1175 4075 έλέγετο.
1195 4010 1227 4061 II.
1246 4010 1311 4059 xxl
1323 4007 1381 4058 394.

243 4071 275 4128 ολ
297 4071 328 4127 δέ
351 4065 472 4140 ὕστερον
494 4070 617 4128 παιδιάν
639 4070 712 4143 αὐτῇ
735 4069 924 4144 έπωτόμασάν
945 4094 1025 4141 τινα,
1053 4066 1092 4143 ῆν
1118 4076 1251 4143 χαλκῆν
1273 4079 1384 4140 μυῖαν

243 4138 410 4209 ω’νόμασαν,
434 4141 500 4206 περὶ
521 4133 555 4209 ῆς
574 4142 731 4209 φράζουσιν
753 4133 835 4195 οὕτω.
870 4144 1043 4195 καταδεῖταί
1062 4162 1105 4203 τις
1123 4139 1215 4208 όακίῳ
1232 4136 1282 4200 τοὶς
1299 4132 1383 4205 ὄφεις

244 4210 294 4264 καῖ
312 4204 454 4268 καταστάς
473 4206 514 4268 είς
526 4207 612 4277 μέσον
625 4212 681 4262 τόν
694 4207 917 4278 συνειλεγμένων
929 4205 1040 4275 παριὼν
1053 4216 1151 4277 φωνεῖ·
1171 4208 1280 4278 χαλκῆν
1292 4214 1383 4275 μυῖαν

244 4272 374 4346 θηράσω.
411 4272 441 4328 ολ
459 4271 490 4327 δέ
508 4272 602 4343 κύκλῳ
620 4272 736 4359 ἕστώτρς
773 4279 862 4346 ῖβλοις
880 4268 901 4357 ἢ
917 4277 966 4330 καῖ
984 4282 1048 4337 ταῖς
1067 4275 1144 4343 χερσί
1162 4279 1298 4335 παίοντες
1310 4267 1382 4328 άπσ-

243 4347 405 4427 κρίνονται·
430 4335 494 4395 αλλ’
512 4337 547 4398 ού
565 4342 651 4414 λήψῃ.
688 4364 722 4399 ου
767 4335 993 4412 εοῖνλαβηται,
1017 4346 1191 4412 καθίστησιν
1210 4339 1322 4396 ἐκεῖνον
1340 4339 1382 4403 είς

243 4429 297 4484 την
315 4404 421 4463 ἑαυτοῦ
438 4404 541 4479 χώραν.
578 4409 687 4480 λέγεται
707 4408 740 4465 δὲ
758 4413 849 4480 χαλκῆ
865 4417 938 4479 μυῖα
955 4406 1026 4477 πρὸς
1049 4407 1211 4480 διαστολῆν.
1253 4407 1308 4462 εἰσὶ
1326 4406 1381 4477 γάρ
