3186 4996
224 382 264 443 22
611 402 654 440 nn
675 399 762 440 vinis
784 399 998 440 rnavsrsrsvs

224 558 256 614 et
278 547 454 613 Sallustius
480 547 514 609 in
543 544 718 631 Iugurtha:
764 544 903 610 ‘deinde
932 546 1026 631 quasi
1049 512 1272 633 peccaturam
1296 565 1367 607 sen-

222 653 335 715 tentiis
356 649 530 735 exquisitis
552 648 586 711 in
609 645 807 712 deditionem
830 647 1019 734 accipitur'.

157 855 208 926 4*
310 866 454 953 Pylades
482 866 573 932 Cilix
600 867 831 953 pantomimus,
863 888 937 930 cum
959 873 1087 930 uetares
1110 866 1176 952 ipsi
1191 874 1370 929 cantarent

225 969 332 1055 adque
355 968 527 1053 saltarent,
545 971 671 1056 primus
688 968 812 1032 Romae
828 967 962 1032 chorum
981 976 1012 1031 et
1032 965 1176 1031 fistulam
1195 966 1258 1032 sibi
1274 988 1367 1054 prae-

224 1072 335 1136 cinere
356 1066 436 1135 fecit
451 1077 490 1148 (a
513 1064 593 1151 732).
1375 1086 1387 1125 ι

788 1259 804 1317 Ι

157 1378 208 1450 5*
307 1405 422 1454 L1v1vs
448 1389 691 1474 tragoediarum
714 1388 855 1453 scribtor
880 1387 988 1453 clarus
1014 1388 1154 1452 habetur
1176 1394 1207 1461 (†
1228 1414 1255 1451 a.
1279 1397 1367 1467 567):

143 1626 147 1635 ·
224 1628 243 1663 a
260 1613 408 1663 saturitate
428 1616 457 1661 et
475 1613 569 1677 copia:
589 1611 623 1661 do
641 1611 765 1679 pluribus
784 1613 856 1662 enim
875 1599 955 1661 simul
974 1611 1055 1661 rebus
1077 1610 1239 1674 loquuntur:
1263 1625 1314 1659 seu
1332 1610 1367 1659 ab

224 1680 274 1731 illa
297 1680 393 1741 lance,
425 1695 495 1745 quaa
518 1681 624 1729 referta
647 1680 764 1731 diuersis
788 1681 896 1745 frugum
924 1679 970 1729 uel
973 1694 1131 1746 pomorum
1159 1678 1309 1744 generibus
1332 1678 1367 1727 ad

223 1746 328 1813 templa
346 1748 491 1811 gentilium
509 1746 619 1797 solebat
636 1748 751 1798 deferri:
789 1753 837 1797 aut
855 1764 871 1797 ιι
890 1749 991 1811 satyris
1008 1762 1107 1797 nornen
1124 1752 1244 1795 tractum
1262 1746 1309 1811 qni
1326 1745 1367 1795 in·

134 1832 140 1841 ·
223 1815 283 1865 ulta
300 1813 405 1864 habent
424 1831 457 1864 ea
476 1830 547 1880 quas
565 1831 615 1879 per
631 1815 811 1864 uinolcntiam
825 1814 978 1864 dicuntur.’

215 1879 219 1883 ’
308 1897 334 1948 p.
353 1882 402 1946 29,
424 1883 499 1947 7sq.
518 1883 619 1946 Porph
633 1884 699 1931 Hor.
719 1888 772 1932 sat.
791 1882 869 1945 119,
889 1882 937 1932 49·
961 1876 1043 1931 ‘item
1059 1882 1179 1931 Ennium
1192 1897 1238 1946 qur
1251 1886 1369 1945 quatuor
1424 1894 1428 1907 ’

223 1947 309 2000 libros
318 1956 473 1999 saturarum
483 1950 595 2015 reliquit
606 1966 638 2000 ac
648 1951 801 2000 Pacuuium
813 1921 877 2000 huila
887 1966 982 2014 generi
975 1949 1206 2000 'uersificationis
1218 1964 1273 2000 non
1285 1948 1367 1999 sulla-

225 2014 307 2068 cisse’
327 2019 475 2079 (Horatius
493 2016 557 2080 ait).

310 2081 346 2137 l*
363 2086 547 2149 Hieronymus
566 2084 609 2134 Ol.
630 2083 693 2148 189,
711 2084 736 2135 3
760 2085 919 2135 Macrobius
938 2085 996 2133 Sat.
1015 2084 1092 2146 117,
1118 2083 1160 2133 18:
1199 2083 1259 2134 ‘hic
1277 2054 1384 2149 (Paleas
1412 2140 1417 2151 s

224 2151 297 2232 des),
317 2154 382 2219 quia
400 2153 544 2203 serebatur
561 2158 682 2202 mutasse
705 2153 779 2203 rudis
798 2152 873 2202 illius
895 2152 1059 2203 saltationis
1078 2122 1181 2217 r'iturn2
1199 2168 1270 2216 quas
1295 2152 1370 2217 apud

224 2222 343 2272 maiores
361 2221 464 2286 uiguit,
486 2226 514 2270 et
531 2227 631 2273 uenust
633 2236 678 2269 am
696 2220 836 2270 induxisse
855 2220 1021 2283 noriitatem,
1049 2221 1236 2284 interrogatus
1260 2220 1295 2269 ab
1314 2220 1367 2269 Au-

224 2295 322 2355 gusto,
341 2304 416 2365 quas
431 2288 577 2339 saltationi
595 2288 772 2366 contulisset,
792 2289 945 2367 respondit:

376 2346 474 2406 Adeas
491 2354 664 2420 avocarunt
670 2325 804 2421 ’ἐνοπὴν
822 2345 982 2421 ὁμαὸὁντ’
1000 2344 1187 2419 ἀνθρώπων)

225 2423 354 2474 Ceterum
372 2440 426 2475 non
444 2432 520 2474 recte
534 2424 661 2490 Scaliger
677 2424 875 2487 Hieronymum
893 2422 1046 2483 insimulat
1067 2438 1128 2471 eum
1141 2422 1280 2487 Pyladis
1272 2438 1368 2473 inven-

226 2499 283 2541 turn
302 2508 364 2542 cum
382 2493 500 2541 Liviana
520 2490 566 2554 (cs.
587 2491 686 2541 Livius
705 2492 739 2540 ab
758 2491 826 2539 urbe
845 2491 958 2540 condita
976 2491 1028 2540 VII
1045 2490 1072 2551 2)
1092 2491 1260 2540 confudisse.

309 2556 347 2612 5*
365 2560 548 2623 Hieronymus
567 2558 611 2607 Ol.
632 2557 693 2620 148,
713 2559 737 2607 2
753 2557 853 2623 Cicero
869 2559 945 2608 Brut.
961 2558 1006 2619 18,
1030 2558 1076 2607 72.
1102 2558 1199 2622 ‘atqui
1207 2558 1252 2607 hic
1270 2559 1367 2609 Liuius

223 2627 327 2691 primus
346 2626 516 2676 fabulamC.
532 2624 648 2675 Claudio
667 2625 753 2674 Caeci
766 2626 822 2675 fil1o
841 2630 869 2675 et
880 2627 918 2674 M
931 2626 1070 2675 Tuditano
1089 2626 1248 2675 consulibus
1265 2626 1367 2688 (locuit,

129 2693 137 2705 ⁸
224 2710 297 2745 anno
309 2696 368 2759 ipso
382 2698 446 2742 ante
455 2707 535 2756 quam
548 2697 630 2742 natus
644 2693 807 2756 estEnnius,
820 2693 1003 2758 postRonram
1016 2694 1155 2743 conditam
1169 2699 1259 2742 utitem
1270 2698 1368 2758 quarto

223 2762 338 2811 decumo
362 2767 390 2809 et
413 2762 655 2825 quingentesumo,
679 2765 710 2808 ut
731 2760 777 2810 iric
797 2761 850 2823 ait,
875 2776 954 2824 quem
978 2776 1028 2810 nos
1046 2763 1193 2825 sequimur.
1235 2767 1277 2810 cst
1295 2761 1367 2810 enim

224 2829 297 2879 inter
315 2829 463 2893 scriptores
481 2828 515 2876 de
534 2842 645 2877 nuntero
665 2843 797 2877 annorum
821 2830 1019 2877 controuersia.
1055 2829 1157 2877 Accius
1176 2834 1268 2877 autem
1293 2844 1309 2877 a
1333 2830 1366 2888 Q.

223 2897 352 2948 Maxumo
370 2897 494 2960 quintum
513 2894 625 2945 consule
645 2901 755 2959 captum
774 2896 897 2946 Tarento
915 2897 1028 2961 scripsit
1045 2896 1166 2958 Liuium,
1192 2896 1272 2945 aunis
1290 2896 1366 2944 XXX

222 2970 286 3031 post
305 2980 385 3029 quam
405 2978 466 3012 eum
485 2963 609 3012 fabulam
627 2962 754 3013 docuisse
774 2968 802 3013 et
819 2963 929 3012 Atticus
950 2963 1061 3013 scribit
1071 2967 1099 3012 st
1121 2978 1171 3012 nos
1194 2963 1223 3011 in
1245 2964 1368 3027 antiquis

224 3031 429 3082 commentariis
442 3044 611 3093 rnuemmus
631 3029 758 3081 docuisse
772 3036 865 3082 autem
878 3030 1002 3081 fabulam
1014 3045 1094 3081 annis
1106 3033 1169 3095 post
1180 3031 1232 3093 xl
1253 3030 1283 3080 C.
1301 3030 1367 3080 Cor·
1379 3051 1406 3083 „¹

307 3253 343 3311 In
359 3254 594 3326 Hieronymianis
611 3256 760 3326 excerptis
780 3253 1029 3333 recensendisliir
1046 3255 1179 3311 subsidiis
1194 3270 1265 3311 usas
1287 3272 1367 3311 sam.-

223 3340 297 3396 13=
304 3340 464 3395 Bernensis
483 3342 535 3394 219
551 3339 616 3393 olim
634 3340 854 3411 Bosparsianas
871 3338 1090 3412 (Floriacensis)
1105 3356 1130 3396 s.
1149 3336 1228 3395 VIII
1245 3339 1368 3396 ‘maias-

222 3425 295 3482 cuiis
309 3424 411 3479 litteris
426 3428 492 3478 anie
509 3440 602 3479 antias
612 3422 769 3479 DCCCXX
775 3423 836 3479 VII
846 3427 974 3495 scriptas
990 3423 1029 3494 (a.
1049 3426 1117 3497 782)
1134 3427 1257 3481 omniurn
1275 3433 1367 3481 aretiis-

224 3509 350 3564 lissimas
364 3515 391 3562 ei
410 3508 668 3564 luculentissimas'
690 3508 819 3581 Scnliper
840 3511 871 3564 in
892 3508 991 3581 praes.
1009 3510 1095 3564 enini.
1114 3511 1143 3564 in
1162 3511 1269 3565 Eusebi
1283 3510 1367 3565 cliro-

223 3596 317 3650 nicon.
336 3595 471 3649 conticlie
486 3593 677 3665 descriptione
688 3594 750 3649 cias
762 3612 779 3648 a
792 3592 946 3649 Ritscliclio
964 3603 1135 3664 conparata.
1154 3594 1366 3650 P=Pelaeia

222 3694 291 3745 rius,
311 3694 387 3733 nanc
403 3676 531 3748 sortasse
543 3676 723 3750 Recinensia
738 3677 779 3749 cs.
796 3676 985 3749 Monifaacon
1000 3679 1065 3734 bibl.
1082 3680 1145 3735 bibl.
1162 3679 1181 3734 I
1195 3679 1285 3734 Caial.
1301 3679 1365 3736 oiol.

222 3760 267 3818 dl.
288 3763 401 3818 Patauii
419 3779 453 3832 p.
476 3765 531 3817 85.-
562 3762 721 3818 ‘Eusebius
745 3763 941 3818 Caesariensis
959 3755 1115 3819 chronicon
1141 3761 1249 3819 1165’.
1281 3764 1366 3817 ctiam

221 3847 381 3903 Perceiana
393 3843 561 3918 srapnrenia
583 3846 635 3918 (cf.
655 3848 848 3919 Poniacasp.
869 3851 904 3901 21
919 3849 963 3904 ed.
987 3847 1073 3921 Veii)
1098 3848 1247 3903 incudem
1270 3847 1378 3902 biblio·

222 3931 305 3988 reeca
326 3935 438 3986 caiani.
462 3930 501 4002 cf.
527 3931 632 4003 Manis.
659 3933 741 3988 ibid:
765 3931 990 4004 ‘Frapmenlnm
1014 3932 1139 3988 eiusdem
1163 3935 1251 3998 1217,
1277 3930 1365 4011 284⁹.

308 4070 368 4126 let
381 4060 526 4123 salustius
543 4066 588 4136 M,
606 4085 658 4123 om.
675 4069 702 4123 Β
717 4059 776 4145 ll1¹¹
790 4048 948 4143 Iugurtlra]
967 4084 1034 4138 cap
1052 4058 1115 4145 29ss
1130 4077 1266 4141 satyram
1281 4064 1369 4120 ΑΒΜ

220 4143 260 4229 l3
278 4146 368 4207 Oilex
383 4151 438 4207 BP
451 4145 464 4228 ll
478 4151 531 4221 ld
547 4110 622 4207 Selii.
640 4145 684 4231 ll'o
697 4149 810 4206 secitur
826 4153 852 4205 B
866 4153 994 4207 lacerato
1011 4150 1081 4222 folio
1098 4151 1184 4221 periit
1198 4141 1212 4227 ll
1227 4157 1244 4207 6
1259 4146 1366 4205 Liuius

221 4238 343 4308 scripsi:
360 4234 460 4293 Titus
481 4234 586 4293 liuius
608 4237 635 4290 B
656 4235 758 4309 (Scol)
779 4221 1002 4307 εΜνημονικὸν
1027 4226 1156 4305 σφάλμα.
1184 4235 1367 4289 Praenornen

221 4323 282 4375 eius
299 4325 364 4376 erat
382 4320 504 4378 Marcus
520 4339 576 4377 non
592 4319 688 4376 Titua'
712 4319 850 4392 Scaliper
870 4321 961 4377 Immo
973 4319 1033 4391 fait
1048 4320 1155 4374 Lucius
1174 4333 1266 4391 neque
1280 4333 1367 4374 error

223 4403 399 4478 Hieronymo
419 4408 472 4462 sed
490 4407 616 4461 librariis
635 4407 803 4463 tribuendas
817 4411 860 4461 esi
875 4397 889 4484 ll
904 4402 1032 4481 scriptor
1047 4402 1151 4477 (διαὶ.)
