3200 4992
611 431 652 473 or:
672 430 760 475 suso
779 434 983 476 nouruonvrr
1281 414 1364 499 ἱ153

221 578 312 644 hunt.
345 577 486 642 Romani
507 587 615 643 autem
640 602 660 643 a
680 579 789 645 medio
807 582 912 646 noctis
934 582 1013 648 oriri
1036 580 1122 648 diem
1142 583 1259 651 uolunt
1279 586 1364 650 etin

221 686 329 752 medio
348 685 454 751 noetis
475 684 574 750 finiri.
612 722 618 731 ·

222 928 316 993 etqui
335 932 378 979 est
398 933 461 992 post
479 925 621 977 Kalendas
640 926 699 978 dies
718 931 783 977 ente
806 926 901 977 heram
920 928 980 978 eius
1002 926 1058 978 diei
1077 933 1191 977 sextam.
1234 928 1363 993 populum

222 1002 314 1045 autem
332 996 484 1046 Romanum
503 997 543 1045 ita
561 995 602 1044 uti
620 996 707 1046 Varro
726 997 796 1045 dixit
819 995 879 1045 die's
897 995 1020 1061 singulos
1039 996 1219 1047 adnumerare
1238 1011 1255 1045 e
1273 996 1363 1046 media

220 1068 302 1114 nocte
322 1063 357 1113 ad
376 1065 494 1114 mediam
513 1064 678 1128 proximam,
703 1064 795 1113 multis
815 1065 984 1129 argumentis
1003 1065 1164 1114 ostenditur.
1201 1080 1282 1114 sacre
1300 1069 1363 1114 sunt

220 1132 346 1182 Romana
369 1133 470 1197 partim
494 1132 593 1181 diurna
612 1132 668 1181 alia
685 1137 833 1193 nocturum
858 1132 906 1182 scd
930 1147 964 1181 ea
988 1148 1058 1197 quae
1077 1134 1276 1182 interneciem
1294 1132 1363 1182 fiunt

220 1200 319 1249 diebus
343 1199 508 1249 addicuntur
530 1215 584 1249 non
607 1200 748 1261 noctibus3
774 1215 845 1265 quae
868 1201 953 1266 igitur
976 1216 1024 1250 sex
1046 1200 1246 1266 posterioribus
1273 1202 1363 1250 noetis

220 1268 295 1318 horis
313 1267 394 1325 flunt,
419 1283 452 1317 eo
475 1268 520 1317 die
538 1266 598 1316 fieri
617 1267 759 1329 dicentur,
778 1269 824 1332 qui
842 1270 980 1333 proximus
999 1284 1059 1317 earn
1077 1275 1187 1319 noctem
1205 1268 1361 1318 inlucescit.

222 1334 320 1385 adhoc
339 1337 408 1385 ritus
427 1350 533 1399 quoque
553 1341 581 1384 et
600 1350 657 1384 mos
676 1336 839 1400 auspicandi
859 1336 974 1386 eandem
993 1351 1053 1386 esse
1076 1336 1298 1386 obseruationem
1315 1336 1363 1386 do·

222 1407 283 1453 cet:
302 1418 366 1453 nam
384 1403 572 1469 magistratus,
593 1403 700 1467 quando
717 1419 771 1452 uuo
789 1404 834 1452 die
854 1406 895 1454 cis
912 1405 1109 1469 auspicandum
1129 1410 1171 1454 est
1190 1409 1218 1454 et
1235 1404 1263 1453 id
1281 1419 1364 1469 super

222 1486 274 1535 qno
293 1471 510 1536 auspicauerunt
528 1470 680 1535 egendum,
704 1475 766 1535 post
783 1471 901 1521 mediam
919 1478 1027 1522 noctem
1047 1472 1227 1537 auspicantur
1251 1478 1278 1521 et
1301 1476 1364 1537 post

160 1558 166 1569 ¹
220 1538 363 1588 meridiem
380 1540 438 1589 sole
457 1555 557 1603 magno
576 1543 663 1603 agunt
681 1540 873 1604 auspicatique
899 1555 961 1589 esse
984 1546 1013 1589 et
1037 1542 1128 1605 egisse
1147 1541 1243 1590 eodem
1261 1540 1306 1588 die
1325 1540 1364 1589 di·

221 1611 328 1656 cuntur.
365 1612 512 1672 praetores
530 1605 635 1655 tribuni
652 1606 755 1677 plebei,
776 1622 843 1672 quos
856 1607 958 1657 nullum
977 1608 1050 1657 diem
1070 1606 1168 1658 abesse
1181 1609 1267 1657 Roma
1286 1607 1361 1669 licet,

222 1689 282 1723 cum
301 1680 362 1739 post
380 1674 497 1723 medinm
516 1679 624 1723 nectem
636 1674 854 1738 „proficiscuntur
873 1682 901 1724 et
917 1682 979 1741 post
991 1677 1107 1741 primam
1120 1678 1210 1726 facem
1230 1682 1294 1725 ante
1308 1692 1362 1724 rne-

221 1741 295 1791 diam
313 1748 474 1807 sequentem
493 1747 676 1803 reuertuntur,
696 1758 750 1792 nen
762 1743 890 1793 uidentur
908 1744 1013 1793 afuisse
1031 1759 1114 1792 unum
1132 1744 1215 1805 diem,
1234 1744 1363 1807 quoniam
1390 1777 1392 1782 ·

221 1814 286 1859 ante
310 1809 405 1859 horem
428 1811 517 1859 noctis
542 1814 648 1859 sextam
673 1812 792 1875 regressi
815 1817 895 1876 parte
918 1811 1013 1876 aliqua
1036 1811 1111 1865 illius
1134 1812 1163 1860 in
1185 1811 1253 1859 urbe
1277 1806 1363 1860 Roma

220 1882 292 1926 sunt.
329 1877 362 1939 Q.
382 1892 488 1942 quoque
506 1878 627 1929 Mucium
646 1878 860 1928 iureconsultum
884 1878 977 1928 dicere
1000 1879 1111 1927 solitum
1135 1879 1206 1943 legi,
1229 1894 1283 1927 non
1302 1893 1363 1927 esse

219 1949 379 2009 usurpatam
398 1944 553 2005 mulierem,
580 1960 650 2009 quae
674 1961 734 1994 curn
754 1945 887 1997 Kalendis
905 1947 1044 1996 Ianuariis
1067 1947 1139 2012 apud
1162 1947 1251 1995 uirum
1269 1946 1363 1994 matri·

221 2013 305 2063 monii
324 2028 410 2062 causa
429 2028 489 2062 esse
508 2013 647 2076 coepisset
671 2017 735 2062 ante
759 2014 831 2062 diem
849 2014 907 2063 IIII
923 2014 1065 2064 Kalendas
1083 2014 1229 2063 Ianuarias
1247 2028 1363 2077 sequen-

219 2084 262 2129 tes
279 2086 438 2145 usurpatum
457 2083 540 2129 isset:
559 2096 613 2129 non
632 2082 704 2129 enim
722 2096 802 2146 posse
821 2081 929 2146 impleri
946 2076 1119 2143 trinoctium,
1139 2081 1210 2143 quod
1229 2082 1327 2129 obesse
1346 2096 1363 2129 a

219 2147 279 2197 uiro
296 2147 447 2213 usurpandi
461 2163 547 2197 eausa
560 2163 593 2196 ex
606 2147 748 2197 duodecim
762 2149 866 2198 tabulis
878 2149 1001 2207 deberet,
1016 2149 1145 2213 qnoniam
1160 2149 1260 2197 tertiae
1273 2148 1363 2197 noctis

219 2216 381 2280 posterioris
404 2231 452 2265 sex
475 2215 560 2265 horae
583 2214 697 2265 alterius
721 2217 786 2265 anni
805 2221 908 2277 essent,
931 2218 978 2281 qui
1001 2217 1137 2281 inciperet
1162 2232 1195 2265 ex
1218 2215 1361 2264 Kalendis.

140 2307 144 2315 ·
220 2282 309 2332 istaec
328 2288 420 2332 autem
439 2284 531 2333 omnia
549 2283 582 2332 de
601 2283 706 2333 dierum
726 2284 894 2348 temporibus
917 2289 945 2333 et
967 2283 1067 2333 finibus
1089 2284 1122 2332 ad
1142 2283 1363 2333 obseruationem

220 2350 451 2415 disciplinamque
475 2351 543 2401 iuris
567 2352 674 2416 antiqui
697 2351 868 2416 pertinentia
892 2367 953 2401 cum
971 2352 999 2400 in
1018 2351 1097 2401 libris
1114 2357 1238 2399 ueterum
1257 2350 1363 2399 inueni-

220 2433 318 2477 remus,
339 2434 392 2467 non
411 2418 605 2468 dubitabamus
624 2420 689 2482 quin
702 2418 841 2484 Vergilius
860 2434 966 2484 quoque
984 2418 1012 2467 id
1025 2420 1113 2484 ipsum
1127 2418 1289 2479 ostenderit,
1308 2433 1363 2467 non

220 2485 344 2551 exposite
368 2490 451 2549 atque
475 2491 588 2555 aperiet,
612 2487 660 2535 sed
683 2492 713 2535 ut
735 2486 871 2535 hominem
894 2487 989 2535 decuit
1016 2488 1141 2551 poetices
1164 2500 1209 2534 res
1233 2489 1362 2549 agentem

219 2554 363 2603 recondita
382 2559 410 2604 ct
434 2554 513 2617 quasi
532 2557 629 2618 operta
652 2557 756 2603 ueteris
774 2555 843 2603 ritus
861 2554 1077 2618 significatione:
1102 2553 1238 2616 Torquet,
1263 2552 1362 2617 inquit,

219 2621 323 2671 medios
341 2637 393 2671 nox
412 2621 505 2670 umida
524 2636 618 2671 cursus
634 2618 639 2687 Ι
653 2623 691 2671 Et
713 2638 755 2671 me
779 2636 880 2671 saeuus
903 2623 981 2686 equis
1005 2624 1097 2672 oriens
1117 2621 1225 2670 efflauit
1244 2619 1362 2670 anhelis.

218 2687 261 2738 his
281 2690 354 2738 enim
372 2688 498 2738 uersibus
517 2689 628 2753 oblique
646 2690 729 2739 sicuti
748 2690 805 2739 diri
824 2690 969 2739 admonere
989 2689 1090 2749 uoluit,
1115 2688 1187 2737 diem
1211 2703 1291 2752 quern
1309 2688 1362 2736 Ro·

219 2757 293 2805 mani
318 2756 429 2806 ciuilem
449 2756 661 2821 appellauerunt
685 2773 701 2806 a
724 2762 803 2807 sexte
821 2758 910 2806 noetis
927 2757 995 2806 hora
1018 2755 1103 2806 oriri'
1139 2756 1286 2820 exscripsit
1303 2755 1363 2803 Ma·
1443 2794 1451 2809 .

219 2824 329 2873 crebius
352 2830 405 2873 sat.
428 2825 442 2873 l
465 2824 493 2885 3,
517 2824 533 2871 2
557 2839 615 2888 sqq.
640 2824 751 2874 Servius
774 2826 841 2874 Aen.
865 2825 890 2872 V
913 2824 976 2875 738:
1012 2824 1067 2875 ‘hic
1092 2829 1182 2873 autem
1206 2824 1265 2872 dies
1289 2822 1363 2887 (rioi-

219 2890 266 2955 ir'a)
284 2891 433 2941 secundum
451 2892 603 2956 Aegyptios
622 2892 734 2942 inchoat
752 2893 787 2941 ab
807 2907 908 2942 occasu
926 2893 1007 2954 solis,
1030 2893 1179 2942 seeundum
1202 2892 1303 2940 Persas
1327 2891 1362 2939 ab

220 2964 281 3009 ortu
299 2958 373 3020 solis,
393 2959 541 3009 secundum
560 2960 675 3009 Vmbros
699 2965 727 3009 et
744 2960 928 3009 Athenienses
953 2977 969 3009 a
987 2965 1067 3009 serta
1085 2960 1152 3009 hora
1170 2960 1239 3021 diei,
1264 2973 1362 3007 secun-

219 3026 281 3075 dum
300 3027 436 3077 Romanos
455 3042 472 3075 a
491 3026 582 3076 medie
601 3034 696 3077 nocte:
722 3033 750 3076 et
767 3027 815 3076 hos
834 3043 906 3077 nuuc
924 3033 1035 3077 secutus
1054 3028 1107 3076 ait:
1126 3027 1232 3076 Medios
1251 3042 1275 3075 e.
1295 3042 1320 3090 q.
1340 3041 1361 3074 c.

218 3093 289 3143 haec
314 3099 406 3143 autem
424 3094 506 3158 plene
525 3096 670 3159 exequitur
688 3100 716 3143 ct
734 3095 832 3144 Cicero
854 3097 882 3144 in
902 3094 1082 3163 auguralibus
1106 3101 1134 3145 et
1151 3093 1237 3142 Aulus
1256 3090 1362 3143 Gellius

218 3162 247 3210 in
266 3162 344 3211 libris
363 3162 484 3211 noctium
503 3162 668 3211 Atticarum.
703 3161 755 3211 hoc
774 3164 857 3212 etiam
876 3161 926 3211 illa
944 3179 988 3212 res
1002 3163 1068 3212 iuris
1082 3163 1198 3222 indicet,
1218 3161 1362 3224 quodcum

218 3229 357 3278 tribunum
375 3228 465 3293 plebis
485 3229 635 3279 abnoctare
655 3230 690 3277 ab
703 3229 769 3278 urbe
783 3246 837 3279 non
850 3230 957 3289 liceret,
976 3230 1083 3279 licebat
1101 3236 1194 3277 tamen
1214 3229 1288 3277 exire
1301 3232 1363 3291 post

219 3302 327 3347 noctem
345 3297 464 3345 mediam
482 3301 511 3345 et
529 3302 593 3346 ante
613 3298 731 3347 mediam
750 3295 872 3347 reuerti)
926 3297 1038 3346 Servius
1056 3297 1123 3345 Aen.
1144 3296 1180 3345 Vl
1194 3295 1256 3343 255:
1277 3295 1361 3343 ‘locu-

219 3368 263 3413 tus
287 3366 329 3413 est
352 3365 500 3414 secundum
525 3364 675 3413 Romanum
700 3366 790 3426 ritum,
816 3380 867 3429 quo
890 3364 949 3414 dies
973 3365 1093 3413 creditur
1117 3378 1133 3412 a
1156 3363 1245 3411 medio
1272 3361 1362 3411 noctis

219 3430 366 3497 incipere.'
403 3431 569 3481 Censorinus
591 3431 638 3492 23,
663 3431 679 3481 3
702 3448 774 3496 sqq:
811 3432 988 3482 ‘Huiusmodi
1011 3429 1113 3494 (cirrilr's)
1137 3431 1197 3479 dies
1221 3429 1256 3478 ab
1276 3436 1362 3478 astro·

217 3498 288 3565 logis
312 3503 341 3548 et
364 3497 526 3549 ciuitatibus
550 3504 678 3563 quattuor
701 3500 788 3549 modis
811 3499 948 3548 delinitur.
984 3497 1131 3561 Babylonii
1157 3497 1265 3562 quidem
1284 3513 1301 3545 o
1319 3511 1362 3546 so·

217 3567 254 3616 lis
281 3572 375 3617 exortu
403 3567 437 3616 ad
465 3572 587 3616 exortum
613 3568 734 3616 eiusdem
759 3568 825 3617 astri
853 3567 925 3616 diem
947 3568 1117 3629 statuerunt,
1146 3571 1175 3613 at
1198 3565 1227 3613 in
1249 3564 1363 3613 Vmbria

217 3634 342 3699 plerique
362 3650 378 3683 a
396 3634 510 3684 meridie
530 3635 565 3683 ad
583 3635 733 3695 meridiem,
753 3634 937 3684 Athenienses
956 3641 1047 3683 autem
1067 3634 1102 3683 ab
1121 3647 1224 3681 occasu
1241 3631 1308 3698 selis
1327 3631 1363 3680 ad

217 3718 355 3752 occasum.
393 3708 515 3751 ceterum
533 3702 650 3751 Romani
669 3717 685 3751 e
703 3703 794 3751 media
807 3707 888 3751 nocte
907 3702 943 3751 ad
954 3702 1072 3751 mediam
1086 3704 1194 3749 noctem
1213 3699 1285 3747 diem
1301 3714 1362 3747 esse

219 3770 419 3819 existimarunt.
456 3769 561 3819 indicio
584 3774 647 3819 sunt
671 3784 752 3819 sacra
776 3769 889 3833 publica
912 3774 940 3818 et
968 3769 1095 3833 auspicia
1114 3768 1197 3816 etiam
1216 3767 1362 3832 magistra·

218 3842 301 3898 tuum,
323 3852 435 3902 quorum
453 3838 477 3887 si
496 3837 562 3901 quid
581 3842 645 3886 aute
664 3838 781 3887 medium
799 3837 889 3887 noctis
908 3841 1063 3897 catomum,
1084 3836 1139 3885 diei
1158 3834 1204 3899 qui
1217 3834 1364 3899 praeteriit

219 3903 399 3963 adscribitur,
425 3905 448 3953 si
473 3905 539 3972 quid
558 3911 650 3955 antem
673 3910 734 3970 post
756 3905 873 3954 mediam
892 3908 1000 3954 nectem
1020 3909 1047 3953 et
1066 3908 1131 3953 aute
1149 3902 1239 3952 lucem
1259 3902 1362 3952 factum

219 3976 274 4033 est,
302 3988 334 4021 eo
358 3972 403 4021 die
427 3976 534 4035 gestum
558 3973 659 4022 dicitur
682 3974 729 4038 qui
754 3988 814 4033 earn
838 3972 961 4036 sequitur
978 3978 1095 4021 noctem.
1132 3971 1203 4019 idem
1221 3969 1364 4035 signifieat

219 4039 288 4102 quod
309 4040 355 4104 qui
374 4054 391 4088 a
409 4039 501 4089 media
520 4046 600 4089 nocte
619 4041 654 4089 ad
672 4040 821 4105 proximam
840 4039 958 4089 mediam
972 4044 1080 4089 nectem
1092 4039 1122 4089 in
1139 4038 1183 4087 bis
1195 4037 1271 4087 horis
1285 4042 1362 4101 quat-

218 4112 279 4156 tuor
303 4113 337 4156 et·
353 4107 455 4171 uiginti
478 4113 629 4157 nascuntur
654 4108 768 4157 eundem
793 4108 866 4156 diem
888 4106 993 4156 habent
1015 4104 1157 4156 natalem.’
1203 4105 1310 4154 Plinius
1329 4105 1362 4162 lb

218 4174 253 4223 H.
271 4174 300 4224 ΙΙ
320 4172 379 4223 iss:
406 4174 511 4239 ‘Ipsum
536 4175 609 4224 diem
632 4174 681 4225 alii
705 4174 787 4224 aliter
805 4175 998 4224 obserueuere.
1034 4173 1183 4238 Babylonii
1206 4173 1278 4222 inter
1295 4172 1362 4221 duos

218 4360 289 4415 lius:
301 4357 424 4416 tradunt
436 4358 549 4416 ABGM
560 4352 574 4438 ΙΙ
592 4368 602 4419 l
618 4352 764 4437 amedio]
774 4355 874 4415 media
885 4363 910 4415 Α
924 4354 938 4433 ll
954 4357 1040 4417 orriri
1052 4360 1076 4416 G
1090 4354 1105 4439 ΙΙ
1120 4358 1170 4417 die
1187 4352 1226 4414 B¹
1244 4350 1257 4436 Ι]
1271 4365 1288 4416 2
1301 4302 1376 4416 me-¹

220 4439 270 4500 dio
292 4444 435 4501 Griolius:
451 4441 583 4500 medium
600 4444 713 4501 ABGM
729 4436 743 4524 ss
765 4440 855 4499 leniri
871 4438 909 4499 Β1
927 4441 1014 4529 finire
1034 4442 1069 4500 Μ
