3194 5004
527 379 556 418 r.
572 375 759 419 nrrsonann
777 374 1029 419 conucnrsnrrs
1269 354 1331 419 529

198 536 287 588 ment.
312 526 352 587 de
367 526 471 606 Valgii
485 526 556 587 Rufi
574 529 724 608 poematis
745 549 774 607 p.
800 537 850 591 158
868 548 935 610 sqq.
958 526 997 588 ad
1014 525 1047 586 O.
1064 527 1208 605 Valgium
1220 527 1333 586 Rufum

197 640 319 710 poetam
342 628 532 710 eundemque
559 628 711 689 rhetorem
739 639 769 689 et
794 632 1023 708 grammaticum
1051 631 1224 690 memoriam
1249 629 1333 689 illam

198 752 316 793 omnem
331 731 500 807 referebat,
522 731 704 812 nequidem
724 742 758 792 ut
777 735 809 792 in
822 733 899 792 Arte
920 722 1072 792 rhetorica
1086 731 1206 809 Valgii,
1228 751 1289 811 qna
1306 731 1332 791 is
1399 736 1404 747 '

197 833 378 914 Apollodori
395 835 578 912 Pergameni
603 836 810 914 praeceptoris
828 830 940 911 Τέχνην
963 835 1059 894 latine
1082 834 1236 893 enarravit
1254 840 1333 892 teste

191 936 404 1014 Quinctiliano
424 948 473 1009 111,
491 947 520 1007 l,
539 947 587 1010 ts,
605 956 690 995 suam
704 936 843 997 versibus
857 937 919 998 illis
933 937 1037 998 sedem
1057 936 1152 996 fuisse
1169 936 1332 1006 coniceret,

140 1038 143 1045 '
196 1036 261 1096 sire
274 1039 319 1096 eis
335 1037 373 1097 ab
387 1039 453 1117 ipso
463 1038 573 1115 Valgia
586 1037 676 1097 factis
686 1039 752 1098 sive
768 1038 806 1098 ab
823 1041 992 1120 antiquiore
1007 1047 1098 1118 poeta
1113 1038 1215 1117 aliquo
1231 1057 1329 1117 snmp·

197 1140 250 1198 tis:
271 1138 354 1197 haud
375 1138 467 1199 dubie
489 1140 567 1199 enim
589 1139 668 1198 ultra
692 1138 794 1200 aridos
815 1143 951 1217 magistri
975 1141 1205 1199 commentarios
1221 1138 1331 1199 libera·

196 1240 254 1299 lius
278 1242 481 1321 exspatiatum
504 1242 598 1300 multa
619 1240 657 1301 de
681 1262 734 1301 euo
763 1241 920 1304 addidisse
947 1241 1137 1322 discipulum.
1179 1243 1221 1302 Et
1240 1242 1333 1302 talem

197 1341 320 1423 quidem
335 1342 538 1403 coniecturam
557 1352 678 1422 poterat
690 1343 742 1403 ille
759 1344 890 1405 fortasse
907 1345 968 1405 alia
989 1346 1164 1404 coniectura
1179 1344 1334 1425 aliquanto

198 1444 307 1503 saltem
321 1444 558 1524 probabiliorem
581 1444 728 1504 reddere:
750 1446 809 1509 uisi
831 1446 910 1506 enim
928 1447 1008 1506 fallit
1024 1447 1140 1526 opinio,
1162 1467 1224 1507 non
1243 1465 1335 1526 prosa

198 1547 333 1607 oratione
349 1547 486 1624 Valgius,
503 1546 559 1606 sed
574 1545 728 1608 dialectico
745 1548 877 1608 carmine
894 1546 1036 1627 graecsnn
1049 1547 1155 1609 Artem
1172 1555 1334 1608 exsecutus

198 1657 253 1708 est.
298 1649 367 1708 Nou
387 1648 495 1709 desunt
512 1659 594 1708 certe
613 1651 744 1728 vestigia
756 1670 947 1711 numerorum
961 1652 1071 1732 partim
1086 1652 1250 1711 manifesta
1264 1669 1333 1730 par·

197 1751 252 1809 tim
269 1771 331 1809 non
354 1750 527 1831 spernenda
546 1752 577 1810 in
599 1744 661 1810 allis
685 1772 765 1833 qnae
787 1772 826 1813 ex
840 1753 945 1831 Valgii
967 1755 1218 1833 interpretatione
1239 1752 1335 1811 latina

198 1851 422 1930 Quinctilianus
438 1866 532 1935 capo
550 1850 570 1928 ἓ
592 1862 623 1917 17
641 1856 807 1934 excerpsit:
830 1859 979 1915 ‘caussam
993 1855 1060 1914 finit
1068 1855 1284 1935 Apollodorus,
1302 1861 1335 1913 nt

122 2020 125 2025 ¹
199 1956 448 2035 interpretatione
468 1954 559 2032 Valgi
581 1954 723 2034 discipuli
747 1958 812 2016 eius
830 1965 913 2029 utar,
934 1959 991 2016 ita:
1018 1975 1119 2015 caussa
1141 1966 1182 2016 est
1200 1961 1335 2031 capotium

196 2061 321 2116 omnibus
337 2063 396 2116 suis
404 2060 534 2131 partibus
549 2066 678 2131 spectans
693 2061 732 2115 ad
741 2064 933 2132 quaestorem,
948 2067 1001 2118 ant
1019 2042 1121 2119 carasca
1137 2068 1177 2117 cst
1190 2064 1333 2133 capotium,

197 2165 275 2219 cuttu
289 2163 354 2233 fian
368 2168 408 2217 cst
422 2165 618 2219 controuersia.
641 2159 739 2238 ipsum
758 2159 868 2219 deinde
886 2161 1039 2239 negotium
1051 2162 1094 2219 sio
1106 2161 1186 2220 finit:
1203 2164 1335 2234 capotium

197 2270 238 2320 cst
253 2266 426 2337 corryrcpatie
436 2279 638 2336 personarum,
662 2265 797 2329 locorum,
811 2273 971 2338 temporum,
986 2282 1164 2333 caussarum,
1184 2265 1336 2335 modorum,

197 2382 319 2435 casuum,
333 2365 483 2438 factorum,
502 2368 752 2433 instrumentorum,
768 2382 934 2435 sermonum,
950 2371 1117 2442 scriptorum
1133 2374 1158 2423 ct
1169 2382 1224 2421 acu
1241 2367 1334 2437 scrip·

198 2467 307 2525 torum.‘
327 2466 469 2544 integros
485 2463 523 2525 ab
537 2464 625 2524 initio
643 2467 779 2526 seneritas
795 2466 881 2525 nulla
898 2466 1001 2527 littera
1017 2474 1134 2526 mutata
1148 2466 1204 2524 hos
1221 2463 1334 2523 habes:

399 2572 506 2628 Caussa
521 2569 563 2626 e'st
577 2573 710 2643 capotium
725 2571 846 2627 dmarbus
860 2574 918 2627 suis
928 2569 1058 2643 partibus

400 2670 536 2745 Spectatus
549 2673 589 2728 od
600 2672 784 2744 quaestionem
800 2692 853 2729 -ε

198 2774 269 2833 item
400 2774 554 2847 Ncpdtr'um,
569 2777 647 2831 caius
658 2773 732 2847 finis
744 2773 938 2831 controuersia
954 2780 1001 2831 cst.

197 2876 265 2937 Nec
280 2875 378 2935 minus
396 2872 545 2934 commodi
564 2894 581 2935 e
597 2875 741 2954 proximis
759 2874 924 2956 prodeunt,
948 2872 1078 2934 simodo
1097 2871 1336 2953 Quinctilianunr

198 2978 388 3038 concesseris
405 2978 571 3057 praeterire
589 2979 741 3058 potuisse,
763 2998 842 3058 quae
868 2998 929 3037 non
942 2977 1118 3037 neccssaria
1138 2975 1177 3036 ad
1192 2975 1253 3035 vim
1269 2995 1336 3035 sen·

197 3083 311 3141 tentiae
326 3081 377 3141 vel
391 3080 522 3141 numeris
537 3088 653 3141 tantam
668 3079 874 3140 sustentandis
892 3080 941 3140 vel
957 3078 1128 3141 uertendae
1146 3077 1274 3137 orationi
1292 3078 1336 3135 in-

198 3185 361 3244 servirent:

400 3287 542 3362 Ncpdtium
559 3294 661 3345 autem
678 3284 829 3367 quaedam
845 3283 1019 3359 concrepatio

399 3390 440 3447 Et
454 3389 642 3461 personarum
657 3396 697 3445 cst
715 3388 883 3446 attacorum
902 3394 933 3445 et
947 3386 1100 3459 temporum

400 3491 632 3571 Graecarumque
641 3478 679 3548 'et
694 3491 850 3561 modorum,
865 3507 956 3567 porro
971 3487 1103 3557 casuum,

400 3595 566 3659 Factorum,
583 3593 840 3661 iustrumentdrum,
857 3591 1015 3649 sermonum
1030 3606 1168 3668 quoque,

201 3762 209 3775 .
401 3696 575 3768 Scriptdrum
593 3703 618 3752 ct
631 3712 686 3751 aon
700 3695 879 3767 scraptdrum.

199 3800 313 3861 Verum
329 3797 388 3857 hoc
405 3796 528 3877 quidem
542 3813 732 3875 quocumque
752 3792 841 3853 modo
867 3813 902 3852 se
920 3790 1030 3863 habet,
1053 3788 1130 3848 illud
1146 3806 1226 3847 nunc
1245 3805 1337 3867 qnae·

199 3900 327 3960 rendum
341 3910 451 3973 restat,
475 3897 549 3981 quid
571 3899 635 3959 lieri
655 3896 724 3956 libri
746 3894 848 3955 indice
869 3901 899 3954 r'n
914 3899 1019 3952 actious
1038 3893 1179 3967 Vngerne
1198 3889 1337 3949 volucrit.

199 4004 249 4063 De
263 4022 322 4082 qno
339 4003 392 4062 ille
412 4003 456 4063 sic
472 4003 683 4061 ratiocinatur:
707 4007 823 4057 certum
844 3997 941 4056 fnisse
958 3996 1058 4055 locum
1079 3991 1154 4052 artis
1170 3991 1338 4050 rhetoricae

200 4126 259 4186 qno
275 4105 313 4166 de
332 4125 368 4164 ea
385 4104 481 4183 ligura
502 4112 643 4181 ageretur
656 4121 737 4182 qnae
753 4100 872 4160 Latinis
894 4106 940 4157 est
956 4095 1146 4166 ‘translatio’,
1168 4083 1340 4170 μετάστασις

201 4209 343 4268 Graccis:
363 4227 430 4267 earn
444 4202 675 4267 translationem
690 4203 750 4263 alio
765 4202 889 4260 nomine
907 4201 997 4259 etiam
1013 4198 1232 4277 ‘quaestionem
1245 4194 1338 4252 actio·

199 4312 256 4370 nis’
280 4309 354 4370 dici:
383 4310 415 4369 id
434 4310 527 4387 igitur
548 4317 641 4388 caput
663 4307 748 4364 Artis
771 4303 945 4387 Valgianae
969 4300 1071 4380 aliqua
1094 4295 1341 4375 breviloquentia

199 4413 264 4473 sire
281 4414 395 4473 Donati
417 4413 481 4471 sive
503 4413 569 4471 eius
593 4428 684 4490 quem
709 4407 762 4467 ille
787 4416 944 4465 auctorem
967 4411 1090 4463 secutus
1108 4401 1147 4458 sit
1162 4403 1203 4456 ‘r‘n
1221 4397 1340 4455 acttoae’

252 4527 370 4563 ararent
386 4526 449 4562 aaa.
1066 4542 1076 4561 .
1099 4506 1139 4566 34
