3186 4996
577 366 619 406 DE
640 365 729 407 visis
754 364 967 406 luuvsuutavs

719 515 832 575 XVIII

109 614 187 686 25*
287 628 460 676 causatus
479 612 650 676 mimorum
671 612 811 676 scribtor
832 612 956 675 decimo
971 634 1081 675 mense
1103 620 1176 697 post
1192 611 1343 675 Caesaris

204 715 370 778 interitum
385 712 537 777 Puteolis
559 715 696 776 moritur
719 720 757 791 (a.
784 724 863 792 711).

710 836 841 895 XVIIII

109 924 186 1000 26*
287 949 470 998 Pvsstiurvs
499 933 743 1019 mimographus
775 934 908 996 natione
932 931 1034 1018 Syrus
1062 931 1185 995 Romae
1214 952 1344 994 scenam

202 1042 292 1098 tenet
314 1041 353 1111 (a.
376 1046 454 1113 711).

287 1224 342 1281 25*
355 1231 539 1294 Hieronymus
552 1229 596 1280 01.
618 1228 679 1289 184,
698 1228 722 1279 2.
737 1229 895 1279 Macrobius
908 1228 965 1279 Sat.
985 1229 1012 1278 Il
1030 1229 1046 1277 7
1054 1267 1060 1290 ‚
1080 1229 1147 1277 Η
1166 1226 1195 1293 (e
1209 1227 1346 1293 deperditi

205 1296 328 1347 Gelliani
347 1296 413 1346 VIII
431 1297 497 1347 libri
517 1313 576 1362 cap.
599 1297 653 1361 15):
675 1298 837 1347 ‘Laberium
858 1312 974 1362 asperae
992 1296 1133 1346 libertatis
1153 1297 1274 1360 equitem
1293 1297 1346 1345 Ro·

204 1380 313 1415 manum
337 1365 444 1414 Caesar
467 1365 626 1430 quingentis
649 1365 760 1415 milibus
784 1364 918 1415 inuitauit
940 1369 971 1414 ut
992 1364 1115 1429 prodiret
1136 1365 1166 1413 in
1189 1378 1299 1413 scenam
1319 1369 1347 1412 et

204 1434 263 1497 ipse
288 1437 386 1497 ageret
408 1433 503 1481 mimos
527 1449 594 1496 quos
618 1433 805 1497 scriptitabat.
846 1430 895 1482 sed
922 1436 1048 1497 potestas
1072 1448 1126 1481 nou
1149 1430 1236 1480 solum
1259 1432 1282 1479 si
1306 1432 1346 1479 in·

119 1526 122 1531 ·
205 1502 277 1549 uitet
289 1500 435 1552 sedetiam
454 1500 478 1549 si
496 1500 634 1565 supplica
654 1500 742 1564 cogit:
762 1499 833 1549 unde
852 1515 882 1549 se
902 1506 929 1549 et
942 1500 1077 1549 Laberius
1097 1515 1113 1548 a
1127 1498 1247 1549 Caesare
1266 1514 1346 1547 coac·

206 1576 262 1616 tum
280 1572 308 1617 in
328 1565 441 1632 prologo
460 1572 579 1617 testetur
596 1568 639 1617 bis
657 1568 798 1616 uersibus:

356 1634 517 1684 Necessitas
536 1636 614 1684 euius
633 1649 728 1685 cursus
746 1635 897 1684 transuersi
916 1635 1046 1700 impetum
1066 1651 1088 1684 e.
1108 1652 1132 1699 q.
1150 1650 1171 1682 s.

205 1704 234 1751 iu
256 1702 318 1766 ipsa
337 1716 443 1766 quoque
462 1703 573 1752 actione
591 1702 707 1752 subinde
726 1717 755 1751 se
775 1718 828 1767 qua
840 1708 949 1768 poterat
961 1700 1151 1751 ulciscebatur
1168 1701 1280 1749 inducto
1298 1699 1348 1750 ha·

205 1770 265 1818 bitu
287 1770 366 1832 Syri,
395 1770 440 1833 qui
463 1770 541 1819 uelut
563 1771 657 1835 flagris
683 1785 782 1819 caesus
805 1770 1040 1835 praeripientique
1069 1784 1099 1818 se
1127 1768 1226 1818 similis
1255 1767 1348 1818 excla-

204 1837 313 1886 mahat:

357 1904 441 1953 Porro
460 1904 596 1965 Quirites!
615 1905 776 1955 libertatem
793 1902 947 1970 perdimus,

207 1975 236 2021 et
253 1971 337 2037 paulo
355 1977 417 2035 post
436 1972 553 2021 adiecit:

357 2039 479 2088 Necesse
499 2044 542 2089 est
560 2039 660 2089 multos
678 2041 777 2089 timeat
795 2055 874 2105 quem
891 2038 1094 2089 multi-timent.

206 2122 259 2170 quo
276 2106 351 2155 dicto
368 2107 537 2156 uniuersitas
555 2106 647 2172 populi
666 2107 701 2156 ad
718 2108 805 2157 solum
824 2107 973 2157 Caesarem
991 2106 1085 2157 oculos
1099 2111 1127 2155 et
1140 2121 1188 2155 ora
1200 2106 1347 2168 conuertIt,

206 2178 335 2223 notantes
359 2174 543 2237 inpotentiam
563 2177 623 2224 eius
641 2175 695 2223 hac
717 2175 870 2224 dicacitate
895 2173 1071 2240 lapidatam.l
1107 2174 1183 2223 Idem
1202 2173 1303 2222 ibidem
1321 2173 1349 2221 II

205 2240 234 2301 3,
257 2239 302 2289 to:
332 2240 455 2291 ‘Deinde
469 2257 529 2291 cum
542 2243 679 2293 Laberius
698 2242 727 2291 in
745 2242 798 2293 liae
818 2243 941 2291 ludorum
960 2242 1043 2291 anrrlo
1063 2256 1146 2291 aureo
1165 2241 1312 2290 honoratus
1332 2256 1349 2289 a

207 2308 328 2358 Caesare
349 2324 363 2358 e
381 2309 503 2373 uestigio
522 2310 551 2358 in
569 2310 790 2375 quattuordecIm
809 2311 843 2359 ad
862 2306 1040 2375 spectandum
1054 2309 1166 2358 transiit
1183 2307 1288 2357 uiolato
1307 2323 1348 2355 or·

206 2376 285 2437 dine,
305 2382 334 2424 et
352 2391 413 2424 eum
426 2377 597 2427 detrectatus
617 2384 659 2427 est
678 2394 762 2442 eques
775 2379 913 2427 Romanus
933 2384 961 2427 et
978 2384 1009 2426 ut
1026 2378 1125 2426 ruimus
1145 2376 1288 2438 remissus,
1308 2375 1349 2423 ait

207 2442 306 2493 Cleero
329 2445 519 2506 praetereunti
541 2446 662 2495 Laberio
688 2451 717 2494 et
741 2445 828 2494 sedile
848 2446 1006 2510 quaerenti:
1045 2444 1221 2509 Recepissem
1244 2438 1274 2493 te
1296 2443 1350 2491 nisi

207 2515 325 2575 anguste
349 2511 487 2573 sederem
512 2512 592 2561 simul
617 2518 646 2562 et
664 2511 740 2561 illum
764 2527 897 2578 respuens
916 2519 944 2562 et
961 2514 1108 2561 in‘aouum
1131 2516 1256 2577 senatum
1275 2510 1349 2559 ioca·

207 2583 263 2637 tus,
293 2576 371 2626 cuius
393 2593 534 2627 numerum
553 2579 658 2629 Caesar
675 2595 758 2644 supra
776 2580 820 2629 fas
839 2585 961 2629 aruerat.
998 2595 1049 2628 uec
1069 2581 1179 2644 inpune.
1209 2577 1373 2642 respondit¹

208 2645 281 2695 enim
299 2644 450 2693 Laberius:
485 2647 598 2707 Mirum,
618 2648 641 2694 si
661 2654 778 2711 augusto
797 2647 892 2707 sedes,
918 2648 963 2710 qui
987 2646 1060 2695 soles
1078 2647 1184 2696 duabus
1207 2645 1284 2695 sellis
1308 2660 1350 2694 se·

208 2713 286 2772 dere;
315 2713 481 2801 exprobrata
499 2712 617 2763 leuitate
637 2713 796 2775 Ciceronis,
821 2729 874 2778 qua
893 2715 1022 2763 inmerito
1041 2714 1159 2778 optimus
1183 2714 1253 2761 ciuis
1279 2712 1350 2761 male

189 2779 348 2837 audiebat.
390 2779 465 2828 Idem
484 2778 587 2829 ibidem
605 2781 634 2830 II
650 2780 680 2842 o,
705 2778 736 2829 6:
774 2781 856 2830 ‘Cum
874 2780 961 2830 iratus
981 2796 1042 2830 esse
1061 2782 1091 2829 P.
1112 2779 1225 2829 Clodius
1243 2781 1276 2829 D.
1296 2780 1350 2827 La·

207 2847 285 2895 herio
304 2845 456 2908 diceretur,
482 2848 552 2911 quod
578 2850 605 2897 ci
628 2849 739 2897 mimum
762 2849 868 2913 petenti
887 2864 942 2897 non
960 2848 1095 2897 dedisset:
1131 2847 1203 2908 Quid
1223 2845 1349 2910 amplius,

207 2913 310 2978 inquit,
331 2913 398 2962 mihi
417 2914 542 2963 facturus
562 2930 604 2977 es,
624 2916 680 2965 nisi
697 2922 728 2964 ut
746 2915 948 2979 Dyrrhachium
967 2931 1027 2965 earn
1046 2926 1072 2964 et
1089 2914 1219 2964 redeam?
1255 2913 1351 2962 ludens

208 2982 243 3030 ad
261 2980 405 3031 Ciceronis
424 2981 560 3031 exilium’

292 3044 345 3099 26*
369 3049 553 3113 Hieronymus
572 3049 614 3099 Ol.
638 3048 698 3112 184,
723 3051 747 3099 2.
791 3050 897 3100 Plinius
915 3052 948 3100 N.
968 3051 1003 3099 Il.
1023 3050 1124 3099 XXXV
1149 3047 1210 3099 199:
1248 3048 1305 3098 ‘est
1324 3054 1353 3099 et

208 3115 346 3166 uilissima
366 3115 458 3181 (meta)
483 3133 536 3180 qua
555 3120 657 3167 circum
680 3118 850 3183 praeducere
875 3118 909 3168 ad
934 3119 1070 3168 uictoriae
1094 3122 1187 3167 notam
1211 3116 1350 3183 pedesque
1403 3112 1408 3123 “

207 3185 349 3233 uenalium
368 3186 552 3234 transmaria
571 3186 748 3236 aduectorum
767 3188 899 3237 denotare
919 3187 1100 3235 instituerunt
1117 3187 1235 3235 maiores
1255 3184 1351 3233 talem:

209 3267 261 3317 que
291 3251 441 3302 PubIIlium
469 3253 604 3303 Locbium
634 3255 762 3304 mimicae
790 3269 911 3304 scaenae
937 3255 1107 3303 conditorem
1131 3260 1159 3301 et
1182 3252 1351 3318 astrologiae

210 3321 402 3370 consobrinum
427 3321 486 3370 eius
509 3321 654 3371 Manilium
678 3322 856 3383 Antiochum,
881 3324 948 3372 item
970 3322 1170 3387 grammaticae
1196 3320 1352 3370 Staberium

209 3389 321 3437 Erotem
352 3388 448 3436 eadem
483 3404 555 3438 naue
590 3390 722 3439 aduectos
751 3389 846 3441 uidere
881 3387 1002 3454 proaui’
1051 3389 1209 3439 Macrobius
1239 3390 1296 3437 Sat
1324 3388 1352 3437 ΙΙ

209 3455 237 3512 7,
263 3454 330 3505 o-tt
354 3456 430 3517 (item
454 3457 571 3507 fortasse
597 3474 629 3507 ex
658 3457 743 3507 Gellii
768 3457 831 3506 libri
860 3458 928 3507 VIII
956 3457 1093 3522 deperditi
1122 3472 1182 3522 cap.
1214 3455 1267 3515 lm:
1311 3455 1352 3504 ‘Is

210 3523 346 3573 Publilius
364 3524 476 3573 natione
495 3526 592 3588 Syrus,
617 3541 677 3574 eum
696 3541 764 3591 puer
781 3526 816 3574 ad
833 3532 978 3590 patronum
996 3525 1099 3575 domini
1118 3535 1191 3574 esset
1208 3524 1350 3583 adductus,

209 3592 360 3656 promeruit
379 3607 439 3640 eum
458 3608 513 3641 non
531 3592 620 3642 minus
643 3592 749 3643 salibus
769 3598 797 3642 et
815 3594 927 3657 ingenio
951 3608 1030 3657 (quam
1056 3593 1151 3641 torma.
1194 3607 1257 3639 uam
1281 3591 1352 3639 forte

210 3674 269 3707 curn
290 3659 337 3707 ille
356 3674 464 3709 seruum
483 3675 560 3709 statim
579 3661 757 3725 hydropicum
777 3662 915 3710 iacentem
935 3660 962 3710 in
981 3676 1047 3710 area
1066 3660 1183 3708 uidisset
1200 3658 1351 3720 increpuis-

209 3730 319 3789 setque,
352 3726 416 3790 quid
440 3728 549 3777 in-sole
572 3730 695 3788 faceret,
726 3729 881 3793 respondit:
919 3730 1023 3792 Aquam
1048 3726 1189 3776 ealefacit.
1236 3724 1352 3773 ioculari

209 3793 309 3841 deinde
328 3808 411 3858 super
432 3810 503 3844 cena
525 3802 621 3845 exorta
645 3796 821 3861 quaestione,
847 3796 982 3860 quoduam
1000 3800 1074 3844 esset
1090 3793 1234 3841 molestum
1256 3793 1350 3853 otium,

211 3860 286 3909 aliud
306 3860 361 3909 alio
386 3862 517 3925 opinante
539 3863 587 3913 ille
607 3864 755 3929 Podagrici
779 3864 863 3929 pedes
881 3865 958 3912 dixit.
1000 3862 1035 3912 ob
1053 3861 1124 3910 baec
1143 3864 1171 3909 et
1190 3859 1246 3908 aliu
1270 3873 1352 3907 mauu

210 3929 309 3976 missus
328 3933 355 3976 et
373 3929 477 3978 maiore
496 3946 562 3980 cura
581 3932 717 3993 eruditus,
743 3947 803 3980 cum
821 3932 917 3980 mimos
934 3933 1102 3994 conponeret
1121 3927 1280 3991 ingentique
1306 3926 1351 3975 ad-

210 4010 292 4044 sensu
316 3996 342 4043 in
367 3995 467 4044 Italiae
490 3999 599 4063 oppidis
623 4015 705 4061 agere
730 3999 880 4064 coepisset,
911 3998 1060 4062 productus
1083 3995 1186 4044 Romae
1210 4009 1260 4059 per
1281 3994 1350 4042 Cae·

210 4063 281 4112 saris
305 4062 384 4111 ludos
407 4079 501 4113 omues
530 4068 576 4129 qui
605 4072 670 4115 tune
697 4067 802 4130 scripta
827 4072 855 4115 et
879 4080 977 4129 operas
1005 4078 1070 4113 suas
1088 4064 1117 4111 in
1140 4077 1253 4112 scenam
1276 4060 1351 4111 loca·

210 4135 311 4181 uerunt
332 4133 508 4195 prouocauit,
530 4139 561 4181 ut
584 4134 687 4199 singuli
704 4149 797 4184 seeum
820 4134 912 4198 posita
933 4132 1054 4182 inuicem
1076 4130 1194 4179 materia
1211 4145 1260 4194 pro
1284 4134 1351 4178 tem·

297 4285 437 4345 Caesaris
461 4290 580 4360 scriprsr':
611 4287 644 4346 C.
672 4286 813 4346 Caesaris
836 4289 863 4343 B
884 4284 919 4346 C.
950 4284 1018 4343 [ulii
1040 4283 1184 4343 Caesaris
1204 4284 1279 4341 Scol.
1301 4275 1353 4364 [13

211 4369 362 4431 Publilius
376 4374 496 4446 scripsi:
513 4371 641 4431 Publius
658 4375 685 4428 B
702 4374 803 4444 (Saul.)
819 4366 833 4453 ss
847 4370 1044 4447 mimografus
1058 4371 1087 4427 B
