3218 5000
401 432 635 476 svrrnnunura
656 435 746 476 araur
767 436 809 476 ne
832 436 1037 479 aaruaurrvu
1061 438 1201 482 narrare
1309 428 1368 490 261

230 573 319 645 λύρας
340 598 386 649 ap.
408 585 477 634 Non.
498 600 523 649 p.
541 583 572 633 81
592 584 704 636 Servius
722 602 815 653 georg.
835 586 928 637 11182
946 588 1044 639 Festus
1062 604 1083 639 e.
1103 604 1129 639 v.
1148 591 1263 655 petilam
1281 609 1307 656 p.
1321 591 1372 643 205

232 651 337 701 Gellius
360 653 394 702 N.
417 652 449 702 Α.
472 653 501 702 11
524 652 669 703 261119.
711 653 758 704 ol:
787 655 835 704 ‘In
864 656 1049 706 animantibus
1077 658 1210 721 bigenera
1233 660 1370 722 dicuntur,

230 734 302 783 quae
321 736 355 768 er
372 721 489 770 diuersis
512 727 677 771 nascuntur:
700 727 731 771 ut
748 721 836 772 mulne
855 739 889 773 ex
908 739 979 787 equa
997 729 1026 773 et
1045 725 1132 786 asino,
1152 725 1237 775 burdo
1255 743 1288 776 ex
1301 744 1370 792 equo

231 793 259 836 et
277 788 365 849 asina,
384 787 511 837 hibridae
535 805 569 839 ex
593 790 668 853 apris
687 791 836 855 etpumia,
860 792 958 853 tityrus
983 807 1086 841 exone
1106 802 1133 842 et
1150 793 1237 855 hirco,
1256 797 1371 845 musimo

230 870 265 904 ex
283 871 369 919 capra
388 864 416 906 et
434 858 537 917 ariete,
561 861 605 906 cet
622 862 715 906 autem
733 859 786 907 dux
805 857 917 923 gregis!
959 860 996 911 ct.
1014 858 1101 911 Varro
1119 861 1153 909 de
1172 876 1201 910 re
1220 863 1325 912 rustica
1344 863 1370 913 lI

229 920 376 973 ssScrvius
400 923 490 988 eclog.
514 924 528 973 1
551 922 584 973 28
607 940 701 990 georg.
720 925 763 975 ΙΙΙ
785 924 963 979 astruentur
985 941 1007 976 s.
1031 942 1056 977 v.
1076 929 1242 978 musimones
1265 946 1292 995 p.
1313 928 1370 979 137.

230 991 254 1040 2.
280 992 341 1040 ‘De
361 990 483 1041 bestiis.'
519 992 535 1039 7
558 1007 630 1056 sqq:
655 992 762 1057 ‘Tigris
780 998 883 1043 uocata
899 1001 1012 1059 propter
1034 994 1173 1045 uolucrem
1191 997 1294 1059 lugam.
1330 998 1371 1046 ita

230 1058 303 1108 enim
321 1060 465 1108 nominant
487 1059 590 1109 Persae
614 1065 642 1110 et
660 1061 733 1110 Medi
760 1062 900 1126 sagittam.
943 1068 986 1112 est
1010 1064 1084 1111 enim
1102 1064 1193 1112 bestia
1211 1066 1298 1113 uariis
1316 1064 1370 1114 dis·

229 1127 320 1175 tincta
337 1126 462 1187 maculis,
482 1127 585 1176 uirtute
605 1133 633 1177 et
650 1128 800 1178 uelocitate
820 1128 965 1191 mirabilis,
985 1146 1018 1179 ex
1037 1133 1115 1180 cuius
1138 1132 1248 1181 nomine
1271 1133 1370 1182 flumen

229 1194 322 1259 Tigris
336 1193 501 1258 appellatur,
522 1194 635 1259 quodie
653 1197 843 1260 rapidissimus
861 1199 899 1246 sit
916 1199 1034 1247 omnium
1052 1198 1205 1249 fluuiorum.
1241 1200 1292 1249 has
1313 1216 1370 1248 ma-

229 1262 271 1325 gis
293 1262 437 1324 Hyrcania
466 1263 565 1328 gignit.
606 1263 730 1313 Panther
752 1265 855 1325 dictus,
884 1265 944 1315 siue
972 1265 1044 1331 quod
1068 1267 1187 1316 omnium
1211 1266 1370 1316 animalium

230 1330 335 1378 amicus
353 1330 403 1390 sit,
428 1335 544 1394 excepto
568 1330 701 1389 dracone,
732 1332 792 1382 eine
816 1333 881 1395 quia
903 1339 931 1382 et
954 1334 997 1382 sui
1020 1334 1130 1398 generis
1149 1336 1284 1385 societate
1303 1351 1370 1400 gau·

230 1397 277 1446 det
300 1397 386 1469 etflad
405 1397 521 1446 eandem
544 1398 752 1465 similitudinem
775 1400 907 1463 quidquid
931 1401 1036 1464 accipit
1058 1401 1149 1451 reddit
1238 1403 1309 1453 haec
1328 1418 1369 1452 se·

229 1463 283 1514 mel
301 1464 411 1515 omnino
429 1466 562 1529 parturit,
587 1468 665 1515 cuius
690 1480 791 1516 causae
813 1468 885 1517 ratio
909 1468 1059 1517 manifesta
1083 1479 1132 1517 est.
1175 1485 1239 1519 nam
1262 1485 1322 1519 cum
1342 1471 1370 1519 in

229 1536 308 1581 utero
326 1534 422 1581 matris
441 1532 570 1582 coaluere
595 1534 681 1583 catuli
704 1534 874 1599 maturisque
893 1535 929 1584 ad
945 1536 1114 1585 nascendum
1133 1537 1238 1587 uiribus
1256 1537 1369 1602 pollent,

230 1599 326 1648 odiunt
353 1605 505 1664 temporum
533 1616 632 1650 moras.
678 1602 773 1666 itaque
802 1607 945 1651 oneratum
968 1604 1072 1653 fetibus
1095 1604 1207 1653 uuluam
1230 1610 1370 1669 tamquam

230 1667 385 1716 obstantem
404 1670 496 1732 partui
515 1669 652 1732 unguibus
670 1670 804 1731 lacerant,
830 1670 947 1719 effundit
965 1670 1015 1719 illa
1033 1677 1141 1735 partum
1160 1688 1208 1722 seu
1226 1673 1316 1737 potius
1329 1672 1370 1722 di·
1404 1706 1411 1719 .

229 1735 315 1783 mittit
327 1734 421 1785 dolore
439 1740 565 1799 cogente.
595 1738 635 1785 ita
648 1743 745 1800 postea
765 1739 901 1802 corruptis
920 1746 948 1787 et
967 1739 1140 1789 cicatricosis
1159 1740 1271 1789 sedibus
1290 1742 1368 1805 geni-

230 1802 286 1851 tale
305 1818 399 1853 semen
418 1803 537 1852 infusum
555 1819 610 1853 non
628 1804 725 1854 haeret
744 1810 902 1870 acceptum,
928 1805 976 1854 sed
1000 1807 1107 1855 irritum
1130 1807 1221 1856 reeilit
1308 1824 1369 1873 par-

229 1869 278 1919 dus
302 1870 438 1919 secundus
460 1876 522 1935 post
545 1871 707 1935 pantherem
737 1880 791 1933 eat,
821 1888 907 1936 genus
936 1874 1042 1922 narium
1066 1879 1095 1922 et
1116 1874 1319 1924 uelocissimum
1344 1880 1371 1924 et

229 1953 363 2003 praeceps
388 1938 423 1987 ad
446 1939 617 2003 sanguinem.
664 1940 736 1989 saltu
760 1940 833 1988 enim
857 1940 891 1989 ad
920 1944 1034 1989 mortem
1061 1941 1124 1989 ruit.
1167 1942 1314 2007 leopardus
1338 1958 1371 1991 ex

229 2005 365 2055 adulterio
388 2006 505 2056 leaenae
536 2011 564 2055 et
586 2006 666 2070 pardi
683 2009 822 2069 nascitur,
847 2007 1008 2072 ettertiam
1027 2008 1161 2071 originem
1180 2010 1277 2070 efficit,
1298 2010 1371 2058 sicut

230 2078 258 2122 et
275 2072 382 2122 Plinius
405 2075 434 2122 in
457 2073 579 2122 naturali
602 2074 719 2123 historia
742 2075 821 2133 dicit,
851 2074 959 2124 leonem
985 2091 1045 2124 cum
1064 2075 1164 2139 parda,
1191 2082 1238 2125 aut
1256 2076 1371 2140 pardum

230 2156 290 2189 cnm
308 2140 408 2190 leaena
431 2142 625 2199 concumbere,
654 2147 682 2191 et
705 2158 739 2191 ex
755 2147 871 2206 utroque
895 2144 971 2191 coitu
988 2141 1139 2206 degeneres
1158 2150 1252 2206 partus
1271 2143 1369 2204 creari,

228 2213 259 2256 ut
276 2207 364 2257 mulus
383 2214 411 2257 et
428 2206 534 2257 burdo)
571 2208 602 2257 12
620 2224 674 2273 sq:
700 2208 883 2259 ‘Rhinoceros
902 2225 918 2258 a
937 2209 1053 2259 Graecis
1076 2218 1191 2260 uocatus
1209 2212 1311 2261 Latine
1329 2211 1371 2259 in-

228 2280 397 2340 terpretatur
424 2277 453 2326 in
476 2291 543 2325 nare
572 2293 665 2326 cornu.
706 2277 778 2326 idem
801 2283 829 2325 et
851 2292 1011 2326 monoceros
1029 2277 1056 2326 id
1076 2284 1117 2325 est
1135 2278 1286 2340 unicornis,
1309 2278 1370 2327 ideo

229 2344 300 2407 quod
321 2359 405 2392 unum
424 2358 509 2393 cornu
530 2345 559 2393 in
577 2344 668 2393 media
687 2345 778 2394 fronte
795 2344 899 2394 habeat
915 2345 1015 2408 pedum
1034 2350 1175 2408 quattuor,
1201 2346 1242 2394 ita
1260 2352 1370 2394 acutum

230 2417 258 2459 et
276 2410 410 2473 ualidum,
435 2418 465 2460 nt
484 2411 615 2476 quidquid
633 2412 788 2476 inpetierit,
816 2418 865 2461 aut
886 2411 1004 2461 uentilat
1028 2416 1076 2462 aut
1092 2413 1224 2477 perforet.
1260 2428 1324 2461 num
1343 2418 1371 2462 et

230 2493 290 2527 cnm
309 2478 456 2543 elephante
475 2494 559 2544 saepe
579 2484 719 2528 certamen
738 2479 823 2529 habet
846 2484 874 2527 et
897 2481 925 2527 iu
943 2485 1041 2528 uentre
1059 2479 1233 2529 uulneratum
1251 2486 1371 2544 proster-

229 2546 278 2595 nlt.
314 2552 410 2596 tantae
430 2551 523 2596 autem
542 2554 584 2596 est
601 2547 780 2607 fortitudinis,
800 2553 830 2597 ut
847 2546 924 2596 nulla
941 2549 1103 2596 nenuntium
1115 2548 1218 2596 uirtute
1231 2549 1369 2613 capiatur,

229 2614 277 2663 sed
301 2614 374 2662 sicut
397 2619 538 2675 asserunt,
564 2614 619 2679 qui
642 2620 787 2664 naturae
814 2613 1011 2664 animalium
1034 2617 1266 2679 scripserunt,
1291 2617 1370 2680 uirgo

228 2681 322 2746 puella
339 2683 513 2747 proponitur,
539 2697 608 2745 quae
632 2683 756 2731 uenienti
778 2683 868 2732 sinum
886 2684 990 2746 aperit,
1015 2683 1044 2731 in
1068 2697 1121 2746 quo
1139 2682 1187 2731 ille
1206 2684 1280 2733 omni
1298 2683 1370 2732 fero·

229 2749 316 2798 citato
346 2750 472 2815 deposita
501 2756 585 2814 caput
611 2751 690 2813 ponit
717 2751 812 2813 sicque
841 2756 983 2814 soporatus
1005 2749 1083 2799 uelut
1105 2750 1217 2799 inermis
1241 2748 1370 2814 capitur.'

229 2815 273 2865 Cf.
297 2818 449 2866 Montlauc.
474 2816 563 2882 suppl.
588 2823 644 2866 ant.
663 2818 705 2866 111
726 2817 751 2879 l,
776 2817 806 2875 e,
831 2818 877 2882 qui
901 2818 1049 2879 imaginem
1072 2833 1105 2867 ex
1128 2833 1236 2882 gemma
1260 2817 1370 2883 puellae

230 2890 326 2949 aperto
344 2886 406 2934 sinu
425 2886 584 2934 unicornem
604 2885 799 2950 amplectentia
819 2885 939 2943 exhibet,
960 2883 1070 2934 Solinus
1088 2885 1129 2934 52.
1162 2884 1193 2933 14
1205 2901 1276 2949 sqq:
1298 2884 1370 2934 ‘Ele-

228 2951 361 3016 phantom
379 2952 481 3002 Graeci
500 2968 517 3001 a
535 2953 725 3017 magnltndine
745 2954 867 3017 corporis
886 2957 1015 3002 uocatum
1033 2958 1140 3016 putant,
1165 2953 1237 3017 quod
1254 2954 1371 3002 formam

228 3020 330 3070 montis
341 3021 492 3084 praeferat.
513 3034 613 3084 graece
627 3022 699 3069 enim
713 3036 788 3070 mons
801 3011 897 3083 λόφος.
918 3020 990 3084 apud
1003 3021 1085 3070 Indos
1098 3026 1189 3069 autem
1201 3035 1218 3069 a
1228 3035 1297 3070 uoce
1307 3021 1371 3069 bar·

228 3103 274 3137 rus
287 3094 411 3137 uocatur.
434 3086 508 3136 unde
522 3092 551 3136 et
563 3102 616 3137 uox
629 3089 688 3137 eine
702 3089 820 3137 barritus
833 3088 933 3136 dicitnr
946 3092 974 3136 et
984 3087 1081 3137 dentes
1092 3089 1168 3137 cbnr.
1191 3093 1309 3137 rostrum
1323 3102 1370 3136 an-

226 3160 284 3205 tem
296 3154 438 3219 proboacis
450 3155 559 3215 dicitnr,
573 3156 702 3218 quoniam
712 3155 762 3204 ills
772 3154 902 3220 pabulum
913 3156 955 3205 ori
966 3154 1096 3205 admouet
1107 3160 1135 3205 et
1146 3159 1188 3203 est
1198 3157 1283 3219 angui
1296 3156 1370 3204 simi·

227 3221 350 3282 lis‚uallo
364 3223 484 3271 munitus
498 3223 611 3271 eburno.
634 3223 684 3271 hoe
696 3224 780 3272 boues
796 3222 876 3271 lucas
892 3222 981 3271 dictos
994 3223 1029 3271 ab
1042 3223 1163 3286 antiquis
1176 3223 1307 3272 Romanis
1323 3223 1369 3284 (cf.

233 3291 320 3340 Varro
333 3291 365 3339 L.
380 3290 413 3339 L.
430 3290 488 3339 VII
503 3292 584 3355 eosq.
599 3291 695 3339 Plinius
709 3290 784 3339 VIII
795 3290 853 3351 tol:
867 3291 962 3349 boues,
978 3290 1042 3352 quia
1054 3290 1159 3338 nullum
1172 3289 1276 3338 animal
1289 3305 1370 3353 gran-

228 3358 289 3407 dius
302 3358 450 3418 uidebant,
458 3358 547 3415 lucas,
560 3358 626 3421 quia
636 3358 664 3406 in
677 3359 804 3408 Lucania
813 3357 877 3406 illos
889 3357 991 3421 primus
1004 3357 1123 3417 Pyrrhus
1136 3358 1165 3406 in
1177 3356 1284 3422 praelio
1294 3357 1370 3406 obic-

161 3446 192 3497 0
206 3476 213 3485 ,
229 3426 268 3475 cit
280 3426 421 3475 Romanis.
445 3424 574 3474 namhoc
587 3439 675 3489 genus
688 3426 837 3475 animanda
850 3426 878 3473 in
890 3425 973 3474 rebus
984 3424 1094 3474 bellicis
1108 3430 1201 3489 aptum
1214 3429 1264 3473 est.
1287 3424 1316 3472 in
1329 3424 1370 3473 eis

228 3494 301 3542 enim
312 3495 415 3543 Persae
435 3498 463 3543 et
476 3493 537 3540 Indi
555 3492 657 3556 ligneis
674 3493 795 3543 turribus
813 3492 959 3543 collocatis
977 3496 1117 3555 tamquam
1135 3492 1168 3541 de
1181 3507 1257 3541 muro
1270 3491 1371 3539 iaculis

228 3560 370 3612 dimicant.
398 3559 545 3609 intellectu
559 3566 650 3609 autem
660 3566 690 3609 et
700 3562 832 3610 memoria
844 3559 930 3608 multa
944 3560 1049 3623 uigent.
1073 3559 1210 3623 gregatim
1227 3557 1368 3619 incedunt,

227 3634 303 3678 motu
321 3644 373 3693 qno
392 3627 487 3677 ualent
505 3626 638 3684 salutant,
657 3643 759 3676 murem
779 3628 896 3691 fugiunt,
916 3628 1008 3675 auersi
1027 3633 1137 3687 coeunt,
1156 3626 1265 3689 qnando
1278 3631 1372 3674 antem

228 3695 399 3760 parturiunt,
417 3696 447 3744 in
466 3695 545 3758 equis
563 3694 608 3743 nel
627 3694 723 3744 insulis
741 3695 883 3744 dimittunt
901 3695 992 3744 foetus
1010 3700 1122 3757 propter
1138 3694 1285 3752 dracones,
1307 3694 1371 3756 quia

227 3763 334 3812 inimici
352 3768 416 3813 aunt
434 3768 463 3811 et
481 3761 570 3811 abeis
587 3762 725 3831 inplicati
741 3768 886 3812 necantur.
926 3759 1039 3811 biennio
1057 3767 1149 3810 autem
1168 3765 1280 3825 portant
1297 3762 1371 3810 tetus

229 3845 281 3880 nec
299 3830 417 3895 amplius
436 3845 516 3894 quam
535 3829 620 3879 semel
645 3830 762 3893 gignunt
784 3845 835 3880 nec
855 3829 946 3894 plnres
965 3829 1013 3878 sed
1030 3835 1136 3878 tantum
1153 3843 1243 3878 unum.
1273 3829 1372 3877 uiuunt

229 3903 320 3947 autem
331 3913 418 3948 annos
427 3902 576 3947 trecentos.
596 3898 668 3962 apud
678 3897 764 3947 nolam
774 3898 898 3946 Africam
910 3903 938 3946 et
950 3896 1058 3945 Indiam
1069 3896 1212 3961 elephanti
1222 3897 1298 3960 prius
1307 3911 1371 3946 nas·

229 3965 372 4026 cebentur,
391 3980 464 4015 nunc
483 3964 542 4015 sola
562 3980 609 4015 eoa
626 3965 708 4014 India
726 3962 836 4030 gignit)
864 3963 910 4013 29:
931 3963 1042 4027 ‘Vulpes
1061 3964 1138 4014 dicta
1156 3965 1236 4028 quasi
1253 3964 1371 4029 uolipes'.

228 4037 272 4082 est
295 4035 368 4082 enim
391 4033 522 4082 uolubilie
544 4031 678 4097 pedibus.’
720 4034 755 4082 cs.
779 4033 867 4081 Varro
889 4032 922 4080 L.
942 4032 973 4080 L.
993 4031 1015 4079 V
1037 4030 1092 4083 tot.
1123 4030 1157 4082 38
1174 4048 1246 4097 aqq.:
1272 4032 1371 4082 ‘Musio

228 4099 387 4166 appellatae
409 4100 481 4165 qnod
504 4101 626 4150 muribus
649 4100 768 4149 infestus
791 4100 836 4148 sit.
876 4099 950 4148 hune
977 4098 1075 4163 uulgus
1098 4106 1190 4148 catam
1214 4115 1231 4148 a
1255 4105 1372 4163 captura

226 4173 320 4218 uocat.
357 4167 406 4217 alii
430 4168 527 4217 dicunt
545 4168 616 4232 qood
635 4172 712 4217 catat
729 4167 759 4216 id
776 4171 819 4215 est
836 4166 927 4227 uiden
945 4182 1009 4215 nam
1027 4171 1106 4216 tanto
1126 4172 1207 4216 acute
1225 4166 1316 4224 uidet,
1340 4170 1372 4213 at

227 4235 335 4300 fulgore
357 4235 470 4285 luminis
492 4237 583 4284 noctis
607 4234 737 4284 tenebras
760 4239 879 4296 superet.
920 4234 992 4283 unde
1020 4249 1036 4282 a
1060 4233 1168 4283 Graeco
1192 4234 1270 4282 uenit
1291 4237 1371 4280 catus

228 4302 257 4351 id
285 4310 329 4353 est
352 4303 512 4368 ingeniosus
539 4292 596 4351 oirrd
625 4300 677 4351 τοῦ
705 4293 839 4366 adenona.
881 4300 942 4350 turo
969 4316 986 4349 a
1009 4300 1088 4350 turno
1112 4300 1217 4360 dictus,
1247 4298 1318 4348 unde
1342 4304 1372 4348 et

228 4370 280 4419 lar.
316 4370 477 4420 tenebrosos
500 4370 572 4419 enim
601 4375 629 4418 et
652 4368 776 4418 occultos
799 4366 941 4416 cuniculos
965 4367 1061 4417 effodit
1087 4372 1116 4417 et
1138 4368 1205 4416 elici
1239 4366 1371 4432 praedam

230 4452 311 4501 qnam
333 4437 482 4487 inuenerit.
517 4436 604 4499 melo,
633 4435 705 4499 quod
722 4437 760 4485 sit
776 4433 971 4485 rotundissimo
989 4435 1118 4496 membro,
1138 4435 1189 4483 nel·
1239 4434 1273 4484 od
1292 4435 1372 4484 fauor
