3194 5004
524 427 1004 472 r.s1rscarnncouusur.m1vs
1273 406 1335 469 495
1382 479 1387 488 ι

197 582 243 641 les
257 583 289 641 in
305 590 413 642 vetere
428 581 570 641 Parisino
593 587 731 660 exstant,
756 599 795 640 ex
815 579 946 639 adverso
968 580 1073 658 posui,
1090 578 1178 637 simul
1198 576 1337 637 subiecta

197 684 366 762 scripturae
383 682 593 762 discrepantia
607 680 793 741 notabiliora
809 682 1000 740 noviciorum
1015 678 1168 739 librorum.

459 821 491 880 p.
506 808 542 863 28
647 810 651 815 '
1002 819 1033 877 p.
1048 807 1084 862 3³

248 905 336 960 nictit
350 905 382 960 P.
402 907 491 977 scipio
506 906 533 960 ci
544 903 658 977 profuit
669 905 742 960 nibil
828 905 917 975 scipio
932 903 1020 959 nichil
1030 900 1148 974 profuit
1160 901 1249 957 nichil

246 1008 290 1063 iili
302 1008 384 1064 lciiuc
398 1008 471 1064 uitii
483 1008 655 1063 cimiaiatrot
665 1020 722 1078 per
830 1008 930 1063 icdiua
958 1004 1063 1077 fririae
1073 1012 1133 1060 trau
1147 1019 1203 1074 prr

246 1111 320 1166 mem
336 1116 446 1180 tempus
464 1111 515 1181 qui
531 1110 678 1181 upitabout
774 1119 791 1172 3
829 1109 902 1164 iciam
922 1115 1033 1179 tempus
1051 1110 1101 1178 qui
1117 1108 1265 1180 upitabaut

248 1212 355 1267 uobiica
366 1211 514 1284 facillime.
536 1226 635 1267 corum
649 1211 696 1266 iiic
831 1211 938 1265 nobiles
949 1208 1098 1282 facillimo.
1117 1225 1215 1265 corum
1233 1211 1278 1265 ilic

249 1328 339 1385 opera
354 1329 389 1369 ua
404 1315 516 1370 domum
531 1315 643 1385 quidem
831 1327 921 1383 opera
937 1327 973 1366 uc
988 1313 1099 1367 domum
1115 1313 1227 1384 quidem

249 1417 276 1471 ri
288 1416 366 1472 abuit
383 1417 594 1472 couducciciam
608 1416 707 1470 sultam
774 1421 791 1477 6
832 1415 931 1469 habirit
952 1415 1158 1470 conducticium
1174 1417 1272 1471 saitem

250 1523 281 1573 ut
295 1524 368 1572 essct
385 1534 441 1589 quo
457 1516 585 1589 referret
599 1517 703 1572 obitum
792 1522 795 1527 '
832 1522 863 1571 ut
878 1520 952 1571 caret
969 1533 1024 1587 quo
1042 1516 1169 1589 referret
1183 1518 1286 1573 obitum

249 1620 356 1675 domiui
369 1621 494 1676 seruato.
834 1620 941 1673 domiui
953 1621 1097 1675 seruulus.

253 1748 367 1801 lavel
382 1768 411 1816 p.
429 1750 474 1801 vel
492 1749 595 1800 Publius
613 1750 704 1816 (Ηυξ.)
835 1749 848 1799 l
877 1752 958 1814 eripio
988 1746 1074 1817 nichil]
1105 1752 1167 1801 uitii
1190 1753 1289 1816 publius

250 1834 295 1884 rel
324 1836 413 1885 Publio
442 1835 529 1899 (Vrb.)
556 1835 601 1885 vel
629 1837 653 1885 ci
676 1853 705 1900 p.
833 1837 913 1899 scipio
932 1839 967 1884 uti
985 1835 1051 1899 aeg.
1165 1826 1301 1887 iiediuss

252 1920 361 1986 (Neap.)
444 1921 525 1985 scipio
535 1921 635 1984 profuit
646 1922 706 1969 sinc
830 1917 927 1985 furiae]
941 1923 966 1968 ei
976 1921 1048 1970 letius
1058 1922 1119 1971 utut
1126 1921 1288 1984 furiae(siuc

251 2006 277 2054 ci
377 2002 459 2071 tuti]
484 2007 509 2053 ci
613 2006 706 2055 umiui·
833 2006 858 2054 ei
874 2005 937 2053 Par.
957 2005 1015 2065 ait,
1033 2004 1112 2070 Reg.)

251 2086 332 2155 atros]
354 2090 440 2152 furius
462 2095 517 2139 tres
651 2088 669 2138 o
684 2093 710 2139 ut

253 2170 334 2239 apuu]
354 2173 440 2223 ltubuit
557 2172 574 2222 8
591 2177 705 2223 acriculus

202 2312 244 2371 Et
263 2312 383 2371 initium
405 2309 530 2389 quidem
549 2310 657 2369 horum
678 2329 818 2370 versuum
839 2311 934 2389 longo
963 2332 1003 2370 ex
1026 2320 1166 2391 tempore
1190 2315 1253 2373 tale
1268 2316 1339 2374 'vul-

203 2422 292 2491 gatur
316 2413 383 2473 loco
409 2412 527 2491 priore:
566 2416 608 2470 uil
627 2413 746 2471 Pribiius
771 2409 785 2494 ΙΙ
814 2413 911 2485 Scipio
933 2415 1064 2488 profuit,
1094 2395 1138 2473 nii
1165 2418 1339 2488 citatius,

202 2519 245 2575 uii
262 2518 388 2572 Furius:
412 2533 507 2593 aqua
521 2514 626 2592 specie
646 2516 690 2573 ita
704 2522 822 2578 tantum
837 2514 1022 2574 Rothianum
1045 2517 1217 2595 exemplum
1238 2517 1341 2578 differt

202 2625 237 2676 ut
251 2620 293 2675 iili
312 2614 411 2696 proci
427 2614 617 2674 substituerit
633 2614 710 2675 duee
725 2617 885 2689 Parisino,
907 2616 939 2674 id
961 2617 1042 2696 quod
1066 2619 1126 2676 iam
1148 2619 1340 2678 commenda-

203 2728 291 2779 verat
307 2718 456 2797 Gayetus.
500 2717 587 2775 Talis
607 2727 711 2776 tamen
727 2718 911 2777 constructio
927 2739 989 2776 non
1005 2719 1105 2777 miuus
1121 2719 1159 2778 ab
1173 2740 1229 2780 usu
1252 2741 1342 2801 quam

204 2821 243 2879 ab
273 2819 429 2897 elegantia
453 2819 630 2878 reiectanea
656 2829 719 2879 est:
751 2839 811 2878 nec
832 2820 914 2878 enim
932 2821 997 2878 fieri
1022 2830 1124 2899 potest
1149 2831 1181 2881 ut
1208 2821 1341 2882 utribus

203 2920 346 2982 membris
362 2921 510 2981 orationis
526 2921 632 3001 cisque
649 2920 785 2980 eiusdem
804 2925 846 2980 aii
860 2922 945 2981 vocis
959 2924 1120 3002 anaphora
1140 2922 1343 3003 aequabiliter

204 3024 342 3084 formatis
358 3022 478 3082 dativus
494 3022 590 3082 solum
605 3022 739 3083 medium
755 3032 900 3103 occupet,
927 3025 979 3103 qui
1001 3035 1053 3084 aut
1073 3026 1130 3085 soli
1151 3027 1248 3104 primo
1270 3047 1341 3085 cou-

204 3126 337 3184 veniens
354 3134 419 3184 erat
434 3124 492 3184 hoc
506 3133 613 3204 pacto:
628 3129 670 3183 uii
687 3130 715 3184 ci
730 3124 795 3205 (vel
814 3125 869 3203 iiii)
898 3128 993 3200 Scipio
1012 3129 1139 3201 profuit,
1162 3132 1205 3185 uil
1218 3131 1341 3196 Laetius,

205 3231 246 3285 nii
263 3230 388 3299 Furius,
409 3236 461 3286 aut
483 3234 514 3286 et
535 3227 633 3306 primo
654 3236 685 3286 et
706 3226 853 3287 secundo.
898 3228 967 3306 Quo
984 3237 1086 3286 tamon
1108 3244 1171 3286 non
1198 3230 1241 3288 ita
1255 3237 1342 3288 utere

205 3339 238 3389 ut
259 3330 347 3389 simul
370 3337 401 3388 et
421 3333 448 3387 ei
473 3337 504 3387 et
527 3332 570 3386 iiii
588 3330 771 3407 pronomine
793 3338 935 3408 suscepto
962 3349 978 3387 e
1001 3330 1142 3387 Parisino
1164 3330 1223 3389 hoo
1244 3350 1341 3406 genus

205 3431 333 3511 probes:
354 3434 396 3489 nii
408 3433 528 3488 Pcibiiut
547 3425 561 3509 ΙΙ
582 3431 678 3504 Scipio
698 3435 726 3488 ei
738 3431 870 3505 profuit,
893 3435 934 3497 aii
953 3434 995 3488 iiii
1009 3431 1140 3500 Lucilius,
1160 3436 1202 3488 nii
1216 3435 1341 3490 Furius:

206 3532 330 3614 quando
346 3531 494 3591 absonum
510 3541 556 3591 est
572 3531 700 3590 diversis
716 3532 946 3611 pronominibus
964 3532 1094 3591 eandem
1110 3552 1274 3611 porsonam
1289 3532 1352 3592 dc·.

206 3636 326 3696 clarari.
370 3634 429 3693 His
445 3642 546 3692 autem
561 3633 760 3692 incommodis
777 3635 828 3714 qui
851 3654 907 3693 nos
924 3633 1138 3712 expediamus,
1161 3636 1211 3692 via
1234 3645 1343 3714 parata

207 3747 254 3798 est
272 3737 449 3797 certissima.
494 3734 570 3813 Quis
593 3727 689 3808 enirn,
719 3737 771 3814 qui
793 3736 926 3815 aliquem
950 3755 1073 3795 sensum
1094 3737 1268 3812 elegantias
1289 3737 1343 3797 ha·

206 3838 292 3913 beat,
319 3820 474 3919 patienter
497 3838 577 3895 ferat
604 3835 731 3896 duorum
750 3838 894 3896 versuum
915 3838 1054 3897 confiniis
1082 3836 1202 3896 divulsa
1223 3840 1343 3897 Publius

208 3942 303 4014 Scr'pio
324 3939 471 4000 nomina?
493 3940 535 4000 Et
548 3947 583 3997 ut
596 3939 676 3998 ultra
690 3938 873 4018 progrediar
888 3938 1116 4013 ratiocinando,
1133 3941 1201 4019 quis
1218 3942 1342 4000 omnino

206 4041 344 4101 additum
359 4044 478 4101 Publius
495 4060 684 4121 praenomen
701 4041 826 4120 probet,
848 4061 915 4101 eum
936 4041 975 4100 de
996 4041 1056 4100 alio
1078 4040 1138 4100 nisi
1152 4040 1262 4101 Publio
1279 4042 1342 4101 Sci·

206 4144 301 4223 pione
317 4145 442 4204 omnino
457 4144 584 4223 cogitari
599 4143 760 4222 nequeat?
788 4144 859 4204 Vno
875 4142 971 4202 verbo
988 4141 1062 4223 quid
1078 4144 1122 4202 rei
1137 4144 1176 4203 sit
1190 4144 1342 4223 aperiam:

207 4266 271 4306 non
287 4255 334 4306 est
348 4249 382 4305 P.
403 4246 455 4305 vel
471 4266 503 4321 p.
519 4254 594 4306 nota
609 4247 727 4304 Ibtbiiua
750 4244 997 4325 interpretanda,
1018 4245 1075 4304 sed
1090 4247 1204 4312 Publio,
1225 4247 1283 4305 sie:
1303 4250 1346 4305 uii

207 4351 307 4407 Publio
327 4343 341 4430 ΙΙ
363 4348 458 4421 Scipio
469 4351 596 4423 profuit,
614 4351 657 4406 uit
670 4352 714 4405 illi
725 4350 854 4415 Laelius,
872 4352 913 4406 nii
924 4350 1045 4411 Furius,
1067 4348 1098 4407 h.
1115 4367 1142 4407 e.
1158 4346 1266 4405 Publio
1282 4348 1343 4405 Te·

206 4450 317 4511 tentio.
368 4448 461 4527 Quod
487 4449 610 4529 quidem
640 4448 761 4529 pridem
787 4458 1021 4529 perspexeram,
1052 4469 1118 4509 curn
1143 4449 1241 4527 ipsum
1266 4448 1343 4510 illud
