3218 5000
221 365 284 429 tlt
725 382 858 427 enarra

221 530 301 592 uire.
343 530 495 617 aprorum
518 529 680 595 frendere.
717 528 848 616 lyncum
876 551 1001 595 urcarc.
1050 530 1198 617 luporum
1225 530 1362 596 ululare.

222 633 420 716 serpentium
444 631 587 695 sibilare.
631 653 824 716 onagrorum
847 630 1017 715 mugilare.
1051 653 1222 696 ceruorum
1245 634 1363 717 rugire.

221 818 312 852 rarum
327 804 449 865 caurire,
466 818 589 853 ursorum
603 820 705 854 uacare
718 804 764 853 uel
777 805 900 865 saeuire,
920 819 1045 869 aprorum
1058 804 1201 868 frendere,
1214 805 1304 868 lyncis
1316 820 1363 854 un-

222 886 297 931 care,
311 872 433 936 luporum
448 871 561 929 ululare,
577 873 743 936 serpentium
754 871 877 931 sibilare,
891 886 1055 935 onagrorum
1066 871 1210 936 magilare,
1224 888 1365 922 ceruorum

222 940 326 1002 rugire,
347 950 485 989 taurorum
504 941 623 1003 mugire,
644 954 771 1003 equorum
789 938 910 999 hinnire,
937 941 1074 989 asinorum
1092 941 1203 1001 rudere,
1223 955 1365 1004 porcorum

222 1008 365 1070 grunnire.
380 1008 468 1056 uerris
484 1009 630 1071 quiritare,
645 1008 760 1056 arietum
771 1007 921 1069 lorcetare,
935 1008 1025 1056 ouium
1036 1007 1140 1069 balare,
1154 1008 1290 1057 hircorum
1300 1009 1365 1057 mie·

222 1075 291 1125 cire,
312 1074 460 1123 haedorum
474 1075 589 1129 uebare,
610 1090 708 1123 canum
720 1074 836 1127 latrare,
857 1074 978 1139 uulpium
991 1075 1122 1138 gannire,
1136 1075 1288 1125 catulorum
1306 1074 1365 1140 gla-

221 1142 286 1202 tire,
306 1142 427 1207 leporum
442 1144 551 1206 uagire,
573 1143 749 1192 mustelarum
768 1143 924 1202 driuorare,
945 1145 1058 1192 murium
1072 1144 1199 1193 minitare
1217 1143 1261 1192 uel
1276 1144 1365 1208 pippi-

222 1217 296 1268 tare,
316 1212 434 1259 soricum
447 1211 599 1269 desticare,
619 1225 747 1260 ranarum
761 1225 888 1259 coaxarc.
921 1210 1052 1259 l'olncrcs
1070 1226 1175 1275 quoque
1190 1211 1293 1260 babent
1305 1226 1365 1276 pro·

221 1277 297 1341 prias
320 1294 411 1327 uoces.
449 1286 491 1327 cst
515 1280 585 1328 enim
605 1280 759 1343 proprietas
779 1277 933 1343 aquilarum
956 1278 1101 1343 clangere,
1129 1279 1292 1342 accipitrum
1314 1278 1365 1343 pli·

222 1360 309 1408 ptare,
323 1345 458 1393 unitarum
476 1347 599 1411 palpare,
613 1362 754 1395 cornorum
768 1348 913 1405 crocitare,
928 1345 1069 1397 miluorum
1081 1345 1179 1410 lupire,
1193 1346 1297 1395 olorum
1308 1347 1366 1394 dra·

222 1428 283 1461 aare
318 1428 411 1478 gruum
426 1429 537 1475 gruere,
558 1414 726 1463 ciconiarum
740 1414 885 1474 crotolare,
898 1428 1026 1462 anserum
1040 1413 1180 1477 clangere,
1200 1421 1312 1462 anatum
1325 1419 1365 1462 te·

222 1479 369 1539 trissitare,
381 1496 517 1544 pauonum
532 1481 692 1546 paupulare,
706 1481 840 1545 gallorum
852 1482 998 1538 cucurrire,
1011 1480 1185 1545 graculorum
1198 1481 1366 1545 fringultire,

222 1554 383 1596 noctuarum
398 1550 535 1609 cucubire,
550 1550 709 1597 mer'ulorum
723 1550 853 1609 zinziare,
868 1549 1005 1598 turdorum
1018 1548 1150 1598 trucilare
1163 1549 1207 1599 ael
1220 1549 1365 1608 caecitare,

223 1630 376 1664 sturnorum
390 1618 534 1679 passitare,
550 1617 721 1666 hirundinum
736 1616 891 1669 minurrire,
906 1630 1045 1680 passerum
1060 1616 1184 1677 titciare,
1199 1632 1279 1681 apum
1292 1617 1366 1666 bom·

224 1682 282 1731 hire
297 1684 339 1732 uel
355 1684 519 1739 bombilare,
534 1685 691 1733 cicadarum
706 1686 841 1733 trinitare.
870 1684 947 1733 Haec
963 1690 1053 1733 autern
1068 1685 1095 1733 in
1109 1684 1249 1733 latinitate
1262 1686 1367 1749 scripta

224 1752 400 1814 reperiuntur
418 1759 445 1800 et
461 1753 569 1817 proprie
589 1753 657 1801 satis
675 1753 900 1816 pronunciantur.
936 1767 1009 1800 nunc
1027 1766 1093 1800 uero
1112 1752 1147 1800 ad
1165 1753 1306 1817 proposita
1324 1767 1367 1800 re-

224 1816 386 1867 uertamum’
404 1838 438 1861 τ-
457 1820 489 1868 A.
515 1820 673 1869 Aldhelmus
692 1820 725 1868 de
749 1836 777 1868 re
801 1820 984 1881 grammatica
1008 1825 1036 1867 et
1059 1820 1175 1868 metrica
1196 1820 1272 1882 (Mai.
1293 1824 1366 1868 auct.

225 1885 307 1934 class.
328 1886 393 1950 Vp.
412 1885 547 1951 unusqu:
570 1889 650 1949 ‘Quia
675 1894 741 1951 apta
764 1903 793 1935 se
817 1887 895 1935 uocis
919 1887 1031 1936 occasio
1049 1886 1190 1950 praebuit,
1215 1902 1270 1936 non
1288 1886 1367 1935 modo
1431 1894 1440 1907 ⁰

223 1963 334 2017 propter
352 1960 517 2003 structuram
535 1956 633 2020 pedum
654 1962 681 2004 et
700 1956 835 2004 rationem
854 1959 1007 2011 metrorum,
1027 1969 1120 2002 uerum
1139 1957 1225 2002 etiam
1243 1952 1277 2003 ob
1289 1954 1366 2003 diffe-

227 2021 342 2069 rentiam
362 2036 459 2070 uocum
484 2030 511 2071 et
530 2023 722 2072 discretionem
741 2038 866 2071 sonorum
885 2037 939 2071 non
959 2021 1103 2070 absurdum
1122 2020 1241 2070 arbitror
1259 2021 1368 2085 quodn-

223 2087 321 2153 pedum
336 2094 365 2137 et
374 2089 513 2139 uolucrum
529 2098 556 2139 et
568 2092 707 2155 reptilium
718 2105 801 2139 uoces
815 2106 874 2139 cum
888 2087 1073 2154 generalitate
1085 2088 1255 2153 pluralitatia
1268 2097 1296 2137 et
1308 2104 1367 2153 spe-

224 2155 352 2205 cialitate
376 2157 580 2220 singularitatis
604 2159 743 2207 subtiliter
766 2158 906 2206 dirimere:
933 2157 957 2205 si
981 2156 1089 2220 quidem
1111 2157 1189 2205 uocis
1207 2155 1368 2220 qualitatem

225 2224 452 2287 quadripertitam
477 2241 537 2275 esse
561 2236 617 2274 tam
641 2225 861 2290 philosophorum
886 2239 965 2288 quam
990 2224 1230 2288 grammaticorum
1250 2224 1369 2273 auctori·

223 2298 267 2340 tas
285 2292 450 2356 propaiauit,
470 2293 648 2343 articulatam
667 2291 873 2342 inarticulatam
892 2293 1044 2341 litteratam
1063 2290 1255 2352 inlitteratum,
1275 2306 1368 2355 quam·

225 2361 266 2407 uis
296 2359 345 2407 alii
374 2358 442 2409 duas
471 2376 531 2410 esse
562 2364 640 2411 uocis
668 2362 777 2424 species
802 2365 981 2417 attestentur,
1007 2359 1059 2408 hoc
1084 2366 1126 2407 est
1145 2358 1322 2407 articulatam
1342 2364 1369 2408 et

225 2428 381 2487 contusam,
406 2442 469 2476 uam
494 2430 644 2477 articulata
667 2428 803 2478 bominum
829 2426 1016 2477 tantummodo
1042 2433 1084 2475 est
1108 2426 1184 2475 dicta
1208 2426 1278 2491 quod
1303 2429 1369 2475 arti·

212 2494 287 2543 ¹culo
306 2495 440 2545 scribenti
459 2496 646 2561 conprehendi
665 2498 764 2561 possit,
793 2496 909 2544 confusa
933 2500 976 2543 est
999 2509 1070 2558 quae
1094 2493 1176 2543 scribi
1196 2510 1250 2543 noa
1268 2500 1368 2558 potest.

224 2563 258 2610 Δ.
284 2562 378 2611 Pande
408 2564 534 2628 exempla
558 2566 634 2613 uocis
663 2566 795 2613 confusae
819 2563 852 2611 de
876 2562 993 2611 diuersis
1016 2577 1123 2610 rerum
1147 2564 1281 2611 naturis
1306 2577 1369 2611 con·

224 2636 314 2695 gesta.
350 2632 386 2679 Μ,
407 2630 467 2679 Hae
481 2639 545 2680 sunt
562 2633 671 2695 specics
690 2633 767 2680 uocis
786 2630 929 2687 confusae,
948 2635 978 2678 ut
996 2630 1128 2679 maiorum
1147 2630 1300 2678 auctoritas
1313 2634 1369 2679 tra·

224 2696 304 2745 didit.
324 2712 387 2746 nam
403 2712 470 2761 apes
482 2698 622 2748 ambizant
632 2700 675 2748 uel
688 2699 854 2757 bombizant,
868 2696 978 2762 aquilae
990 2697 1131 2761 clangunt,
1144 2712 1257 2746 anseres
1271 2698 1369 2746 crinci-

225 2770 274 2812 unt
286 2764 329 2813 uel
342 2766 481 2825 trinsiunt,
495 2782 562 2815 aues
573 2767 752 2815 minnurriunt
762 2765 806 2815 uel
818 2770 937 2814 uernant
947 2765 991 2813 uel
1001 2765 1155 2825 uernicant,
1167 2765 1316 2827 accipitres
1330 2766 1369 2829 pi-

225 2837 293 2896 pant
306 2830 349 2879 nel
363 2832 496 2896 plipiant,
512 2842 610 2882 anates
623 2834 797 2891 teretissant,
812 2834 914 2881 arietes
927 2833 1064 2882 trissitant
1076 2832 1121 2881 uel
1135 2832 1283 2893 blaterant,
1297 2833 1370 2881 asini

224 2905 328 2948 oncant
340 2900 384 2947 uel
398 2899 516 2961 rudiunt,
530 2902 590 2965 apri
603 2902 744 2959 frendunt,
760 2916 836 2950 arma
849 2908 977 2965 crepant,
991 2915 1040 2948 aes
1052 2900 1150 2958 tinnit,
1164 2899 1296 2964 amphora
1308 2916 1369 2964 pro·
1455 2945 1483 2969 ,.

225 2967 288 3014 tusa
301 2966 406 3029 bilibit,
428 2968 511 3016 boues
525 2971 649 3032 mugiunt
662 2970 705 3018 uel
720 2970 848 3025 reboant,
870 2968 994 3018 cornices
1008 2968 1118 3027 butant,
1138 2964 1210 3015 cicni
1224 2967 1369 3028 desistant,
1411 3007 1414 3014 .

226 3033 340 3082 cicadae
356 3034 531 3096 fretinniunt,
552 3037 677 3086 ciconiae
691 3037 832 3101 gratulant
850 3036 893 3086 uel
907 3037 1059 3099 glottorant
1071 3034 1116 3082 uel
1129 3035 1274 3093 critalant,
1295 3035 1371 3085 corui

226 3103 365 3150 crocitant
386 3102 431 3150 uel
450 3109 594 3161 croccant,
623 3120 725 3169 caprae
749 3105 901 3165 mucciunt,
922 3119 1006 3152 canes
1029 3102 1185 3151 baubantur
1203 3101 1248 3151 nel
1268 3104 1371 3152 latrant

224 3168 270 3218 uel
283 3170 428 3233 ganniunt,
444 3172 529 3219 catilli
542 3171 696 3236 glattilant,
711 3176 785 3221 cerui
799 3173 918 3235 rugiunt,
933 3170 1057 3220 citharae
1071 3177 1179 3232 sonant,
1194 3171 1272 3219 canis
1286 3185 1369 3219 atena-

227 3236 282 3284 1ica
295 3239 424 3297 cusnitit,
444 3239 585 3303 elephanti
598 3241 722 3289 barriunt
735 3241 779 3289 uel
791 3240 925 3297 stridunt,
945 3240 1008 3302 equi
1020 3238 1161 3297 hinniunt,
1178 3238 1255 3287 ferae
1274 3239 1370 3287 mussi-

225 3308 299 3364 tant,
319 3320 400 3365 grucs
419 3307 555 3368 gruddant
573 3308 615 3357 uel
636 3314 736 3371 gruunt
754 3308 797 3356 uel
817 3307 976 3369 grugulant,
996 3306 1119 3371 gallinae
1135 3305 1283 3363 cacillant,
1302 3305 1370 3370 galli

225 3378 342 3420 cantant
359 3374 404 3422 uel
424 3376 593 3431 cucurriunt,
614 3376 715 3440 galnae
734 3373 913 3437 fringilliunt,
933 3374 1039 3437 graculi
1058 3374 1192 3437 griciunt,
1212 3372 1370 3422 hirundines

224 3440 371 3488 trutissant
383 3441 428 3489 uel
441 3443 568 3503 trissant,
588 3443 694 3507 hyenae
705 3444 836 3501 hirriunt,
856 3440 937 3490 haedi
951 3441 1048 3490 balant
1060 3440 1104 3489 uel
1118 3440 1234 3499 bebant,
1248 3442 1371 3505 luppiter

224 3512 305 3555 tonat
316 3514 346 3555 ut
360 3509 471 3558 t'ahulae
485 3509 599 3575 fingunt,
614 3513 736 3560 infantes
750 3510 872 3573 uagiant,
886 3509 981 3558 leones
994 3509 1123 3565 fremunt,
1137 3508 1232 3570 lynces
1243 3508 1371 3571 hyrcani,

225 3573 334 3639 lepores
352 3579 494 3638 negitent,
514 3577 570 3642 lupi
583 3579 703 3638 ululant,
723 3578 806 3626 litora
819 3582 999 3637 murmurant,
1019 3575 1096 3625 milui
1113 3575 1220 3639 lugiunt
1238 3576 1282 3625 uel
1300 3576 1370 3640 uigi-

226 3641 286 3691 lant
297 3643 342 3692 uel
357 3643 472 3705 luriunt,
487 3645 584 3695 meruli
596 3647 744 3701 zinzitant,
759 3644 893 3693 nsttstelae
907 3644 1051 3705 dindrant,
1069 3658 1158 3692 mures
1172 3644 1314 3692 mintriunt
1326 3643 1371 3692 uel

226 3712 359 3769 muniunt,
372 3719 490 3761 noctuae
504 3714 667 3772 cucubiunt,
682 3712 772 3762 olores
785 3713 955 3771 drensitant,
969 3727 1034 3761 oues
1047 3710 1157 3770 balant,
1172 3712 1269 3775 onagri
1282 3710 1369 3775 uagil·

226 3776 294 3829 lant.
308 3779 451 3842 palumbes
464 3782 617 3836 raucitant,
631 3795 758 3846 passeres
768 3779 874 3841 titiant,
888 3780 962 3844 parri
975 3780 1128 3843 tinnipant,
1141 3779 1206 3841 paui
1216 3777 1370 3844 paululant,

226 3845 352 3908 perdices
372 3847 524 3907 cacabant,
545 3847 613 3911 pulli
626 3856 653 3897 et
666 3848 743 3913 pueri
756 3848 865 3911 pipant,
884 3848 1036 3912 pantherae
1056 3846 1213 3901 chauriunt,
1233 3846 1313 3911 pardi
1331 3846 1371 3896 fe-

227 3912 305 3971 liunt,
320 3914 433 3978 porcelli
447 3915 609 3979 grunniunt,
623 3916 699 3980 porci
712 3916 867 3979 grundiunt,
882 3930 968 3964 ranae
982 3920 1109 3973 coaxant,
1125 3915 1212 3963 sturni
1224 3914 1371 3978 parsitant,

227 3982 331 4031 sorices
344 3982 503 4045 denticant,
521 3990 665 4046 serpentes
677 3982 814 4045 sibillant,
833 3983 921 4032 siluae
935 3987 1073 4048 strepunt,
1092 3981 1164 4031 turdi
1176 3982 1314 4031 soccitant
1326 3981 1371 4030 uel

226 4084 430 4103 —..-,..-..

313 4149 323 4197 l
346 4155 454 4194 urcare
479 4138 559 4193 VHG
575 4135 708 4194 orcando
724 4140 872 4195 Puneare
886 4143 910 4194 A
924 4136 1044 4194 hircare
1061 4138 1087 4193 R
1101 4136 1221 4194 hircant
1231 4137 1287 4194 DE
1299 4134 1371 4214 hyr·

228 4229 300 4280 cant
318 4221 346 4277 B
357 4221 455 4279 ircant
471 4222 505 4278 M
516 4216 529 4302 ΙΙ
545 4230 562 4281 2
578 4222 763 4300 serpentium
783 4226 807 4279 A
822 4230 995 4300 serpentum
1019 4216 1068 4300 Vll
1084 4219 1220 4278 sibillant
1240 4224 1265 4276 B
1279 4214 1293 4300 ΙΙ
1309 4239 1371 4276 mu-

227 4306 324 4382 gilare
347 4307 404 4362 VH
412 4306 559 4381 mugilant
571 4307 751 4383 Pmagilare
767 4309 816 4365 AG
828 4307 977 4384 uagillant
989 4306 1072 4363 BDE
1086 4303 1235 4382 bagillant
1249 4304 1280 4361 M
1294 4298 1308 4385 l}
1323 4323 1370 4361 su·

227 4390 292 4467 gire
310 4392 332 4448 G
348 4390 472 4448 clocitat
489 4390 517 4448 P
