3194 5004
527 429 555 468 r.
571 426 752 468 nrrsonumr
769 423 1022 498 oouunu'ranrvs·
1268 404 1330 464 too

196 582 241 640 rio
257 581 345 640 huius
361 581 445 638 vitae
459 601 489 659 p.
506 589 554 651 35,
572 588 597 640 1.
627 579 694 636 Nee
708 578 804 656 pluris
825 582 882 635 ium
905 584 951 636 est
971 575 1055 656 apud
1069 577 1212 637 Rothium
1233 598 1264 656 p.
1282 585 1332 641 181)

197 684 397 763 propositum.
413 664 463 723 -’
471 680 554 759 Quid
574 679 766 740 intertiderit
782 699 848 739 oum
863 680 1034 758 suspicatus
1057 680 1123 739 suin
1146 699 1162 737 e
1177 681 1294 738 Donati
1309 680 1330 739 l.

198 805 222 844 a.
237 805 261 843 s.
277 776 381 843 verbis
396 783 551 861 intellegi,
573 781 625 842 ubi
642 782 737 841 ‘duae
753 782 791 840 ab
806 780 1002 859 Apollodoro
1016 782 1184 841 translatae
1200 800 1268 841 esse
1285 781 1331 840 di·
1409 764 1415 774 ’

198 894 306 946 cuntur
327 886 458 959 eomioo,
475 885 618 945 Phormio
641 893 671 943 et
685 884 825 963 Hecyra,
848 892 990 965 quattuor
1010 884 1147 964 reliquae
1168 884 1330 943 aMenan-
1403 924 1408 933 ·

199 987 280 1061 dro’,
296 1010 360 1047 non
375 987 508 1066 cogitavi
526 984 564 1045 de
581 985 688 1045 eadem
705 1006 827 1066 prorsus
842 987 1001 1045 momoria:
1024 1005 1114 1066 quam
1136 986 1163 1044 si
1177 986 1237 1044 iani
1252 985 1330 1045 rela-

174 1168 176 1172 λ
197 1092 306 1150 tamin
323 1090 461 1151 Suetonii
480 1090 545 1147 vita
565 1088 709 1173 vidisset,
731 1108 794 1147 non
815 1089 959 1148 iterasset
979 1089 1120 1147 Donatus
1141 1089 1174 1146 in
1195 1089 1329 1147 auctario

200 1193 263 1252 eius
288 1194 387 1252 uitae:
405 1190 472 1251 sed
495 1190 534 1250 de
560 1190 666 1263 simili,
694 1189 819 1270 qnando
843 1188 1090 1249 adilraeoorum
1112 1190 1330 1270 exemplarium

198 1294 399 1353 imitationem
414 1301 557 1372 spectant
579 1313 658 1372 quae
678 1293 891 1377 insequuntur.
907 1324 948 1332 -
965 1290 1107 1351 Ceterum
1129 1292 1211 1372 quod
1232 1294 1264 1350 in
1286 1293 1329 1350 la·

199 1415 296 1455 cunae
312 1396 513 1474 suspitionem
528 1395 656 1454 Wolfius
679 1394 771 1453 etiarn
793 1394 846 1453 illa
867 1394 989 1452 vocavit
1015 1414 1094 1473 qnae
1115 1401 1233 1453 suntet
1254 1396 1331 1451 donc

116 1485 117 1488 ¹
198 1507 293 1555 autem
315 1507 344 1556 et
368 1501 492 1571 quinque
513 1501 641 1570 reliquae
671 1515 700 1554 v.
722 1503 754 1568 4,
782 1515 877 1575 prave
903 1515 999 1572 sagax
1020 1495 1091 1555 fuit:
1119 1494 1228 1576 quibus
1254 1495 1332 1555 nssril

199 1600 313 1660 sanius.
494 1612 497 1615 ’
787 1604 794 1617 ”

281 1700 357 1776 Peg.
373 1698 432 1772 30,
446 1700 466 1760 8
480 1716 526 1777 eq.
550 1720 615 1759 enm
632 1707 662 1758 et
680 1708 800 1757 conotus
825 1708 856 1757 et
876 1716 994 1773 eamque
1020 1698 1065 1777 (id
1082 1701 1164 1758 enim
1179 1699 1276 1757 latere
1298 1699 1331 1757 in

199 1801 312 1862 eodieie
328 1802 478 1880 scriptura
492 1801 803 1881 uumqueSehopenus
817 1798 965 1880 pervidit)
980 1802 1171 1860 ParisinnsA
1185 1799 1332 1880 suppedi-

199 1907 271 1965 tarit
284 1914 332 1964 sat
348 1905 514 1982 eleganter,
520 1913 625 1963 tamen
640 1903 678 1961 ab
696 1903 805 1962 eodem
820 1924 875 1982 pro
890 1920 920 1960 se
933 1908 1023 1962 trctari
1036 1901 1188 1980 proditum
1200 1903 1333 1974 refutare

199 2027 262 2065 non
278 1991 381 2085 potest
396 2026 459 2064 non
477 2007 630 2064 oculorum
646 2006 740 2063 errori
755 2003 855 2063 tribui.
895 2004 982 2063 Nihil
998 2004 1078 2061 enim
1098 2012 1132 2062 ut
1152 2004 1191 2062 de
1208 1988 1331 2078 omisso,
1376 2028 1381 2037 ¹

160 2159 165 2167 .
200 2127 260 2186 quo
277 2126 369 2184 aegre
385 2090 554 2179 careamus,
584 2124 646 2164 eam
662 2107 836 2165 accusativo
860 2104 972 2178 dicam,
996 2123 1054 2163 neo
1075 2124 1181 2164 verum
1202 2114 1249 2164 est
1268 2105 1332 2164 ullo

199 2206 290 2267 modo
306 2208 358 2266 vel
372 2188 506 2267 refulare
522 2208 611 2267 istam
625 2209 736 2267 famam
751 2208 933 2266 Terentium
944 2208 996 2266 vel
1010 2207 1092 2265 velle
1107 2206 1256 2281 refutare,
1280 2207 1333 2287 qui

199 2310 345 2387 largiatur
362 2310 464 2388 potius
480 2310 579 2368 Laelii
595 2310 815 2390 Scipionisque·
833 2309 986 2369 auxilium·
1003 2307 1099 2388 idque
1120 2317 1244 2368 excuset
1264 2316 1333 2366 tan·
1367 2352 1374 2363 .

198 2419 277 2483 tum,
294 2430 352 2469 nee
368 2411 492 2470 omnino
508 2419 620 2471 ooeunt
633 2412 714 2470 inter
728 2431 762 2473 se
777 2420 951 2490 pugnantes
966 2413 1067 2468 leuiter
1082 2419 1113 2470 et
1126 2410 1220 2488 longe
1232 2410 1332 2469 fortis-

200 2515 276 2573 sima
290 2513 423 2586 refutare
440 2513 594 2571 notiones.

285 2613 419 2674 Versu6
442 2615 524 2674 solus
541 2614 705 2673 Suetonius
729 2610 867 2675 'servavit
886 2616 973 2673 Hune
992 2632 1178 2692 pronomen,
1200 2633 1333 2693 proquo

200 2719 232 2777 in
254 2717 451 2776 Terentianis
476 2715 560 2776 libris
584 2715 722 2779 omnibns
737 2716 799 2776 Ad.
821 2716 899 2796 prol.
916 2724 950 2779 16
965 2715 1118 2795 proditum
1137 2719 1213 2774 Eum
1230 2717 1334 2775 eertie·
1381 2780 1386 2790 ,

200 2819 283 2877 simis
309 2817 347 2877 de
370 2820 484 2878 caussis
507 2818 753 2898 posthabendum
774 2826 830 2878 est.
865 2818 946 2877 Nam
967 2819 1096 2897 primum
1117 2838 1240 2897 prorsus
1262 2839 1334 2877 con·

200 2929 285 2982 stans
316 2921 416 2980 estin
436 2921 485 2980 his
505 2922 659 3000 prologis,
687 2929 806 2979 utnon
828 2921 887 2980 alio
911 2921 971 2979 nisi
992 2920 1059 2998 ipso
1082 2923 1128 2978 trie
1151 2900 1335 2999 pronomine

199 3032 294 3102 poeta
320 3020 507 3083 declaretur:
535 3024 618 3082 euius
639 3024 685 3082 rei
707 3022 890 3081 documenta
909 3021 1005 3082 habes
1030 3023 1061 3081 in
1083 3023 1212 3101 prologo
1238 3022 1335 3083 Adel·

155 3196 158 3209 ἱ
181 3106 285 3203 ’1111011
299 3144 329 3183 v.
349 3135 382 3186 10
395 3128 455 3198 taio,
474 3134 507 3188 18
521 3128 580 3195 liic,
596 3124 735 3184 Andriae
752 3132 784 3186 18
798 3127 890 3194 hune,
916 3127 1021 3192 191111,
1045 3112 1187 3183 Eunuchi
1209 3134 1242 3187 35
1257 3126 1333 3193 truie,

202 3226 294 3305 (nam
309 3227 445 3305 paullum
461 3226 563 3286 differt
582 3226 658 3285 ibid.
682 3246 711 3285 v.
732 3235 847 3299 3poetu
862 3222 942 3302 liic),
967 3227 1112 3285 Heauton
1134 3226 1336 3299 timorumepu

201 3339 236 3407 18ι
248 3331 309 3402 hic,
327 3332 466 3399 13111111,
482 3328 675 3387 Phormionis
693 3335 725 3388 18
739 3330 831 3397 ditae,
857 3338 889 3390 19
903 3330 959 3384 tte.
990 3326 1121 3385 Accedit
1136 3333 1237 3385 autem
1253 3324 1336 3404 quod

199 3432 233 3490 in
249 3432 292 3490 eis
309 3431 361 3510 qui
377 3431 515 3509 proxime
531 3427 721 3508 praecedunt
735 3428 873 3488 versibus
889 3448 929 3488 ne
945 3429 1058 3487 mentio
1077 3427 1201 3507 quidem
1214 3428 1248 3486 fit
1262 3446 1336 3507 poe·

88 3550 99 3574 ⁰
200 3542 264 3606 tae,
282 3531 321 3591 ad
338 3532 421 3591 euius
436 3550 601 3611 personam
616 3549 681 3589 euni
697 3550 868 3610 pronomen
883 3526 1085 3607 referatur⁸ir

243 3758 251 3809 ⁷·
284 3766 428 3834 *lVersua
448 3770 570 3832 integros
588 3767 709 3830 subieci,
727 3771 758 3815 ut
775 3766 828 3816 hae
842 3767 1046 3833 opportunitate
1066 3766 1288 3832 praetermissum
1302 3764 1336 3815 ab

201 3853 351 3903 editoribus
368 3869 486 3904 naevum
504 3853 675 3914 abstergam:

308 3994 311 4002 ,
401 3940 435 3988 In
455 3940 555 3987 (lrueea
572 3939 720 3987 adteleseena
737 3943 788 3996 est,
809 3940 852 4003 qui
868 3941 952 3987 lenoni
968 3937 1046 4000 eripit

402 4024 566 4073 Meretricem
583 4024 608 4071 in
624 4029 709 4086 petina
723 4022 820 4086 soluta.
845 4038 899 4070 eum
917 4023 1022 4071 Plautus
1039 4026 1118 4071 locum

401 4109 511 4175 Reliquit
529 4110 660 4172 inteprum.
679 4123 732 4156 eum
749 4108 790 4156 lu'e
806 4111 885 4157 toomn
901 4111 1005 4170 sroopait
1021 4106 1070 4155 eibi
1239 4102 1271 4153 10

402 4193 436 4242 In
453 4193 599 4258 Adelphos,
618 4192 720 4241 uerbum
738 4193 770 4241 de
788 4192 865 4240 uerbo
883 4207 1033 4256 expressum
1050 4191 1151 4241 extulit.

401 4276 466 4327 Eam
484 4293 530 4327 nos
547 4279 632 4326 acturi
647 4291 729 4326 eumue
746 4291 849 4325 neuma:
864 4277 1026 4340 pernoscite,

401 4363 537 4411 Furtumne
551 4363 647 4425 sactum
665 4363 821 4412 existumetis
838 4376 871 4410 ua
883 4364 962 4411 laeum

402 4447 558 4509 deprensum
576 4451 619 4513 qut
634 4449 791 4512 praeteritus
809 4449 998 4511 neclegentiam.
