3220 5022
707 464 814 506 carvr
834 465 846 505 1
931 404 935 415 Ι
1286 445 1346 506 367

212 622 392 674 sentaueum
409 623 469 687 est,
495 634 555 694 quo
577 616 608 673 in
622 635 734 692 genere
749 617 949 695 paucissimos
964 616 1083 674 litterae
1098 616 1221 675 tulerint
1238 617 1347 675 Roma·

212 736 280 775 nae.
320 736 400 795 quae
420 736 488 773 curu
508 718 551 774 ita
567 718 640 789 sint,
664 737 738 775 sane
753 718 860 776 mirum
874 716 972 776 videri
987 715 1079 775 debet
1094 717 1312 776 Mommsennm
1327 719 1347 776 l.

213 837 239 878 c.
251 839 281 896 p.
295 826 354 881 674.
369 826 420 881 676
430 837 475 897 sq.
489 836 524 875 eo
535 826 651 875 tantum
665 836 858 895 progressum
873 837 955 889 esse,
971 826 1005 876 ut
1018 816 1195 876 Suetonium
1206 819 1297 877 etiam
1310 818 1349 876 de
1383 891 1387 901 Ι

212 920 362 978 historicis
374 919 477 977 latinis
490 900 648 997 scripsisse
659 926 816 977 statueret.
831 938 899 977 narn
909 938 988 998 quae
1002 939 1069 977 eum
1080 918 1300 996 prohibuerunt
1309 938 1348 976 nc

213 1023 304 1079 etiarn
326 1020 482 1079 historiam
505 1019 717 1098 philosophiae
733 1020 936 1079 Romanorum
953 1042 972 1079 a
988 1020 1133 1080 Suetonio
1149 1022 1349 1099 perscriptam

214 1142 280 1181 esse
299 1121 513 1194 contenderet,
538 1121 674 1180 confusio
692 1119 864 1180 Gallienum
882 1130 912 1179 et
926 1123 1033 1180 mirum
1048 1121 1153 1198 Nigidi
1167 1122 1269 1198 Figuli
1286 1122 1349 1199 epi-

212 1224 334 1295 theton,
351 1243 388 1281 ea
400 1223 425 1281 si
440 1240 513 1281 vere
526 1242 575 1282 res
588 1224 633 1280 ita
645 1242 678 1280 se
692 1222 820 1281 haberet
830 1243 890 1281 non
905 1225 936 1281 in
948 1224 1124 1282 Suetonium
1137 1222 1350 1306 caderentsed

212 1325 244 1382 in
263 1324 487 1399 neglegentiam
510 1322 706 1402 excerptoris.
742 1324 796 1382 sed
817 1324 927 1382 salsum
951 1346 1019 1383 esse
1036 1326 1255 1383 Mommsennm
1273 1325 1352 1382 infra

196 1472 199 1478 ,
214 1423 418 1483 ostendemus.

299 1526 361 1584 Sex
377 1526 469 1601 igitur
482 1527 650 1584 litterarum
665 1546 780 1603 genera
798 1526 967 1587 inlustrium
984 1528 1113 1586 virorum
1128 1525 1205 1584 libro
1223 1544 1349 1603 conpre-

213 1626 310 1686 hensa
337 1629 469 1686 fuerunt.
512 1626 594 1706 qued
619 1646 686 1686 curn
713 1629 792 1686 iusta
818 1631 1078 1706 argumentatione
1100 1628 1262 1687 adsecutus
1285 1630 1350 1697 sim,

214 1729 473 1787 contradicentem
496 1748 544 1787 me
570 1719 692 1808 quidem
714 1729 856 1802 habebit,
882 1732 906 1789 si
922 1733 990 1812 quis
1004 1732 1085 1790 ultra
1101 1730 1242 1809 progredi
1260 1748 1351 1788 ausus

215 1831 304 1887 etiam
320 1830 393 1888 iuris
413 1830 616 1888 consultorum
634 1841 664 1889 et
681 1831 865 1890 medicorum
885 1833 964 1891 vitas
981 1854 999 1891 a
1015 1832 1160 1891 Suetonio
1176 1832 1352 1890 inlustratos

214 1953 282 1991 esse
292 1934 432 1990 coniciat.
462 1941 731 1991 commemorantur
743 1933 864 2012 quidem
878 1933 915 1997 ab
927 1934 1115 2014 Hieronymo
1127 1934 1262 1991 medicus
1274 1953 1351 1990 nnus

215 2044 245 2093 et
258 2052 337 2093 unus
353 2035 426 2092 iuris
443 2034 607 2093 consultus.
637 2034 691 2093 sed
703 2020 735 2092 ut
749 2035 829 2093 hane
848 2035 1087 2111 singularitatem
1101 2035 1277 2093 indiciorum
1290 2054 1351 2091 non

215 2154 387 2214 conponere
399 2138 497 2213 possis
510 2156 576 2194 cnm
592 2137 747 2215 paucitate
756 2135 810 2194 illa
822 2135 1033 2194 historicorum
1048 2145 1079 2195 et
1092 2135 1351 2214 philosophorum,

213 2237 257 2294 ita
272 2237 296 2294 is
312 2237 362 2315 qui
375 2220 445 2295 hinc
459 2236 573 2316 aliquid
591 2237 714 2295 efficere
731 2236 853 2295 studeat
869 2238 900 2294 in
916 2237 1027 2295 iustum
1042 2238 1220 2296 temeritatis
1239 2239 1352 2295 crimen

214 2338 357 2396 incurrat.
390 2357 453 2403 ,nee
481 2337 569 2396 deest
589 2357 644 2396 sua
664 2338 753 2397 sedes
777 2337 893 2396 dnobus
910 2335 970 2394 illis
985 2337 1213 2410 additamentis,
1238 2357 1305 2394 cum
1321 2337 1352 2394 in

165 2481 167 2485 -
214 2459 369 2497 numerum
387 2460 489 2499 eorum
509 2460 527 2498 a
544 2440 730 2498 Mommseno
748 2438 769 2496 l.
789 2459 816 2498 c.
835 2459 865 2517 p.
883 2446 934 2501 692
946 2457 991 2516 sq.
1009 2438 1106 2498 relata
1122 2439 1195 2512 sint,
1215 2458 1293 2517 quae
1312 2456 1350 2496 ex

214 2540 290 2598 libro
305 2541 510 2599 Romanarum
526 2560 625 2599 rernm
642 2561 660 2599 a
680 2550 776 2599 morte
791 2539 917 2617 Pompei
932 2558 1029 2618 usqne
1045 2539 1083 2597 ad
1099 2559 1231 2618 pugnarn
1246 2540 1350 2597 Actia-

216 2658 280 2697 cam
294 2640 404 2698 hansta
420 2642 579 2715 videntur,
597 2641 635 2700 de
651 2634 735 2700 cuius
751 2642 867 2718 origine
882 2641 962 2697 inira
978 2639 1193 2718 disputandum
1208 2642 1274 2699 erit.

300 2743 404 2801 Missis
436 2741 608 2800 huiusmodi
641 2742 890 2803 hariolationibns
918 2741 978 2800 alia
1004 2762 1059 2800 nos
1085 2728 1222 2821 quaestio
1249 2750 1352 2800 manet

215 2844 367 2921 gravioris
388 2823 456 2902 itta
472 2842 592 2922 quidem
615 2845 770 2903 momenti.
813 2843 983 2902 inlustrium
1010 2845 1089 2903 enim
1121 2843 1252 2902 virorum
1283 2842 1351 2901 libri

216 2944 328 3004 Graeci
347 2945 463 3022 pariter
483 2951 575 3023 atque
590 2944 691 3003 Latini
712 2945 794 3004 viros
815 2947 865 3024 qni
884 2945 934 3003 vel
958 2947 1079 3024 ingenio
1094 2945 1144 3003 vel
1159 2946 1285 3024 imperio
1305 2946 1350 3003 in·

215 3047 317 3121 signes
331 3045 455 3103 fuerunt
470 3046 559 3104 simul
575 3046 717 3125 conplexi
729 3055 807 3106 sunt.
838 3044 876 3103 de
892 3050 1011 3122 graecis
1027 3046 1149 3126 quidem
1165 3055 1284 3105 constat
1299 3066 1351 3105 ne-

215 3164 274 3225 que
290 3146 387 3203 minus
401 3144 439 3203 de
455 3144 572 3203 Latinis
584 3145 692 3203 saltem
708 3146 746 3204 de
762 3145 880 3205 duobus
894 3147 1017 3226 Nepote
1034 3158 1064 3206 et
1080 3148 1214 3227 Hygino.
1244 3145 1351 3225 quodsi

171 3316 180 3328 ι
215 3246 273 3304 hoc
288 3266 385 3324 genus
406 3244 581 3305 eruditionis
603 3247 666 3304 suis
685 3247 795 3306 finibus
812 3249 1072 3326 circumscriptum
1087 3247 1158 3318 tuit,
1185 3268 1245 3305 non
1260 3248 1352 3305 facilc

215 3368 290 3405 sane
316 3346 403 3406 nohis
422 3347 601 3424 persuaderi
623 3348 788 3423 patiemur,
819 3348 996 3409 Suetonium
1019 3346 1057 3405 ab
1077 3346 1137 3405 hac
1157 3348 1307 3406 certaria
1322 3356 1352 3407 et

215 3450 333 3506 ratione
348 3446 520 3506 deflexisse.
547 3447 602 3505 sed
618 3447 711 3505 nihilo
724 3449 821 3506 minus
836 3448 894 3505 hoc
907 3466 974 3507 enm
992 3448 1104 3505 fecisse
1117 3448 1216 3524 arguit
1226 3449 1353 3526 primum
1419 3444 1426 3459 ¹

216 3549 395 3628 Hieronymi
417 3547 584 3619 silentium,
612 3548 664 3626 qui
684 3567 790 3623 regum
810 3556 840 3607 et
860 3548 969 3606 ducum
989 3548 1163 3606 memoriam
1183 3549 1213 3605 in
1234 3548 1353 3607 addita·

216 3652 325 3710 mentis
346 3670 385 3709 ne
405 3647 500 3707 verbo
514 3646 636 3726 quidem
652 3649 766 3725 attigit,
791 3658 942 3708 testantur
957 3647 1068 3707 deinde
1083 3648 1198 3707 diserta
1218 3649 1352 3708 eiusdem

215 3751 312 3811 verba
337 3754 415 3825 qnod
432 3754 479 3808 ille
509 3754 538 3807 in
559 3754 763 3808 enumerandis
788 3755 935 3825 gentilium
959 3754 1120 3808 litterarum
1138 3755 1207 3808 uiris
1228 3754 1301 3826 fecit
1320 3756 1365 3809 tt.

215 3857 361 3913 lustratus.
385 3871 464 3931 quae
471 3859 542 3930 post
553 3851 630 3910 haec
642 3849 737 3911 verba
749 3851 829 3930 apud
840 3853 1060 3930 Hieronymum
1073 3859 1218 3911 secuntur
1230 3852 1352 3930 (fragm.

219 3952 264 4031 1¹⁸¹)
278 3972 345 4011 cum
357 3953 484 4029 insignis
497 3952 653 4012 doctrinae
665 3954 796 4031 vestigia
804 3968 878 4033 prae
890 3972 923 4012 se
936 3952 1045 4025 ferant,
1059 3974 1077 4011 a
1088 3955 1216 4013 veritate
1227 3974 1288 4012 non
1300 3954 1351 4012 ab·

215 4053 355 4125 horreat,
372 4055 398 4111 si
414 4055 588 4115 eSuetonio
600 4055 709 4113 hausta
726 4074 794 4114 esse
811 4054 1002 4113 contendam.
1032 4063 1153 4133 poterat
1167 4057 1246 4114 enirn
1261 4056 1353 4115 facile

218 4155 255 4214 de
281 4156 399 4214 ratione
422 4174 477 4214 sua
501 4157 532 4214 in
554 4156 745 4235 praefatione
768 4157 859 4215 totins
880 4155 949 4214 libri
971 4156 1136 4233 disserere,
1167 4166 1198 4215 et
1221 4154 1354 4214 debebat

218 4255 309 4327 adeo,
333 4276 432 4315 cuma
450 4259 560 4317 ceteris
576 4259 627 4337 qui
646 4258 726 4316 hunc
742 4255 918 4316 eruditionis
934 4258 1031 4316 iocum
1047 4265 1254 4316 tractaverant
1271 4257 1352 4315 haud

215 4356 372 4435 paululum
388 4357 533 4417 differret.
564 4379 621 4418 nec
635 4359 745 4417 nimius
762 4356 886 4430 videor,
903 4359 928 4416 si
943 4356 1040 4417 verha
1065 4358 1174 4437 quihus
1195 4358 1250 4416 illa
1271 4359 1351 4417 exci-

216 4458 341 4536 piuntur
364 4469 392 4516 et
406 4464 446 4518 ad
461 4465 543 4518 caina
563 4478 615 4519 nos
632 4464 796 4534 cantelam
814 4477 958 4533 monacas
982 4462 1176 4533 Tranquillus,
1198 4458 1350 4521 diversam
