3218 5000
265 397 327 459 210
768 413 901 455 ruerus

157 545 256 620 132*
349 559 444 625 Luna
464 556 557 643 larga
579 567 629 623 est
651 559 734 623 roris
764 567 796 623 et
823 560 890 623 dus
913 559 1113 625 humentium
1137 559 1401 627 substantiarum.

260 661 344 735 ¹lune
372 668 539 726 crescente
573 683 685 725 omnes
712 660 838 727 fruetus
861 671 1012 726 creseunt
1038 661 1145 749 adque
1171 684 1210 726 ea
1236 663 1403 729 minuente

265 764 465 827 minuuntur.

157 926 257 1000 133*
349 930 479 1019 Septem
502 932 623 997 formas
646 931 746 996 habet
767 930 860 997 luna:
882 933 1019 1020 primam
1036 934 1121 998 enim
1142 931 1280 1018 figuram
1297 934 1401 1000 bicor·

263 1057 337 1099 nem
359 1034 458 1098 hebet
479 1035 541 1098 ita:
575 1041 615 1115 p,
639 1034 813 1098 seeundum
838 1033 984 1099 sectilem
1012 1032 1111 1097 habet
1137 1034 1182 1098 ita
1207 1034 1245 1117 D,
1272 1038 1423 1103 tertiamr,

264 1136 432 1201 dimidiam
452 1139 508 1222 (ex
529 1136 665 1219 maiore)
685 1135 782 1200 habet
804 1139 849 1200 ita
873 1132 923 1213 (Ι),
946 1145 1093 1221 quartam
1114 1135 1250 1221 liguram
1273 1138 1402 1224 plenam

263 1240 309 1303 ita
332 1238 374 1307 O.
424 1240 570 1327 quintam
591 1239 709 1302 iterum
735 1237 904 1302 dimidiam
927 1259 968 1302 cx
991 1239 1112 1302 maiore
1135 1239 1181 1301 ita
1202 1238 1252 1321 (D,
1276 1251 1402 1306 sextam

262 1341 378 1405 iterum
411 1340 555 1405 sectilem
585 1341 631 1403 ite
663 1345 707 1421 G,
735 1340 905 1425 septimam
933 1339 1079 1426 (iterum)
1108 1339 1273 1405 bicornem
1304 1343 1403 1409 habet

262 1443 309 1506 ita
331 1449 366 1521 (ζ.
407 1443 543 1528 septims
572 1451 679 1506 antem
709 1443 805 1505 semis
833 1449 865 1504 et
891 1441 1049 1504 uicesima
1076 1440 1218 1505 secunda
1248 1445 1345 1509 semis
1368 1446 1400 1510 in

262 1565 320 1607 suo
343 1543 419 1609 orbe
442 1543 571 1607 mediae
593 1551 678 1607 sunt.
722 1551 848 1606 ceterae
871 1541 1127 1628 proportionales
1153 1555 1239 1611 sunt.
1410 1556 1435 1596 ¹⁰
1521 1548 1523 1557 '

262 1699 379 1750 ραγγας.
402 1674 594 1747 Ἡράκλειτος,
615 1681 669 1747 γῆν
690 1675 793 1747 ὁμίχλῃ
810 1675 1062 1747 περιειλημμένην.
1088 1675 1276 1749 Πυθαγόρας,
1294 1701 1400 1738 κατοπ-

261 1744 388 1817 τροειδὲς
406 1750 485 1817 σῶμα
503 1749 553 1816 τῆς
571 1745 698 1816 σελήνης.

349 1817 417 1873 132*
430 1820 552 1869 Isidorus
562 1819 595 1868 dc
607 1825 707 1868 natura
718 1833 807 1868 rerum
817 1817 911 1866 XVIII
922 1815 1002 1866 5-t:
1017 1817 1156 1868 ‘Ceterum
1168 1826 1299 1883 qnantum
1312 1824 1348 1872 ed
1360 1824 1400 1874 in-

262 1889 404 1939 tellectum
416 1890 537 1954 pertinet
550 1888 703 1950 mystieum‚
723 1885 789 1935 luna
801 1885 882 1935 huius
896 1885 988 1935 urendi
1001 1888 1123 1950 speeiem
1134 1892 1223 1949 tenet,
1244 1891 1309 1954 quia
1327 1894 1401 1941 sieut

261 1958 316 2007 ista
331 1957 477 2008 menstruis
493 1955 712 2020 conpletionibns
727 1954 834 2011 delicit,
851 1954 891 2002 its
907 1953 1021 2003 mundus
1037 1955 1072 2003 ad
1083 1955 1285 2020 conpletionem
1297 1964 1399 2025 tempe·

260 2023 442 2076 rum'eurrens
452 2024 600 2073 cotidianis
611 2022 767 2073 defectibus
779 2022 863 2071 cadit.
887 2021 952 2070 luna
963 2023 1062 2087 quippe
1076 2022 1200 2073 climenti
1209 2026 1252 2074 sui
1262 2028 1399 2077 uarietate

261 2094 378 2145 diuersis
396 2093 521 2143 cursibus
537 2092 640 2140 desinit
654 2096 685 2142 ut
701 2095 810 2140 creseat
825 2090 925 2138 erescit
941 2098 971 2137 ut
982 2090 1105 2139 desinat:
1129 2092 1177 2141 sed
1198 2092 1260 2143 ideo
1285 2094 1400 2146 alternis

260 2162 369 2212 uicibus
380 2159 619 2212 commutationem
629 2159 728 2209 sideris
738 2162 939 2222 repraesentet,
947 2162 976 2206 ut
985 2157 1086 2208 deceat
1096 2159 1220 2211 homines
1230 2178 1263 2210 ex
1273 2168 1334 2213 ortu
1344 2179 1399 2213 mo-

260 2231 361 2280 rituros
380 2236 408 2279 et
426 2246 459 2279 ex
478 2234 564 2278 morte
583 2228 718 2288 uicturos;
738 2226 826 2290 adque
846 2225 908 2275 ideo
921 2240 982 2274 cum
994 2228 1117 2276 senescit
1129 2234 1243 2277 mertem
1257 2246 1399 2296 corporum

260 2298 359 2363 prodit,
380 2313 441 2348 cum
460 2304 577 2361 augetur
595 2296 792 2345 aeternitatem
811 2293 916 2342 iudicat
934 2294 1096 2345 animarum.
1120 2310 1321 2363 nonnumquam
1333 2315 1399 2350 uero

262 2366 359 2416 eadem
377 2366 442 2415 luna
460 2366 544 2414 etiarn
564 2363 685 2413 ecelesia
705 2362 857 2426 accipitur,
875 2377 923 2426 pro
943 2378 975 2411 eo
994 2363 1065 2425 quod
1082 2364 1123 2412 sie
1143 2365 1197 2414 ista
1216 2380 1233 2414 a
1251 2365 1308 2416 sole
1327 2369 1400 2418 sicut

260 2434 382 2483 eeclesia
401 2450 417 2483 a
436 2433 546 2482 Christo
564 2431 752 2481 inluminatur.
793 2429 956 2479 sicutenim
976 2428 1044 2479 luna
1068 2433 1170 2481 erescit
1189 2433 1276 2496 adque
1295 2434 1399 2499 deficit,

260 2503 302 2551 ita
321 2503 442 2551 ecelesia
461 2502 588 2550 descetus
609 2500 695 2549 habet
719 2503 747 2547 et
770 2503 853 2546 ortus.
891 2497 1049 2561 frequenter
1072 2500 1145 2548 enirn
1168 2500 1324 2553 defectibus
1342 2506 1399 2553 suis

260 2571 349 2620 creuit
368 2569 455 2619 ethis
473 2569 573 2618 meruit
590 2567 731 2632 ampliari,
757 2566 819 2615 dum
845 2566 1084 2630 persecutionibus
1102 2569 1233 2617 minuitur
1251 2577 1279 2619 et
1291 2573 1399 2622 confes·

259 2653 350 2687 sorum
366 2638 497 2702 martyrio
517 2642 671 2687 coronetur.
708 2635 775 2683 item
792 2633 866 2683 sieut
883 2633 962 2683 luna
987 2634 1086 2698 larga
1105 2640 1158 2684 est
1175 2638 1265 2687 roris
1285 2645 1319 2688 et
1336 2640 1399 2689 dux

259 2706 470 2756 humentium
494 2704 782 2763 substantiarum,
806 2703 846 2749 ita
870 2700 990 2751 ccclesia
1014 2702 1143 2767 baptismi
1167 2712 1196 2753 ct
1212 2707 1398 2771 praedicatio·

260 2790 336 2825 num:
357 2779 385 2823 et
404 2772 628 2837 quemadmodum
645 2771 727 2820 que
747 2775 927 2819 crescente
1013 2772 1219 2835 minuuntur,
1242 2790 1297 2825 nou
1316 2775 1399 2826 aliter

260 2841 446 2906 intellegimus
460 2846 487 2889 et
506 2839 663 2900 ecclesium,
684 2839 712 2888 in
726 2839 803 2887 cuins
816 2839 987 2887 incremento
999 2838 1156 2903 proficimus
1169 2857 1229 2891 cnm
1243 2844 1317 2909 ipsa3
1338 2860 1398 2897 cum

259 2925 325 2958 uere
338 2909 558 2973 persecutionem
576 2908 682 2972 patitur
701 2911 729 2955 et
747 2906 887 2964 minuitur,
908 2911 935 2954 et
953 2921 1002 2955 nes
1022 2922 1082 2955 eum
1100 2906 1150 2957 illa
1167 2911 1289 2973 patimur
1302 2916 1330 2961 et
1348 2914 1398 2961 nri·

259 2975 386 3027 nuimur.'
426 2976 586 3025 Ambrosius
604 2975 665 3024 lies.
685 2975 741 3024 IIII
759 2973 789 3034 8,
809 2972 854 3023 32:
884 2973 1067 3037 ‘l'respiciens
1092 2991 1156 3039 ergo
1181 2978 1302 3030 eeclesia
1325 2981 1398 3030 sicut

259 3044 325 3095 lune
343 3044 500 3095 defectibus
517 3044 574 3093 suis
593 3045 682 3092 creuit
701 3041 789 3090 ethis
807 3041 907 3089 meruit
925 3041 1061 3131 ampliari,
1080 3042 1143 3092 dum
1155 3049 1397 3110 persecutionibus

259 3113 390 3163 minuitur
407 3118 436 3163 et
454 3111 640 3162 confessorum
659 3110 798 3173 martyriis
816 3114 971 3158 coronatur.
1008 3109 1105 3173 11117,
1124 3110 1153 3161 3:
1190 3113 1263 3164 ‘narn
1286 3122 1314 3165 et
1337 3117 1397 3181 ipss

259 3182 325 3233 luna
342 3179 423 3246 larga
441 3181 510 3230 roris
529 3176 680 3229 asseritur.’

344 3246 414 3303 133*
432 3249 553 3298 Isidorus
565 3248 599 3297 de
612 3252 712 3297 natura
723 3261 814 3294 rerum
826 3244 932 3305 XVIII,
947 3244 975 3293 7:
996 3245 1074 3295 ‘Item
1092 3248 1166 3298 sicut
1183 3256 1312 3315 septem
1330 3253 1397 3303 ior·

258 3335 327 3369 mas
344 3318 450 3369 babet
467 3316 563 3375 luna,
582 3315 623 3365 sie
642 3320 683 3365 tot
701 3313 808 3377 gratias
826 3313 983 3362 meritorum
1003 3314 1132 3365 ecclesia.
1164 3319 1306 3382 primam
1325 3322 1396 3371 enim

258 3388 407 3452 figuram
426 3385 505 3434 luna
581 3385 641 3433 ita.
670 3382 764 3433 codem
777 3385 888 3431 constet
900 3396 1012 3432 nurnero
1024 3383 1109 3435 etiam
1121 3385 1280 3437 distributio
1293 3388 1396 3439 cheris-

257 3463 369 3517 matum‚
388 3469 458 3519 quse
471 3453 658 3519 perspiritum
670 3455 796 3500 sanetum
809 3450 860 3501 teti
875 3448 1014 3499 eeclesiae
1028 3453 1212 3504 conseruntur.
1247 3458 1396 3522 septime

258 3529 371 3574 erstem
446 3518 541 3571 sunt'
571 3520 693 3569 Isidorus
711 3519 799 3583 origg.
813 3516 856 3566 lll
868 3516 909 3567 53.
932 3517 1050 3568 Easdem
1062 3527 1168 3585 septem
1182 3516 1283 3588 φάσεις
1299 3541 1397 3591 agnos-
1459 3580 1463 3597 Ι

256 3593 295 3643 cit
312 3590 471 3642 Macrobius
490 3606 587 3639 comm.
605 3589 617 3636 l
634 3586 664 3649 (i,
683 3586 724 3635 55.

257 3680 344 3687 -—-
1243 3670 1256 3697 u

340 3712 490 3774 tiruetiA
502 3711 610 3770 fluctus
623 3714 696 3767 coni.
707 3710 848 3766 Arcesius
863 3701 877 3787 Η
892 3717 1034 3767 crescunt
1045 3708 1143 3771 &oin—s
1152 3712 1266 3772 fructos
1280 3717 1308 3772 Β
1321 3709 1334 3797 Η
1351 3715 1394 3773 in·

254 3809 347 3858 uente
364 3796 404 3855 Β1
426 3795 439 3879 Η
461 3806 478 3859 4
492 3798 590 3876 prima
606 3798 659 3852 AB
678 3789 691 3876 Η
712 3793 866 3851 bicornem
880 3791 973 3851 babet
989 3794 1032 3851 ite
1045 3801 1167 3871 scripsi:
1183 3797 1276 3857 habet
1290 3801 1333 3858 ita
1351 3800 1394 3859 bi·

257 3886 361 3943 cornia
376 3880 414 3941 B¹
428 3882 522 3942 babet
542 3882 585 3937 ita
600 3880 744 3939 bicornea
760 3873 799 3934 Bi
814 3875 908 3935 hebet
929 3878 972 3935 ita
986 3885 1011 3937 A
1025 3877 1038 3960 Η
1051 3885 1165 3957 liparas
1179 3884 1257 3957 salse
1270 3888 1300 3942 in
1316 3890 1397 3943 libris

251 3975 348 4043 pictas
364 3978 391 4028 et
402 3969 508 4043 falses
525 3968 656 4024 Beclrero
670 3972 818 4025 correctas
833 3966 982 4021 emendavi
994 3960 1008 4047 Η
1022 3978 1038 4029 5
1054 3967 1193 4027 secunda
1207 3970 1261 4026 AB
1274 3964 1288 4051 Η
1302 3968 1396 4029 hebet

256 4075 310 4114 ont.
327 4057 354 4111 Β
370 4054 382 4132 Η
397 4055 488 4113 tertie
503 4056 556 4111 AB
570 4049 582 4131 Η
599 4060 615 4112 6
636 4050 799 4111 dinrcdiam
817 4051 841 4105 A
859 4046 991 4107 dimediri
1006 4054 1034 4109 B
1049 4048 1062 4135 Η
1078 4072 1116 4113 ex
1139 4055 1251 4113 maiore
1269 4059 1368 4113 addidi
1381 4049 1392 4135 Η

255 4139 349 4200 habet
372 4158 426 4198 om.
448 4133 503 4219 ΒΗ
518 4148 626 4217 quarta
642 4141 695 4195 AB
710 4131 723 4217 Η
737 4145 752 4200 7
769 4132 863 4192 babet
881 4133 924 4191 ita
938 4136 965 4193 B
979 4132 993 4218 Η
1008 4139 1114 4216 qninta
1135 4141 1189 4196 AB
1204 4135 1217 4221 Η
1232 4138 1394 4199 dimediam

256 4271 308 4358 ΑΗ
323 4233 436 4334 maioris
452 4279 476 4332 A
495 4269 509 4355 Η
530 4283 618 4333 sexta
633 4278 686 4332 AB
705 4268 719 4356 Η
739 4268 901 4347 &septima
920 4276 974 4330 AB
994 4268 1008 4355 Η
1024 4276 1130 4334 iterum
1146 4280 1244 4335 audiui
1262 4269 1276 4356 Η
1296 4274 1394 4334 bicor·

255 4382 325 4421 nam
341 4357 378 4418 B¹
390 4360 535 4418 bicornes
548 4354 589 4416 B²
610 4354 623 4441 Η
642 4359 735 4418 babet
749 4378 801 4417 om·
820 4355 847 4411 B
856 4354 869 4436 Η
883 4370 900 4423 9
914 4360 1044 4438 septima
1054 4371 1170 4419 -sunt
1181 4382 1234 4419 om.
1251 4366 1275 4419 A
1289 4355 1305 4442 Η
1318 4361 1393 4418 uire-

247 4446 332 4515 ¹sima
350 4448 378 4501 B
397 4440 410 4526 Η
432 4456 465 4508 10
483 4443 583 4502 media
602 4453 648 4503 est
661 4449 801 4537 Arevane
817 4433 830 4519 Η
843 4445 1057 4524 dpartieuales
1076 4450 1103 4505 B
