3202 4998
688 417 790 461 osrvr
810 419 848 458 111
1266 398 1328 460 465

195 586 264 629 nero
279 571 380 629 animo
397 586 555 649 possumus
573 569 743 631 informare.
774 588 853 649 qnae
872 587 1053 647 quamquam
1074 586 1165 627 ausus
1178 587 1238 627 non
1263 587 1329 629 sum

196 673 432 749 fragmentorum
446 672 514 731 loeo
529 670 644 731 habere
664 680 766 731 umen
787 690 848 729 non
871 671 956 750 potui
972 670 1045 749 quin
1063 671 1093 729 in
1108 671 1259 749 superiori
1274 669 1328 731 ad·

194 776 352 833 notatione
374 774 572 835 conlocaram.
611 793 682 832 uam
702 775 768 833 sive
788 773 960 852 antiquiora
980 773 1047 831 sive
1064 774 1238 833 recentiora
1260 782 1330 831 suot

194 875 358 950 Suetonio,
379 895 439 935 uon
460 875 619 936 dissimilia
639 895 741 935 eorum
761 875 855 934 fuisse
876 882 949 952 puto
965 894 1045 954 qnae
1069 876 1136 954 ipse
1152 874 1218 933 <hac
1241 873 1280 933 de
1295 892 1329 932 re

196 978 311 1036 statuit.
336 987 497 1055 praeterea
516 998 577 1039 non
597 977 732 1056 vulgaris
755 976 893 1036 doctrina
909 977 1042 1036 cernitur
1055 977 1087 1034 in
1103 977 1162 1049 eis,
1184 975 1329 1057 quaeIsi-

197 1076 287 1139 dorus
308 1079 330 1136 l.
341 1098 373 1143 ,c.
395 1087 504 1142 17-58
522 1078 561 1140 de
577 1078 659 1138 ludis
671 1079 876 1139 Romanorum
895 1077 1006 1151 tradit,
1031 1090 1065 1137 ut
1082 1077 1176 1138 facile
1197 1078 1330 1157 suspicio

137 1206 142 1215 ·
197 1182 325 1256 oriatur,
348 1186 417 1240 edm
439 1183 530 1242 etiam
548 1183 579 1240 in
597 1182 656 1240 hac
673 1183 823 1260 originum
847 1188 934 1260 parte
959 1179 1164 1261 eTranqoilli
1189 1181 1330 1241 memoria

196 1281 341 1361 pendere.

161 1393 163 1396 ’
281 1384 370 1443 Nunc
384 1402 401 1442 a
414 1384 577 1445 maioribus
587 1383 716 1447 Suetoui
726 1384 813 1444 libris
825 1382 864 1442 ad
876 1403 929 1443 eos
943 1382 1130 1445 descendero
1144 1386 1260 1444 animus
1274 1393 1331 1457 est‚'

198 1486 250 1566 qui
257 1485 429 1564 singulares
440 1486 536 1547 fuisse
542 1486 694 1546 videntur.
702 1486 823 1564 scripsit
836 1485 1331 1566 igiturPriscianotestep.231(cf.

198 1587 304 1665 fragm.
322 1586 385 1665 199)
402 1587 512 1649 librum
528 1592 561 1647 de
575 1593 737 1649 institutione
750 1590 906 1662 officiorum
920 1587 951 1647 id
968 1599 1015 1651 est
1030 1588 1068 1649 de
1085 1590 1192 1649 officiis
1202 1587 1332 1667 publicis

133 1717 137 1723 ·
197 1689 340 1769 palatinis
362 1689 543 1750 militaribus
564 1708 728 1772 eorumque
750 1689 925 1767 originibus.
959 1699 1118 1751 moverunt
1138 1699 1239 1751 autern
1256 1688 1332 1752 Sue·

198 1794 310 1853 tonium
327 1800 362 1859 ot
372 1793 403 1853 in
418 1793 497 1853 haec
517 1778 686 1874 inquireret
702 1790 782 1853 duae
798 1793 930 1851 maxime
945 1793 1096 1854 rationes:
1124 1792 1251 1871 primurn
1266 1793 1332 1873 ipse

117 1910 124 1926 ⁴
197 1897 343 1973 magister
357 1896 555 1974 epistularum
570 1895 761 1974 imperatoris
775 1892 927 1953 Hadriani
944 1893 1019 1968 fuit3
1036 1894 1163 1954 alteram
1177 1914 1250 1955 vero
1262 1915 1332 1954 cau·

199 2018 263 2057 sam
276 1995 365 2057 nobis
382 1995 499 2057 indicat
515 1996 661 2055 Aurelius
676 1996 782 2055 Victor
807 1996 879 2074 epit.
899 2004 947 2068 14,
971 2015 1039 2054 cum
1062 1996 1140 2056 haec
1156 1996 1194 2056 de
1209 1997 1262 2056 illo
1278 1999 1331 2057 im·

198 2107 339 2178 peratore
358 2096 447 2158 dicit:
471 2100 571 2172 ostiaris
587 2115 656 2156 sone
667 2100 778 2172 publico
794 2106 820 2154 et
829 2100 956 2171 patratas
969 2114 1021 2155 nec
1033 2116 1089 2157 aon
1105 2102 1213 2157 mittiue
1229 2104 1257 2157 ia
1272 2118 1347 2173 com,

196 2202 317 2273 sormam
331 2203 423 2258 astat
436 2215 507 2273 quac
524 2198 626 2277 (immo
643 2203 670 2256 ia
685 2196 754 2275 pru)
770 2203 871 2273 pauco
885 2214 942 2273 per
965 2200 1167 2270 Camertinum
1187 2205 1335 2261 immolatio

204 2301 487 2375 todiepcraaueroat.
778 2325 784 2335 ·
1433 2297 1436 2301 ’

283 2403 321 2462 Iu
340 2403 400 2463 hoc
416 2402 511 2480 igitur
533 2401 610 2461 libro
636 2402 724 2477 initia
738 2401 905 2463 officiorum
921 2399 1120 2480 descripsisse
1142 2400 1277 2477 videtur:
1303 2406 1334 2464 in

200 2504 283 2585 quod
304 2514 513 2583 argumentum
535 2514 605 2582 apte
624 2504 795 2565 intrantes
816 2523 896 2584 quae
917 2500 1024 2582 Lydus
1047 2501 1085 2562 de
1106 2505 1239 2581 magistr.
1264 2505 1281 2563 Ι
1301 2515 1336 2568 34

200 2628 229 2701 p:
251 2616 303 2672 146
342 2602 520 2666 Suetonium
546 2604 709 2666 tradidisse
735 2604 811 2665 dicit
837 2603 959 2683 (fragm.
982 2602 1059 2681 200).
1090 2624 1148 2664 nec
1172 2606 1271 2666 minus
1292 2606 1333 2666 ei·

200 2708 269 2781 dom
293 2706 450 2782 convenit,
480 2707 565 2788 quod
590 2706 748 2769 Oedrenes
777 2708 793 2766 Ι
818 2727 847 2787 p.
871 2715 946 2780 802‚·
962 2715 1120 2787 postquam
1145 2705 1184 2767 de
1207 2709 1336 2768 nummis
1370 2788 1373 2793 1

7 2876 8 2883 ¹
98 2840 103 2853 r
200 2811 320 2871 Numae
351 2810 534 2889 disputavit,
579 2809 686 2871 eodem
717 2810 857 2871 nimimm
891 2818 1015 2868 auctore
1041 2795 1206 2869 memoriae
1234 2808 1337 2889 prodit

202 2912 322 2991 (fragm.
339 2923 386 2978 aot
398 2911 440 2990 *).
477 2922 582 2972 contra
594 2913 660 2972 eius
685 2911 846 2991 fragmenti
869 2910 950 2991 quod
975 2911 1087 2972 diserte
1104 2910 1281 2971 Priscianus
1296 2931 1336 2972 ex

200 3016 257 3074 hoc
268 3015 346 3075 libro
360 3016 504 3095 repetivit
515 3012 594 3092 (199)
608 3034 668 3074 uon
680 3016 807 3094 contigit
821 3014 1015 3075 occasionem
1025 3021 1208 3090 monstrare,
1226 3033 1293 3073 cum
1304 3014 1336 3072 in

202 3119 287 3177 onius
303 3117 395 3178 officii
420 3116 611 3178 enamatione
627 3119 824 3197 grammatica
846 3116 900 3176 illa
919 3115 1092 3197 observatio
1109 3117 1210 3194 posita
1227 3116 1337 3176 luisset

200 3240 262 3280 non
273 3239 394 3299 possem
405 3219 563 3298 indagare.
576 3219 704 3280 eandem
713 3220 833 3280 scilicet
842 3217 1146 3297 tanglt'l'rauquillus
1156 3219 1187 3278 iu
1194 3216 1338 3295 Caligula

200 3332 227 3395 8,
239 3331 272 3382 ut
282 3322 507 3400 inscriptionem
523 3342 595 3382 arae
608 3321 645 3382 ob
654 3322 844 3401 Agrippinae
855 3320 1049 3400 puerperium
1058 3319 1177 3398 positae
1188 3317 1337 3399 iuterpre-

7 3456 8 3497 ;
200 3432 288 3483 tetur.
326 3424 357 3482 iu
376 3424 434 3482 hoc
449 3422 551 3483 autem
572 3421 611 3498 de
636 3423 824 3482 institutione
845 3420 1012 3481 officioram
1030 3419 1109 3480 libro
1124 3440 1185 3479 nou
1202 3420 1338 3480 meminit

7 3506 8 3513 ἵ
105 3508 116 3585 ζ
200 3524 288 3585 modo
298 3522 491 3605 antiquarum
499 3524 618 3583 illarum
626 3522 787 3583 formarum
800 3522 855 3582 sed
866 3523 957 3582 mium
967 3520 1335 3600 conprobaviteasdiver·

201 3648 249 3688 sos
267 3648 340 3687 usus
354 3646 479 3707 ponens.
512 3645 591 3704 quae
611 3624 761 3685 Prisciani
782 3624 877 3684 verba
894 3634 977 3685 recte
996 3623 1126 3686 Rothius
1146 3645 1175 3704 p.
1195 3624 1271 3685 xci
1293 3625 1337 3684 sic

202 3730 385 3810 explicavit,
400 3728 558 3789 utrarios
573 3727 671 3807 poetis
683 3727 856 3786 testimonia
875 3746 952 3805 quae
968 3724 1080 3786 deinde
1099 3724 1178 3806 apud
1194 3727 1275 3785 hunc
1290 3744 1336 3785 se·

204 3842 368 3910 querentur
381 3831 528 3893 Suetonio
543 3827 722 3888 vindicaret.
751 3827 919 3887 sed'tamen
930 3828 1023 3887 nolim
1035 3826 1166 3888 eundem
1178 3826 1251 3886 hinc
1266 3846 1337 3887 con·

203 3941 284 3992 stare
305 3933 439 3993 voluisse
463 3951 553 4012 quam
573 3931 708 3991 litterate
728 3930 842 4010 peritus
866 3926 953 3988 latini
974 3931 1121 3989 sermonis
1141 3928 1338 4008 Tranquillus

202 4033 321 4095 aanor.
342 4054 452 4113 nempe
464 4055 524 4094 non
540 4033 675 4093 meminit
686 4033 764 4091 haec
776 4031 916 4110 exempla
927 4031 1073 4092 Suetonio
1089 4031 1154 4091 fere
1170 4032 1340 4091 eommunia

144 4141 148 4149 '
203 4154 272 4195 esee
284 4154 353 4195 cum
362 4134 456 4196 Festo
468 4134 606 4195 Charisio
613 4126 724 4206 Nonio‘,
738 4153 865 4214 quorum
877 4131 930 4192 ille
938 4132 1027 4193 Verri
1033 4132 1140 4207 Flacci
1153 4133 1247 4211 copiis
1265 4151 1338 4192 usus

204 4247 264 4310 est,
281 4237 314 4297 hi
329 4238 516 4319 antiquiores
530 4234 676 4298 Suetonio
688 4245 830 4317 suctores
839 4233 1013 4295 adhibuisse
1027 4254 1062 4294 eo
1077 4231 1245 4311 produntur
1256 4231 1339 4313 quod

202 4340 441 4400 testimoniorum
464 4358 620 4399 numerum
643 4348 765 4417 augent.
803 4348 964 4416 praeterea
980 4335 1143 4407 ,Charisius
1166 4356 1221 4395 nos
1238 4334 1337 4408 docet,

189 4461 296 4501 ‚nuum
309 4442 514 4502 testimonium
528 4441 598 4500 Livi
613 4440 810 4500 Andronicia
828 4439 972 4501 Suetonio
986 4440 1028 4498 ita
1044 4437 1181 4498 exbiberi
1193 4446 1227 4496 ut
1241 4436 1338 4499 Varro

256 4555 373 4594 evanum
387 4555 449 4592 ura.
1098 4539 1137 4600 30
1301 4545 1305 4553 ·
