3200 4992
222 321 280 385 118
591 343 632 382 ne
656 343 742 385 vmrs
765 342 978 384 rnrasrnmvs

221 613 322 677 usque
358 590 400 653 ad
434 591 603 657 infamiam
632 593 715 675 oris3
755 592 905 679 dictoque
933 615 998 656 non
1034 593 1174 656 infaceto
1208 602 1350 656 notatum

220 692 328 755 serunt
341 693 520 775 cuiusdam,
537 696 601 780 qui,
617 694 720 780 (cum)
734 716 805 757 eum
818 695 850 756 in
863 693 959 758 turba
971 694 1116 758 osculum
1130 693 1193 757 sibi
1207 695 1353 776 ingeren-

218 809 284 858 tem
297 817 491 882 qumnquam
509 796 676 890 pefugiens
696 795 842 861 deuitare
859 818 923 860 nou
940 807 1064 882 posset,
1080 796 1143 858 ‘uis
1160 804 1218 878 tu’,
1237 797 1351 880 inquit,

220 896 403 981 magister,
424 894 578 983 quotiens'
597 897 809 966 haesitantem
834 898 974 985 aliquem
998 898 1105 977 uides,
1129 894 1373 981 abligu1·ire?’s

169 1009 209 1070 ‘24
305 1015 342 1062 Μ.
371 1015 542 1062 visumve
573 1016 706 1062 Paossvs
734 1000 887 1087 Berytius
918 999 974 1064 diu
1004 1001 1217 1063 centuriatum
1247 999 1351 1084 petiit,

221 1098 324 1163 donee
355 1101 464 1165 taedio
497 1100 538 1164 ad
571 1102 680 1165 studia
705 1123 739 1164 se
768 1101 914 1165 contulit.
967 1104 1091 1185 legerat
1121 1102 1154 1163 in
1185 1100 1353 1185 prouincia

220 1201 376 1286 quosdam
400 1213 527 1266 ueteres
548 1203 676 1268 libellos
696 1203 782 1289 apud
805 1205 1070 1287 grammatistam,
1090 1202 1227 1266 durante
1246 1200 1353 1263 adhue

219 1302 267 1365 ibi
292 1304 498 1389 antiquorum
526 1307 681 1369 memoria
710 1306 847 1370 necdum
879 1307 1008 1369 omnino
1033 1303 1155 1368 abolita
1177 1303 1261 1366 sieut
1288 1301 1351 1365 Ro·

220 1424 302 1467 mae.
352 1405 410 1469 hos
439 1427 511 1469 cum
542 1405 730 1491 diligentius
762 1417 924 1493 repeteret
953 1415 1049 1493 atque
1081 1405 1163 1469 alios
1198 1404 1352 1488 deinceps
1364 1424 1388 1463 ro

219 1527 416 1588 cognoscere
439 1517 586 1593 cuperet,
617 1509 767 1595 quamuis
795 1528 907 1573 omnes
928 1508 1089 1572 contemni
1112 1508 1279 1592 magisque
1298 1504 1352 1570 ob-

140 1625 146 1635 ·
219 1607 351 1694 probriu
379 1608 573 1692 legentibus*
593 1632 688 1697 quam
719 1608 842 1695 gloriae
861 1619 893 1674 et
914 1610 1039 1673 fructui·
1058 1632 1130 1673 esse
1151 1606 1353 1672 animaduer-

219 1717 310 1790 teret,
335 1709 561 1774 nihilominus
583 1713 614 1774 in
632 1713 796 1799 proposito
812 1713 946 1795 mansit3
968 1711 1134 1798 multaque
1156 1707 1354 1794 exemplaria

220 1819 389 1876 contracta
411 1813 583 1876 emendare
606 1835 644 1875 ac
673 1813 873 1898 distinguere
897 1823 928 1877 et
958 1812 1115 1877 adnotare
1140 1810 1267 1875 curauit
1293 1809 1354 1872 soli

220 2018 290 2068 alias
309 2020 490 2082 grammatica
503 2025 562 2068 arte
576 2018 687 2081 celebri,
707 2020 736 2069 in
754 2019 830 2069 hisee
844 2021 893 2070 XX
909 2022 988 2070 annis
1000 2024 1122 2069 mercato
1134 2032 1180 2068 rus
1192 2033 1228 2067 no
1238 2018 1267 2066 M
1278 2030 1353 2065 num-

221 2102 291 2135 nmm
310 2085 337 2135 in
357 2087 451 2136 eodem
470 2088 641 2137 Nomentano
659 2087 766 2137 decumi
785 2087 886 2153 lapidis
902 2089 937 2139 ab
950 2089 1016 2137 urbe
1030 2084 1208 2137 deuerticulo.
1246 2090 1289 2135 cst
1307 2088 1370 2133 au·'

220 2158 274 2204 tem
293 2169 487 2219 usquequaque
510 2161 577 2204 nota
598 2154 693 2205 uilitas
717 2157 815 2213 mercis
840 2174 887 2222 per
905 2157 997 2207 omnia
1014 2156 1183 2213 suburbana,
1205 2152 1244 2205 ibi
1262 2158 1354 2201 tamen

220 2238 354 2281 maxuma,
374 2224 501 2287 quoniam
521 2230 549 2272 et
566 2224 695 2287 neglecta
713 2223 889 2288 indiligentia
907 2225 1021 2290 praedia
1039 2227 1202 2288 parauerat,
1222 2237 1255 2270 ae
1273 2237 1306 2270 ne
1326 2221 1354 2269 iu
1434 2236 1439 2249 ·

220 2291 353 2355 pessumis
371 2291 479 2356 quidem
499 2291 677 2355 elegantioris
695 2291 755 2341 soli.
791 2291 860 2343 haec
874 2293 1020 2357 adgressus
1039 2291 1165 2341 excolere
1180 2305 1240 2349 uon,
1252 2290 1355 2339 uirtute

221 2359 305 2407 animi
324 2358 372 2407 sed
391 2360 516 2407 uanitate
534 2359 629 2425 primo,
650 2374 720 2423 quae
739 2365 805 2409 uota
824 2361 891 2410 mire
909 2362 937 2411 in
957 2376 989 2409 eo
1009 2360 1074 2421 luit,
1095 2358 1243 2424 pastinatis
1262 2357 1295 2405 de
1314 2357 1354 2404 in·

219 2432 298 2489 tegre
322 2427 412 2476 uineis
431 2442 497 2476 cura
515 2426 652 2487 Stheneli,
677 2427 739 2476 dum
763 2428 914 2492 agricolam
932 2428 1068 2488 imitatur,
1094 2426 1129 2476 ad
1151 2426 1198 2475 uir
1222 2422 1355 2474 credibile

220 2494 380 2545 miraculum
398 2495 532 2559 perduxit,
554 2493 771 2544 intra'octauom
791 2511 891 2546 anuum
909 2497 1004 2546 00ch
1018 2509 1155 2545 nummum
1173 2493 1354 2558 emptorimd-

220 2563 296 2612 dicta
308 2562 446 2627 pendente
461 2562 608 2611 uindemie.
646 2564 820 2628 cucurritque
839 2580 918 2614 nemo
935 2580 989 2613 non
1008 2564 1041 2613 ad
1059 2561 1226 2627 spectandas
1243 2575 1355 2609 unarum

220 2631 248 2679 iu
268 2630 310 2678 his
328 2631 419 2679 uineis
437 2638 538 2689 strues,
564 2629 665 2679 litteris
684 2631 743 2680 eius
767 2633 926 2693 altioribus,
951 2637 1048 2682 contra
1067 2631 1094 2680 id
1112 2631 1191 2695 pigra
1208 2629 1354 2678 uicinitate

220 2698 274 2753 sibi
292 2698 500 2762 patrocinante,
526 2698 673 2747 nouissime
698 2699 810 2749 Annaeo
829 2701 949 2761 Seneca,
974 2698 1099 2765 principe
1118 2704 1174 2747 tum
1191 2696 1355 2747 eruditionis

221 2782 254 2816 ue
278 2766 431 2831 potentiae,
458 2780 527 2829 quae
550 2772 686 2830 postremo
708 2767 795 2816 nimia
818 2769 870 2817 luit
892 2783 974 2832 super
993 2769 1093 2832 ipsum,
1118 2766 1236 2814 minume
1259 2764 1354 2828 utique

221 2835 350 2885 miratore
369 2834 500 2893 inanium,
520 2837 597 2883 tanto
615 2833 712 2898 praedi
731 2835 789 2883 eius
808 2851 899 2885 amore
918 2840 1000 2901 capto
1018 2841 1049 2884 ut
1066 2849 1120 2884 non
1138 2832 1254 2896 puderet
1266 2832 1355 2881 iuuiso

221 2901 293 2952 alias
312 2907 340 2950 et
358 2906 529 2951 ostentaturo
547 2901 655 2951 tradere
678 2902 797 2966 palmam
822 2918 897 2964 eam,
922 2904 1021 2968 emptis
1044 2898 1247 2968 quadriplicato
1266 2900 1355 2949 uineis

219 2969 274 3035 illis
293 2969 366 3018 intra
384 2969 524 3019 decumum
545 2969 603 3018 t'cre
623 2984 705 3019 curae
724 2986 838 3031 annum3
861 2971 945 3037 digua
971 2987 1054 3036 opera
1077 2985 1147 3034 quae
1171 2969 1199 3018 in
1218 2967 1355 3017 Caecubis

160 3057 162 3060 ⁴
220 3037 377 3102 setinisque
401 3038 475 3102 agris
497 3037 655 3103 proliceret,
686 3038 793 3101 quando
818 3044 846 3089 et
867 3044 963 3104 postea
985 3053 1069 3103 saepe
1093 3052 1203 3087 numero
1227 3042 1355 3100 septenos

220 3106 313 3156 culeos
334 3107 446 3195 pinguia
470 3106 565 3171 iugera
588 3105 639 3155 hoc
668 3112 709 3155 est
739 3107 883 3171 amphoras
906 3114 1038 3157 centenas
1063 3105 1254 3171 quadragenas
1273 3104 1355 3153 musti

204 3174 329 3224 ¹dedere.

303 3240 390 3307 (lsqq.
410 3242 591 3304 Hieronymus
609 3241 652 3290 01.
671 3239 760 3304 runt
779 3242 815 3302 (u.
832 3244 907 3304 toul:
929 3242 1042 3292 ‘Probus
1054 3241 1184 3305 Berytius
1202 3239 1354 3289 eruditissi·
1392 3236 1394 3241 ’

221 3326 280 3360 mus
297 3312 536 3375 grammaticorum
550 3310 652 3360 Romae
666 3311 826 3375 agnoscitur
845 3311 892 3377 (ln
914 3328 960 3376 mg.
981 3311 1021 3359 B:
1040 3309 1110 3359 alter
1128 3304 1352 3374 grammaticus).’

307 3511 319 3563 1
333 3500 465 3588 edidisse
483 3504 504 3559 G
519 3494 533 3582 ll
547 3499 715 3577 edictoque
733 3502 791 3558 NI:
808 3500 887 3559 dieto
906 3519 1026 3579 quoquc
1043 3492 1166 3579 Visun
1182 3510 1199 3562 3
1216 3498 1268 3577 qui
1289 3516 1356 3555 cum

222 3607 290 3644 eum
310 3591 429 3659 scripsi:
455 3586 592 3666 quicum
621 3586 716 3665 Vns!
739 3585 791 3665 qui
815 3605 882 3644 eum
905 3588 926 3643 0
949 3578 1068 3664 emili
1084 3598 1101 3646 4
1118 3602 1289 3665 quanquam
1307 3583 1355 3641 GO

221 3668 233 3751 ,l
252 3674 366 3732 euitare
384 3673 403 3729 Ι
420 3666 434 3751 ΙΙ
453 3683 469 3733 5
485 3673 603 3751 quoties
620 3675 641 3730 G
656 3664 669 3751 Η
685 3669 884 3730 haesitantem
903 3672 1023 3744 scripsi:
1041 3668 1233 3729 festinantem
1253 3671 1319 3747 libri
1341 3662 1354 3748 ll

220 3822 393 3903 ablygurire
420 3818 470 3905 Vll
484 3832 501 3886 6
516 3792 642 3883 Marcus
654 3828 676 3881 L
691 3819 705 3904 ll
720 3818 862 3904 Ber'ytius
881 3784 927 3881 Vs
948 3822 1078 3881 Beritius
1097 3778 1249 3881 Lberitus
1265 3823 1285 3879 I
1297 3820 1355 3879 Be-

220 3910 303 3967 ritics
316 3912 345 3967 Ν
353 3908 465 3968 berties
484 3912 506 3968 0
521 3904 535 3990 ΙΙ
550 3909 750 3968 centuriatum
767 3912 784 3967 1
798 3909 963 3967 centuriam
980 3910 1009 3965 Ν
1020 3900 1064 3989 1Ιῖ
1078 3906 1161 3966 tedio
1180 3911 1202 3965 L
1217 3904 1319 3966 toedio
1333 3910 1354 3964 G

221 4058 234 4143 ll
248 4062 398 4138 Legereat
410 4065 429 4120 I
440 4057 453 4143 ll
467 4070 570 4140 baput
581 4066 601 4120 Ι
612 4057 625 4141 ΙΙ
640 4071 656 4123 9
670 4063 749 4120 omni
759 4064 788 4119 Ν
799 4056 812 4140 ΙΙ
830 4052 1007 4123 lucumoni.
1022 4063 1044 4117 0
1059 4053 1073 4140 ΙΙ
1089 4005 1239 4137 ἀὶἒθηῐὶιιε
1249 4061 1268 4116 Ι
1278 4054 1293 4139 Η
1308 4076 1354 4115 re·

221 4168 329 4225 cepere
348 4150 370 4207 0
390 4144 403 4228 ll
426 4159 455 4209 ll
473 4166 577 4206 omnes
601 4149 699 4239 grato
720 4167 760 4206 se
777 4150 811 4241 RG
829 4148 869 4220 (in
887 4166 942 4221 mg.
956 4166 1034 4204 man.
1049 4151 1075 4203 2.
1097 4145 1225 4237 Aomncs)
1247 4163 1280 4203 se
1300 4147 1319 4203 I
1341 4136 1353 4225 Η

220 4257 379 4337 obprobrio
419 4260 519 4318 Vnae
545 4257 704 4337 obproprio
726 4261 745 4316 Ι
767 4257 912 4337 opprobio
936 4260 958 4314 L
983 4252 996 4339 Η
1020 4265 1050 4318 ri
1072 4252 1274 4334 dilegentibus
1297 4258 1316 4313 Ι
1341 4252 1352 4335 Η

168 4424 173 4433 ,
220 4363 348 4437 saletum
364 4362 384 4419 I
394 4355 407 4441 ll
424 4359 578 4423 13niehilo
598 4361 640 4417 VI
650 4354 663 4441 ll
683 4369 714 4421 rt
726 4352 839 4431 )⁸ctaI
851 4353 864 4441 ll
880 4359 1027 4420 adnotear
1044 4363 1090 4419 VO
1103 4368 1249 4419 annotare
1263 4361 1359 4417 tnui
