3194 5004
256 383 317 445 524
672 407 704 447 su
719 406 817 447 virsa
833 406 983 449 raasuru

257 556 391 617 dativum
410 559 584 638 frequentet
602 558 805 635 significatum
821 566 869 617 est
885 559 964 617 Mus.
979 558 1036 617 Rh.
1056 557 1076 616 l.
1091 578 1115 617 s.
1132 578 1156 617 a.
1173 580 1202 638 p.
1224 560 1307 633 159*‚
1327 579 1392 618 coa-

253 664 348 719 senon
369 670 471 719 tamen
491 662 626 720 servavit
645 662 821 738 genetivum
842 662 872 719 in
886 679 981 719 sucum
998 665 1163 719 consimilem
1178 665 1258 719 lactis
1274 674 1312 735 v,
1329 671 1391 736 813,

255 766 348 821 lanam
364 760 442 837 pilai
455 767 620 821 consimilem
640 762 681 822 ib.
702 771 762 827 714.
785 795 822 805 -
844 764 946 842 Atque
967 764 1011 822 sic
1033 763 1103 821 olim
1122 763 1321 823 ratiocinatus
1345 772 1391 822 ta·

185 900 189 907 ·
255 884 323 923 men
344 885 448 923 omnes
462 866 534 924 milri
556 865 714 945 scrupulos
731 885 770 923 ne
792 873 853 923 turn
867 863 990 944 quidem
1006 874 1164 944 exemptos
1180 867 1271 925 sensi.
1311 858 1391 925 Nar'n

253 968 380 1046 primum
404 967 527 1047 quidem
548 967 631 1027 baud
648 969 711 1026 scio
732 988 771 1026 au
787 966 825 1026 ad
846 967 908 1026 vim
924 968 1095 1026 sententiaa
1115 968 1273 1058 aliquanto
1289 967 1391 1027 effica-

255 1071 318 1128 cior
333 1072 401 1150 ipsa
414 1069 593 1149 simplicitas
609 1073 704 1128 similis
719 1070 850 1129 notionis
863 1089 954 1150 quarn
969 1069 1165 1148 compositum
1180 1074 1326 1129 conanailia
1338 1090 1391 1128 vo-

255 1172 396 1231 cabulum
413 1173 520 1245 luerit,
538 1171 620 1253 quod
636 1169 767 1231 dubitari
782 1180 883 1249 potest
901 1179 1001 1230 utrum
1022 1171 1074 1230 illo
1091 1172 1198 1231 fortius
1216 1173 1256 1231 sit
1274 1192 1312 1231 an
1328 1174 1390 1231 exi·

254 1275 323 1334 lius.
367 1275 441 1334 Plus
468 1276 557 1333 etiam
592 1274 766 1333 offensionis
794 1278 949 1349 quempiam
981 1293 1146 1352 pronomen
1175 1275 1297 1353 peperit
1324 1294 1390 1333 cum

254 1378 418 1454 negatione
433 1378 596 1446 sociatum:
620 1394 710 1458 quarn
729 1376 907 1435 societatem
926 1376 983 1435 etsi
1003 1396 1092 1435 nemo
1113 1376 1212 1434 nescit
1236 1395 1321 1435 suam
1336 1389 1394 1434 auo

254 1478 321 1538 loco
342 1480 463 1538 veniam
483 1478 616 1552 habero,
638 1487 740 1538 tamen
761 1478 792 1536 in
812 1479 871 1537 hac
889 1479 957 1557 ipsa
972 1478 1123 1537 sententia
1143 1477 1324 1555 intellegere
1346 1480 1390 1537 vi-

254 1600 305 1639 sus
325 1601 389 1639 sum
410 1560 510 1642 locum
530 1581 582 1640 vix
604 1582 681 1640 tueri
701 1600 808 1660 possa,
829 1578 885 1640 sed
901 1579 1012 1639 cedere
1027 1598 1191 1655 quemqnam
1207 1580 1322 1640 formae
1337 1580 1389 1640 de-

253 1680 366 1743 buisse.
396 1685 463 1742 Nec
479 1683 604 1762 placere
618 1702 674 1741 noo
692 1681 861 1762 particulae
878 1682 1047 1742 conlocatio
1063 1689 1199 1760 poterat,
1217 1701 1296 1761 quae
1311 1683 1391 1742 hano
1441 1748 1447 1759 ,

253 1786 353 1864 potius
370 1785 426 1845 sibi
440 1787 606 1864 posituram
620 1784 809 1864 postulabat:
836 1786 860 1843 Τ
858 1790 946 1843 arenti
964 1789 1079 1843 simulem
1093 1804 1148 1842 raon
1163 1787 1282 1842 dicetis
1297 1801 1391 1858 qaam·

247 1891 327 1962 mam
356 1886 404 1966 (id
426 1888 508 1968 quod
529 1886 679 1946 suadebat
702 1885 945 1965 Buechelerus):
975 1907 1055 1967 quae
1082 1887 1161 1945 enim
1187 1886 1391 1945 insolentioris

253 2008 327 2047 sane
344 1990 560 2049 conlocationis
575 1989 716 2068 exempla
731 1989 869 2049 Naekiua
884 1990 1027 2048 tractavit
1040 1990 1073 2046 in
1087 1987 1191 2049 Valcr.
1207 1986 1274 2046 (lat.
1291 2008 1320 2066 p.
1339 1996 1391 2050 295

253 2111 314 2172 sq.,
337 2092 439 2150 aliena
456 2092 508 2151 vel
528 2101 690 2171 propterea
711 2101 783 2150 siant
808 2090 891 2172 quod
912 2091 984 2150 talis
1005 2090 1129 2150 licentia
1151 2099 1310 2169 poetarum
1329 2109 1392 2149 non

254 2193 336 2252 cadit
356 2195 388 2252 in
406 2193 465 2252 hoc
486 2214 582 2272 genus
605 2194 789 2255 scaenicum.
833 2194 976 2274 Denique
1001 2196 1134 2252 edicam
1155 2193 1305 2271 scriptura
1329 2212 1391 2251 non

254 2297 351 2355 minus
368 2296 523 2355 commode
547 2317 637 2378 quam
658 2300 736 2355 almas
756 2296 821 2355 erui
839 2298 930 2377 dunat
946 2293 1136 2354 Ribbeckius
1157 2295 1274 2353 monuit
1296 2295 1390 2352 veris·

254 2399 344 2469 sima,
363 2398 394 2456 id
409 2408 510 2458 autern
526 2407 615 2459 acute
630 2378 709 2457 vidit
722 2406 863 2476 spectare
885 2397 925 2456 ad
942 2396 1135 2457 adversarios
1156 2405 1189 2456 et
1208 2396 1390 2456 obtrectato-

253 2520 302 2559 res
321 2500 560 2581 posaesqnibus
580 2502 611 2560 in
631 2499 758 2579 prologo
778 2499 837 2571 isto
852 2500 999 2558 Afranius
1021 2499 1215 2578 respondisse
1235 2498 1391 2558 videretur

253 2602 390 2660 similiter
404 2611 497 2682 atque
512 2603 624 2662 Luscio
640 2602 988 2663 LanuvinoTerantius.
1023 2602 1140 2661 Harum
1162 2603 1253 2680 igitur
1269 2603 1389 2661 conium

254 2712 304 2762 cta
320 2704 368 2762 vis
391 2705 605 2781 cogitationum
626 2725 687 2764 non
708 2704 809 2784 potnit
827 2724 875 2762 me
900 2724 961 2763 non
975 2724 1098 2764 movere
1118 2704 1189 2786 quin
1204 2702 1390 2783 probabilius

253 2825 344 2886 quam
367 2805 439 2864 olim
455 2805 568 2865 facturn
593 2800 641 2865 est
655 2816 766 2886 poetae
787 2825 907 2865 manum
928 2806 987 2866 hoc
1011 2806 1151 2885 exemplo
1174 2807 1294 2867 restitui
1318 2824 1390 2864 con·

253 2905 395 2967 fiderem:

457 3012 567 3068 Terenti
582 3018 705 3070 sumac
719 3016 835 3070 amttam
849 3014 907 3069 dice
918 3022 954 3069 at
969 3015 1145 3086 quempiam?

252 3110 314 3170 Vbi
332 3111 358 3171 si
377 3112 427 3191 qui
442 3131 573 3209 numaga
588 3112 803 3193 praetulerint,
819 3121 925 3192 optare
945 3132 999 3171 suo
1018 3112 1163 3171 arbitratu
1178 3102 1329 3191 poterant.

335 3214 412 3292 Pag.
430 3213 485 3287 34,
504 3215 521 3275 l
546 3235 601 3294 pro
618 3220 646 3273 ia
660 3218 773 3273 linoae
793 3234 885 3293 aegre
900 3215 1082 3294 perspicitur
1097 3213 1170 3295 quid
1184 3216 1314 3274 moverit
1329 3214 1390 3272 Ro·

252 3316 372 3376 bertnm
387 3315 544 3394 Vngerum
559 3326 591 3375 ut
607 3321 646 3375 ‘ia
659 3316 738 3376 Liao’
756 3315 900 3377 suaderet
913 3317 1142 3377 Subsicivorum
1156 3315 1390 3394 Brandsnburgi

252 3419 333 3478 Novi
355 3438 383 3477 a.
404 3427 470 3481 test
485 3418 636 3478 editorum
649 3440 680 3497 p.
697 3430 727 3483 3:
752 3419 943 3479 coniectandi
958 3418 1009 3477 vel
1026 3419 1128 3497 potius
1149 3417 1321 3477 hariolandi
1337 3437 1389 3495 ga·

251 3541 340 3590 nere,
360 3529 395 3579 nt
409 3520 495 3579 nobis
515 3520 649 3596 videtur,
671 3508 977 3581 valdc'infructuoso.
1015 3520 1115 3599 Quam
1135 3521 1215 3581 enim
1234 3518 1389 3579 veteribus

251 3623 307 3683 illa
321 3624 389 3701 ipsa
410 3621 566 3702 inscriptio
587 3623 790 3683 miscellorum
809 3622 953 3683 librorum
973 3622 1125 3703 placuerit
1145 3642 1224 3704 quaa
1247 3621 1300 3682 val
1315 3625 1389 3680 Λει-

251 3718 316 3803 pos'o
334 3725 392 3783 suit
403 3723 455 3784 vel
464 3724 619 3800 Λειμῶνες
632 3725 684 3786 vel
696 3728 832 3785 ‘Pratum'
845 3727 897 3785 vel
910 3727 1029 3800 ‘Proto’,
1044 3734 1092 3785 sat
1106 3726 1197 3785 certis
1209 3724 1389 3784 testimoniis

254 3848 320 3887 oum
333 3825 429 3888 Gellii
443 3835 506 3885 tum
512 3827 605 3888 Plinii
621 3829 651 3886 in
664 3827 914 3906 praefationibus,
926 3827 1040 3888 Suidae
1052 3849 1081 3887 v.
1093 3818 1263 3903 Πάμφιλος,
1281 3827 1389 3906 ipsius·

252 3949 313 4012 qua
328 3929 469 4009 exemplo
484 3927 622 3989 Suetonii
638 3938 769 3989 constat:
791 3950 850 3990 nec
874 3930 1055 3991 ePlinianis
1071 3929 1264 3991 Gallionisve
1286 3928 1389 3989 verbis

251 4031 283 4091 id
298 4030 381 4112 qnod
396 4030 536 4109 Vngerus
556 4038 714 4109 argutatur
728 4031 791 4090 ullo
812 4031 902 4093 modo
918 4034 1124 4114 consequitur.
1155 4030 1269 4091 Contra
1284 4032 1389 4091 ‘Maru’

252 4134 305 4193 ille
320 4133 395 4216 qnid
410 4133 468 4194 sibi
484 4134 569 4208 velit,
582 4135 635 4193 vix
651 4154 689 4193 ac
702 4153 743 4193 ne
755 4134 808 4194 vix
823 4133 945 4214 quidem
960 4133 1175 4211 intellegimus.
1207 4134 1275 4193 Nec
1291 4133 1390 4211 magis

252 4219 409 4297 Andream
424 4236 581 4297 Schottum
597 4255 745 4296 moramur
762 4241 790 4295 in
805 4239 908 4296 Libone
922 4236 1196 4296 comminiscentem
1212 4233 1328 4296 Notior.
1339 4234 1388 4296 ci-

253 4357 315 4398 cer.
331 4350 372 4396 111
387 4358 413 4396 c.
431 4348 474 4399 10.

336 4439 437 4500 Versu
456 4439 475 4498 5
496 4441 598 4498 sedeas
619 4440 743 4517 ambus}
765 4443 883 4502 Poetae
903 4440 1026 4522 quidem
1048 4438 1232 4501 Ciceroni
1250 4441 1389 4521 quamvis
