3186 4996
657 447 700 487 na
721 444 842 489 marre
1238 396 1249 421 ⁰
1296 424 1316 486 9

151 615 279 682 'paene
310 615 438 679 semper
471 592 566 657 laetis
594 592 692 657 rebus
723 592 831 657 exitus
858 592 967 667 tristes
995 600 1031 655 ut
1056 589 1233 656 liberorum
1261 590 1317 656 ad·
1379 637 1381 640 ι

170 698 280 779 gnitio
319 695 587 781 fortunarumque
626 695 767 780 priorum
803 696 837 757 in
856 695 962 780 peius
992 722 1036 758 a*
1073 694 1107 758 in
1135 693 1196 757 hac
1231 719 1317 758 ιιι.

171 816 277 881 quare
299 799 394 860 naria
416 796 605 861 definitione
627 797 788 861 discretae
809 805 895 881 eunte
940 796 1044 859 altera
1067 797 1154 859 enirn
1176 787 1317 860 ἀκίνδυ-

170 918 234 971 νος
254 892 408 982 περιοχή,
431 898 533 962 altera
556 893 655 981 τύχης
670 901 862 982 aspectura
877 897 965 961 dicta
987 906 1046 961 est.
1079 898 1214 962 tristitia
1229 919 1317 962 nam-

149 996 238 1083 sq'ue
256 1000 443 1084 tragoediae
461 992 643 1087 p'roprium3
664 1001 803 1085 ideoque
817 998 993 1083 Euripides
1011 1008 1142 1085 petente
1156 996 1318 1065 Archelao

132 1186 140 1191 ι
171 1105 252 1182 rege
274 1109 310 1164 ut
332 1101 372 1165 dc
393 1123 429 1163 se
452 1101 830 1186 tragoediam-scriberet
845 1100 961 1163 abnuit
979 1122 1018 1163 ac
1030 1109 1187 1187 precatus
1205 1108 1256 1164 est
1274 1118 1318 1165 ιε

171 1200 341 1265 accideret
363 1200 524 1266 Archelao
546 1202 671 1290 aliquid
696 1203 886 1287 tragoediae
909 1204 1122 1287 (proprium),
1143 1202 1318 1269 ostendens

171 1299 256 1363 nihil
278 1302 368 1382 aliud
392 1310 464 1367 es'se
486 1298 688 1387 tragoediam
718 1326 814 1391 qnam
841 1305 1046 1375 miseriarum
1069 1303 1318 1389 conprehensio·

120 1432 126 1442 ·
172 1417 261 1465 nem.
291 1404 413 1469 Poetae
430 1406 525 1491 primi
545 1396 661 1480 comici
672 1407 809 1470 luerunt
821 1404 975 1469 Susarion
987 1402 1108 1468 Mullus
1120 1414 1152 1468 ct
1166 1405 1317 1490 Magnes.

138 1508 207 1572 mhi
228 1506 351 1570 ueteris
374 1506 567 1592 disciplinae
588 1507 746 1572 iocularia
773 1506 934 1593 quaedam
955 1508 1064 1570 minus
1088 1507 1168 1571 scite
1199 1529 1238 1572 ac
1264 1531 1318 1571 ne-

172 1617 270 1673 nuste
291 1607 598 1693 pronuntiabantf
589 1631 623 1672 ιιι
645 1609 763 1695 quibus
786 1609 819 1672 hi
842 1628 956 1672 uersus
979 1608 1127 1672 fuerunt.

685 1713 888 1793 Σουσαρίων
911 1710 1015 1773 ταῦτα
1036 1707 1140 1792 λέγει

312 1800 439 1928 squirs
456 1819 628 1891 γυναῖκες·
652 1803 769 1874 staff
750 1834 855 1927 opas,
879 1834 905 1874 m
893 1795 1080 1894 δημόται,

312 1892 392 1974 oria
413 1912 504 1974 ἔστιν
527 1901 640 1995 εὑρεῖν
662 1903 815 1976 οἰκίαν”
794 1934 877 1976 aveo
900 1913 1019 1976 acriori.

142 2012 322 2077 saecunda
355 2020 462 2076 aetate
495 2013 628 2078 fuerunt
655 2000 747 2077 A‘rist
734 2012 891 2100 tophanes
918 2015 1055 2101 Eupolis
1092 2025 1125 2078 et
1154 2016 1319 2098 Cratinus,

173 2118 229 2202 qui
253 2113 328 2178 uel
323 2115 518 2205 principum
540 2115 622 2179 uitia
649 2116 764 2179 sectati
739 2116 1013 2181 tacerbissimae
1037 2117 1221 2181 comoedias
1245 2140 1319 2181 con-

173 2225 364 2304 posuerunt.
400 2216 498 2279 tertia
521 2222 610 2279 aetas
628 2217 692 2281 fuit
712 2216 885 2280 Menandri
905 2217 1031 2302 Diphili
1055 2228 1087 2281 ct
1109 2217 1320 2298 Philemonis,

175 2320 229 2405 qui
250 2339 378 2382 omnem
401 2312 612 2381 acerbitatem
636 2319 822 2383 comoediae
842 2320 1075 2402 mitiganerunt
1103 2342 1122 2381 a
1124 2328 1201 2403 tque
1224 2340 1319 2403 argu-

174 2428 285 2483 menta
306 2394 390 2482 rrlrrlt
377 2418 504 2504 tiplicia
526 2410 662 2502 (ἤθεσιν
684 2420 729 2504 et)
761 2418 925 2484 erroribus
951 2421 1053 2483 secuti
1076 2428 1152 2483 sunt
1205 2420 1246 2483 ab
1268 2419 1319 2483 his

175 2593 268 2657 magni
287 2595 400 2640 timores
419 2592 509 2640 exitus
527 2592 632 2642 funesti
653 2592 799 2644 habentur.
830 2597 858 2642 et
875 2591 934 2642 illic
950 2591 1091 2642 turbulent
1081 2599 1110 2641 ta
1122 2593 1224 2657 prima,
1243 2597 1320 2642 tran-

177 2660 262 2724 quilla
280 2659 388 2708 ultima.
419 2660 449 2707 in
467 2661 612 2724 tragoedia
632 2661 771 2709 contrario
790 2660 885 2711 ordine
904 2677 948 2710 res
968 2666 1094 2723 aguntur.
1126 2666 1183 2710 turn
1202 2660 1272 2726 quod
1291 2662 1319 2709 in

176 2727 321 2794 tragoedia
338 2726 474 2790 fugienda
490 2727 563 2787 urta
583 2728 612 2777 in
632 2728 774 2777 comoedia
793 2728 964 2793 capessenda
984 2730 1152 2793 exprimitur
1184 2733 1319 2794 postremo
1344 2789 1345 2792 Ἴ

177 2795 247 2875 quod
265 2794 353 2845 omnis
372 2794 515 2843 comoedia
528 2766 563 2844 de'
580 2795 637 2845 fict
617 2800 653 2845 trs
666 2801 709 2845 eet
721 2803 865 2860 argument
867 2797 890 2845 is
898 2797 1070 2861 ‚tragoedia
1089 2812 1172 2861 saepe
1187 2796 1221 2845 ab
1234 2796 1320 2846 histo·

177 2865 236 2912 rica
254 2862 307 2911 fide
326 2859 453 2927 potitur.¹

264 3027 273 3076 1
289 3022 323 3072 ut
339 3018 462 3087 scripsi:
478 3024 509 3073 et
524 3017 611 3073 ΑΒΜ
623 3007 816 3096 illibatorum
830 3039 862 3087 5:
874 3016 1046 3076 hiberorum
1062 3019 1095 3075 M
1104 3017 1254 3076 iberorum
1267 3021 1320 3074 AB
1356 3058 1364 3066 -

174 3097 183 3179 Ι
198 3110 215 3161 2
228 3101 478 3179 fortunarumque
495 3098 697 3177 (surtrmarum
713 3092 792 3181 quae
805 3102 850 3176 M)
866 3102 997 3180 priorum
1011 3101 1066 3179 (sic
1078 3123 1108 3173 ς,
1123 3103 1205 3180 prior
1219 3105 1320 3173 ΑΒΜ)

178 3187 208 3244 in
222 3185 312 3264 peius
330 3182 466 3260 adgnitio
482 3186 570 3243 ΑΒΜ
582 3189 681 3260 crelpo:
702 3186 836 3263 adgnitio
858 3191 1026 3260 transposui
1041 3197 1068 3244 ct
1090 3191 1211 3245 lacunas
1230 3207 1269 3245 ov.
1291 3187 1320 3243 in

176 3271 234 3328 hac
252 3273 356 3327 additis
377 3272 517 3327 indicavi:
533 3271 565 3328 in
579 3270 686 3349 poenis
703 3271 816 3347 agnitio
833 3270 872 3330 in'
885 3272 943 3330 hac
958 3269 1094 3329 tristibus
1112 3271 1241 3329 laetiora
1253 3291 1319 3328 sirc-

178 3354 299 3413 cedunt.
326 3373 422 3432 quare
439 3356 617 3426 Buscht'usp
605 3353 618 3381 ¹'
640 3356 771 3416 3uariat
795 3356 915 3431 (narrat
930 3355 1001 3432 BM)
1019 3354 1185 3414 difinitione
1207 3357 1296 3413 ΑΒΜ
1313 3356 1321 3433 Ι

177 3438 334 3498 acindinos
362 3438 505 3516 perioche
527 3439 684 3517 (perioche
709 3440 754 3517 M)
785 3440 828 3499 alt
816 3449 882 3499 tera
908 3441 1009 3519 tychis
1037 3441 1193 3517 peristasis
1221 3440 1321 3497 dictae

177 3533 245 3582 sunt
256 3525 344 3581 ΑΒΜ
357 3519 397 3602 ΙΙ
385 3550 402 3584 o
412 3523 543 3602 1deoque
556 3545 587 3593 5
602 3524 670 3581 ideo
684 3525 765 3603 quod
775 3527 864 3583 ΑΒΜ
875 3520 888 3606 ΙΙ
903 3534 920 3586 6
933 3524 1072 3583 scriberit
1082 3526 1169 3581 ΑΒΜ
1179 3519 1193 3604 ΙΙ
1209 3523 1321 3582 abnuet

176 3611 235 3667 ΑΜ
245 3602 260 3688 ΙΙ
274 3615 290 3668 'l
304 3607 466 3667 accederet
478 3611 566 3666 ΑΒΜ
577 3604 591 3689 ΙΙ
605 3612 758 3687 proprium
770 3631 822 3669 om.
836 3612 931 3681 ΑΒΜ,
944 3614 1008 3669 (trid.
1023 3630 1055 3678 ς.·
1072 3619 1173 3686 aptum
1189 3611 1250 3666 cod
1263 3611 1321 3665 Pa·

176 3697 285 3751 risinus
307 3698 385 3751 7538
406 3697 486 3765 apud
505 3695 701 3767 Gaisfordium
717 3689 731 3776 ΙΙ
745 3704 762 3757 9
777 3695 886 3754 mullus
902 3693 1060 3759 ABnullus
1073 3696 1108 3750 M
1122 3692 1230 3752 Rullus
1252 3695 1320 3751 Cae·

176 3783 274 3834 scrius
288 3772 302 3857 ΙΙ
319 3786 352 3837 111
367 3778 527 3836 ioculatria
538 3781 592 3836 AB
608 3778 736 3837 ioculae.
752 3788 821 3838 utra
835 3781 870 3837 M
879 3778 1058 3837 ioculatoria
1078 3799 1095 3847 5
1109 3773 1121 3857 ΙΙ
1140 3788 1167 3839 11
1189 3797 1321 3855 pronun·

177 3860 272 3919 tiabat
291 3863 353 3918 AM
372 3856 385 3959 ΙΙ
410 3870 441 3921 lt
463 3864 600 3921 susarion
620 3870 672 3920 tau
695 3864 827 3941 talogica
852 3883 991 3962 congync
1022 3863 1224 3922 occallumosc
1250 3863 1321 3921 ode
1338 3900 1347 3923 s

176 3956 257 4004 mete
282 3954 381 4003 ucest
404 3947 490 4005 curin
510 3949 622 4026 yciana
646 3968 705 4006 neu
728 3953 846 4006 cacuA
867 3949 1005 4007 susarion
1030 3957 1115 4006 tauta
1138 3950 1200 4024 legi
1227 3968 1322 4006 cacon

176 4050 257 4109 gyne
272 4050 329 4089 cac
345 4029 493 4089 allumoso
506 4027 629 4089 'odemot
617 4039 647 4089 te
669 4052 706 4090 nc
722 4035 779 4091 esti
798 4034 884 4091 curin
899 4034 991 4114 yeian
1006 4053 1082 4091 aneu
1100 4053 1175 4093 cacu
1189 4036 1218 4090 B
1236 4053 1321 4092 susa·

176 4116 240 4173 rion
256 4115 415 4190 tautalegi.
430 4134 526 4174 cacon
531 4116 627 4213 'gyne
650 4118 827 4176 cetalumos
856 4119 1016 4189 cedemote
985 4120 1118 4176 tuesti
1141 4118 1248 4213 curyni
1272 4137 1315 4175 ca·

176 4219 243 4258 nan
265 4218 382 4259 encacu
401 4201 436 4257 M
448 4187 585 4258 Ἀκούετε
610 4197 704 4273 λέξιν
727 4201 902 4276 Σουσαρίων
920 4199 991 4274 λέξει
1018 4196 1088 4260 τάδε
1106 4192 1200 4260 κακὸν
1218 4220 1279 4299 app.
1305 4221 1323 4269 ς

177 4278 185 4361 Ι
201 4294 231 4345 15
247 4284 383 4343 cratinus
403 4305 434 4354 5:
452 4286 566 4343 oratius
585 4289 673 4343 ΑΒΜ
691 4281 704 4367 ΙΙ
728 4297 758 4350 16
775 4288 825 4345 nel
840 4292 961 4360 scripsi.-
980 4297 1010 4345 et
1031 4290 1120 4349 ΑΒΜ
1131 4283 1144 4367 ΙΙ
1159 4285 1321 4345 aceruissi-

176 4388 238 4427 mas
261 4372 332 4426 ΑΒ
333 4370 535 4428 aceruinimas
553 4371 586 4427 M
600 4367 644 4468 ΙΙ
629 4379 660 4432 17
679 4371 779 4429 diflrili
798 4376 825 4429 Β
840 4372 916 4472 phili
936 4374 971 4428 M
988 4371 1032 4429 fili
1049 4376 1074 4427 Α
1088 4366 1101 4451 ΙΙ
1121 4381 1152 4431 18
1171 4366 1319 4427 accruita·

176 4463 235 4512 tem
254 4456 341 4512 ΑΒΜ
355 4448 368 4534 ΙΙ
384 4452 486 4534 adque
508 4459 533 4512 Α
547 4450 560 4534 ΙΙ
578 4466 609 4518 19
625 4446 732 4531 ἤθεσιν
747 4463 777 4513 ot
790 4460 911 4530 scripsi.
922 4455 1042 4533 graecis
1053 4457 1141 4512 ΑΒΜ
