3194 5004
526 431 554 472 s.
571 429 752 471 urracsmnr
768 428 1010 471 censueramus
1259 394 1335 472 '485

202 602 281 663 quae
297 583 424 642 novavit
439 581 564 642 aliunde
579 582 694 655 hausit,
717 580 804 640 fonte
824 601 896 641 usus
917 582 1007 641 modo
1034 581 1181 641 mediocri
1202 592 1233 642 et
1248 580 1337 644 Vrbi'-

201 685 281 744 natis
304 685 395 744 simili
414 693 447 743 ut
472 705 503 763 p.
525 688 812 757 se,12despectus,
835 664 926 741 mollo
948 685 1086 762 proxime
1108 684 1276 744 accedente
1298 685 1337 745 ad

201 787 374 847 ParisiniA
394 787 615 865 praestantiam
634 795 667 844 ut
682 806 713 864 p.
729 793 762 847 27
770 830 777 859 ‚
798 795 827 847 ll
839 789 996 859 pulchrum
1008 794 1107 861 putat,
1130 796 1179 860 31,
1196 799 1212 850 5
1228 792 1337 862 inpres-

200 907 279 956 sum,
303 898 351 962 34,
369 899 382 950 l
398 892 508 955 licinio,
530 896 612 961 35,4
632 891 790 945 terentium.
827 889 907 947 Nam
931 907 987 947 sua
1012 897 1125 967 sponte
1149 889 1339 967 intellegitur

201 1010 293 1049 unum
309 989 445 1049 codicem
460 1009 528 1049 esse
543 991 689 1069 potuisse,
707 991 758 1069 qui
770 990 908 1050 Asulano
923 998 1046 1067 praesto
1062 990 1163 1064 fuerit,
1179 990 1262 1049 bona
1275 1010 1335 1048 ma·

201 1093 238 1153 lis
254 1094 442 1151 miscentem.

287 1194 446 1253 Simillima
466 1201 558 1273 atque
579 1194 659 1252 inter
674 1194 804 1253 Veteres
820 1201 851 1251 et
865 1192 1011 1252 Aldinam
1031 1194 1109 1252 ratio
1137 1194 1338 1274 condicioque

201 1295 282 1354 inter
296 1295 443 1355 Aldinam
458 1304 489 1354 et
503 1295 675 1354 Parisinam
691 1293 858 1353 editionem
878 1294 1046 1354 intercedit
1068 1316 1086 1353 a
1101 1294 1236 1355 Roberto
1253 1296 1338 1355 Ste-

202 1397 328 1476 phano
344 1406 483 1475 paratam
498 1417 580 1456 auno
598 1405 674 1459 1529.
710 1397 814 1454 Pauca
835 1396 999 1456 fortassee
1016 1396 1169 1456 deteriore
1192 1396 1268 1455 libro
1286 1398 1337 1456 de·

202 1508 344 1578 prompta
365 1507 436 1558 sunt
455 1508 490 1558 ut
510 1519 540 1577 p.
554 1505 597 1572 27,
614 1507 630 1561 6
651 1507 689 1565 et.
698 1501 856 1565 cornelius,
883 1506 930 1570 ιθ,
949 1508 962 1559 l
984 1502 1064 1571 ipsus
1082 1502 1218 1558 sublatis:
1244 1500 1337 1558 multo

201 1601 290 1681 plura
305 1621 368 1660 non
386 1619 403 1660 s
418 1599 557 1680 perbono
572 1609 703 1673 tantum,
725 1598 782 1659 sed
804 1619 820 1658 e
840 1608 903 1658 tam
917 1601 1008 1659 simili
1022 1602 1137 1659 veteris
1152 1601 1285 1660 Parisini
1306 1611 1338 1659 ut

202 1724 264 1762 nou
287 1704 385 1782 possit
403 1722 467 1761 non
489 1723 545 1781 pro
568 1701 677 1761 eodem
697 1702 813 1761 haberi.
857 1703 1051 1761 Documento
1077 1703 1154 1761 haec
1175 1713 1280 1762 sunto:
1307 1724 1338 1782 p.

202 1812 250 1877 m,
271 1814 303 1867 12
318 1808 366 1878 oh,
388 1812 436 1878 29,
453 1815 468 1866 5
491 1808 629 1871 smmum,
653 1808 806 1874 crescat,
829 1811 1004 1873 tremeler,
1026 1809 1088 1866 9r'd
1102 1813 1158 1878 est,
1183 1815 1214 1866 10
1228 1823 1339 1863 summa

202 1924 330 1981 quoque,
351 1913 399 1979 32,
420 1910 591 1971 tuendum,
614 1913 694 1980 34st
718 1910 798 1973 item,
820 1914 838 1968 8
856 1913 886 1964 ιιι
906 1910 936 1963 in
950 1902 1138 1985 sumnudde,
1159 1916 1207 1978 35,
1229 1910 1338 1976 ebibo,

202 2020 218 2070 5
243 2012 274 2065 ιἰι
294 2013 413 2067 actione.
458 2007 527 2085 Quo
549 2008 648 2066 minus
672 2006 776 2066 dubito
800 2007 840 2065 ad
861 2009 960 2086 ipsum
980 2009 1153 2066 Parisinum
1176 2012 1201 2064 A
1223 2008 1339 2067 referre

204 2128 283 2189 quae
299 2108 339 2167 de
354 2115 474 2167 vetusto
490 2108 623 2187 quodam
640 2086 807 2186 exemplari
829 2129 882 2167 sno
900 2109 1075 2187 Stephanus
1096 2110 1129 2168 in
1145 2110 1339 2187 praefatione

202 2208 348 2289 prodidit.
392 2208 441 2268 Ibi
458 2210 540 2267 enim
559 2219 721 2289 postquam
736 2210 853 2268 Donati
875 2210 1106 2269 commentarios
1127 2220 1190 2268 tum
1212 2213 1340 2289 primum

202 2313 402 2383 instauratos,
433 2309 581 2369 discretos
603 2310 840 2391 distinctosque‚
866 2313 898 2370 in
921 2310 1061 2370 ordinem
1082 2331 1168 2370 suum
1188 2313 1338 2385 redactos,
1400 2330 1406 2345 ¹

203 2435 221 2473 a
243 2413 422 2492 corruptelis
445 2412 606 2486 liberatos,
634 2413 794 2493 suppletor
818 2413 964 2490 gloriatus
988 2421 1047 2485 est,
1076 2414 1177 2492 pergit
1204 2415 1236 2473 in
1260 2414 1340 2472 hunc

202 2514 338 2575 modum:
363 2514 532 2574 ‘Postremb
547 2515 683 2593 reposita
698 2535 809 2593 graeca
824 2513 922 2595 prope
939 2516 1054 2587 omnia,
1079 2536 1135 2594 pro
1159 2516 1267 2595 quibus
1283 2535 1339 2573 an-

202 2617 292 2677 tehac
314 2617 417 2677 excusi
438 2614 559 2675 codices
581 2616 698 2675 lacunis
721 2614 787 2675 fert
808 2615 977 2675 scatebant.
1014 2618 1103 2676 Haec
1124 2617 1206 2675 enim
1228 2606 1340 2676 laboris¹

202 2740 274 2799 pars
298 2718 514 2797 operosissima
537 2718 611 2777 fuit:
637 2737 704 2776 cum
729 2718 761 2776 in
782 2726 903 2777 vetusto
926 2719 1095 2797 exemplari
1115 2719 1339 2798 manuscripto

204 2818 301 2900 (quod
332 2818 420 2879 nobis
454 2827 519 2877 erat
550 2839 590 2878 cx
615 2818 697 2878 dono
723 2819 832 2879 Iodoci
856 2816 949 2896 Badij
977 2821 1083 2898 optimi
1109 2821 1207 2879 soceri
1233 2820 1338 2894 nostri,

204 2923 303 3002 deque
319 2921 441 3000 optimis
462 2921 573 2999 studijs
593 2922 626 2979 in
650 2923 732 2980 omni
753 2922 817 2980 vita
836 2918 918 2979 bene
939 2918 1052 2998 meriti)
1075 2921 1203 2980 obscura
1223 2930 1341 2981 tautum

146 3009 149 3015 ¹
203 3031 355 3083 restarent
380 3023 512 3100 vestigia
537 3042 714 3100 graecarum
739 3023 907 3082 literarum:
940 3043 1034 3102 quae,
1066 3025 1125 3083 nisi
1153 3022 1191 3082 ab
1216 3024 1340 3082 homine

202 3126 320 3205 perito,
343 3123 475 3183 diuinari
496 3145 558 3183 non
575 3133 729 3203 poterant.
774 3124 862 3202 Quae
884 3126 987 3185 omnia
1005 3126 1038 3183 in
1061 3126 1198 3184 fauorem
1220 3133 1251 3183 et
1271 3113 1358 3184 sub·¹

203 3228 312 3287 sidium
333 3224 537 3285 studiosorum
557 3227 710 3306 praestitit
731 3226 855 3306 qnidam
875 3235 994 3297 noster,
1018 3226 1264 3286 imhcommnuis
1286 3248 1341 3306 op-

202 3330 268 3389 timi
295 3329 440 3407 cuiusque
467 3328 594 3400 amicus,
622 3325 733 3405 graece
761 3325 918 3386 uc'latine
946 3326 1153 3387 doctissimus:
1181 3329 1233 3407 qui
1260 3328 1341 3387 hanc

203 3430 338 3508 suscepit
354 3427 601 3487 emendationem
616 3429 743 3507 antiquo
760 3428 829 3500 illo,
855 3443 945 3507 quem
968 3428 1048 3503 diri,
1071 3429 1261 3508 potissimum
1280 3428 1339 3488 fre·

202 3542 250 3591 tus
273 3531 453 3609 archetypo.
497 3528 589 3588 Cuius
615 3529 709 3588 fidem
729 3530 787 3587 etsi
812 3530 844 3586 in
870 3529 1046 3609 plaerisque
1072 3538 1192 3588 secutus
1219 3538 1280 3588 cst:
1307 3531 1340 3589 in

203 3633 340 3714 plurimis
355 3642 459 3690 tamen
475 3639 522 3689 est
536 3650 607 3689 usus
623 3632 798 3690 coniectura
813 3651 883 3690 sua:
906 3640 1059 3690 caeterum
1080 3652 1143 3690 non
1167 3632 1235 3690 sine
1255 3652 1338 3690 acor-

181 3718 295 3807 ⁸rimo,
326 3753 385 3814 quo
407 3733 439 3790 in
460 3731 564 3810 primis
587 3730 745 3810 praeditus
768 3740 829 3805 est,
856 3729 989 3791 iudicio.’
1033 3732 1094 3792 Vbi
1121 3734 1210 3802 ‘Quae
1236 3731 1338 3792 omnia'

204 3854 270 3895 cum
286 3835 373 3908 dicit,
397 3854 460 3893 non
477 3832 517 3892 ad
533 3834 652 3893 Graeca
666 3843 785 3892 tautum
806 3834 860 3893 illa
876 3834 1066 3912 Stephanum
1090 3834 1260 3913 respicere,
1283 3835 1340 3894 sed

204 3938 293 3996 simul
314 3935 356 3995 ad
376 3944 493 3995 ceteras
520 3935 745 3995 emendationis
766 3945 869 4014 partes
890 3945 983 3994 antea
1003 3945 1263 4009 commemoratas,
1290 3957 1338 3995 res

204 4040 274 4117 ipsa
299 4038 444 4118 loquitur.
490 4035 632 4097 Ceterum
657 4038 741 4096 illum
768 4036 938 4117 ‘quendam
965 4046 1115 4111 nostrum,
1147 4039 1206 4097 imo
1233 4039 1340 4117 optimi

205 4141 350 4219 cuiusque
366 4140 493 4197 amicum
508 4159 618 4217 graece
640 4159 674 4196 ac
695 4139 790 4197 latine
812 4137 1034 4197 doctissimum'
1055 4138 1184 4198 Iacobus
1200 4140 1338 4220 Beruay·

203 4241 266 4300 sius
281 4240 450 4319 suspicatur
466 4261 529 4298 non
546 4241 637 4300 alium
652 4241 712 4299 uisi
728 4240 911 4301 Guilelmum
925 4239 1118 4301 Budaeum
1134 4261 1212 4301 esse.

288 4342 364 4400 Post
380 4341 569 4421 Stephanum
592 4340 632 4401 ad
653 4341 879 4401 emendandam
899 4340 980 4399 hanc
998 4343 1093 4400 vitam
1114 4361 1270 4421 perpauca
1289 4344 1341 4402 vel

204 4441 385 4529 Desiderins
405 4443 582 4503 Erasmus
612 4444 645 4502 in
666 4443 839 4503 Basilcensi
859 4440 1058 4502 Frobeniaua
1085 4444 1261 4515 anni1532‚
1287 4444 1339 4502 vel
