3218 5000
238 350 300 415 268
658 316 662 323 ι
744 367 874 409 essrvn

148 508 220 581 168
323 514 497 579 Suetonius
514 515 579 578 tria
597 536 720 597 genera
734 504 915 578 rinuoavra
934 514 1034 598 dixit,
1053 514 1172 602 quibus
1192 512 1378 579 sacerdotes

236 625 387 680 utuntur:
437 631 567 679 aaronis
597 632 764 679 rvrvnvru
791 631 970 680 caenavit.
1020 616 1078 680 sed
1103 617 1229 703 apicem
1256 616 1378 702 pileum

238 718 333 781 sutile
356 720 444 782 eirea
460 717 602 781 medium
624 719 719 801 uirga
734 719 912 801 eminente,
933 717 1074 781 tutulum
1097 718 1218 803 pileum
1234 716 1379 781 lanatum

237 830 341 884 metae
364 819 485 904 figura,
506 818 656 904 galerum
677 818 799 906 pileum
821 840 863 882 ex
886 817 973 905 pella
994 819 1120 884 hostiae
1142 840 1266 883 eaesae.

131 1019 225 1093 169*
319 1023 461 1104 Νουμᾶς
489 1014 506 1086 ὁ
531 1014 691 1106 βασιλεὺς
718 1021 894 1088 ἐκέλευσεν
920 1022 958 1087 ἐν
985 1035 1054 1100 τοῖς
1085 1013 1279 1105 ὑποδήμασι
1299 1012 1401 1087 ‘Por-⁵

237 1123 427 1205 portaveris
444 1129 629 1204 πατρικίων
646 1124 840 1190 τυποῦσθαι
853 1116 890 1189 sd
906 1115 1088 1208 Ῥωμαϊκὸν
1104 1118 1235 1206 κάππα,
1254 1115 1274 1188 ii
1291 1116 1382 1205 aspri

237 1238 307 1300 τοῖς
321 1217 478 1309 Ἕλλησιν
500 1223 567 1290 ἐστὶ
587 1220 652 1309 dni,
680 1229 715 1291 οἳ
735 1220 791 1290 διὰ
818 1225 886 1291 τοῖν
907 1225 1033 1292 κοινῶν
1061 1224 1292 1308 ἐπιμελεῖσθαι
1315 1246 1381 1288 πα-

238 1416 320 1467 batur
347 1417 512 1482 inaugurato
540 1419 645 1467 flamini
673 1422 779 1467 uestem
808 1434 879 1482 quas
906 1416 990 1468 laeua
1018 1417 1162 1468 dicebatur
1195 1432 1212 1466 a
1240 1416 1381 1467 iiamInica

239 1486 295 1533 teri
314 1490 450 1548 oportere,
470 1501 549 1549 quam
568 1491 672 1535 uestem
692 1500 753 1534 eum
772 1485 860 1536 cultro
879 1501 950 1550 quae
969 1486 1108 1550 secespita
1128 1485 1323 1550 appellabatur
1340 1484 1381 1534 uti

239 1551 361 1602 debere.'
398 1554 483 1602 Varro
502 1555 533 1602 L.
553 1554 585 1602 L.
605 1555 628 1601 V
655 1551 718 1603 133:
748 1552 861 1602 ‘Laena
890 1553 961 1618 quod
990 1553 1023 1602 de
1051 1553 1116 1602 laun
1139 1553 1239 1613 multa3
1267 1553 1381 1601 duarum

240 1621 325 1670 etiam
348 1618 429 1679 (immo
458 1621 541 1679 enimi
569 1627 694 1685 togarum
723 1620 813 1669 instar
839 1624 869 1669 ut
897 1622 1115 1685 antiquissImum
1143 1620 1287 1670 mulierum
1315 1620 1380 1669 rici·

239 1688 314 1737 nium
337 1687 449 1737 sichoc
472 1688 572 1753 duplex
595 1686 738 1738 uirorum’
758 1715 790 1724 -
825 1688 929 1738 Paulas
947 1690 1025 1737 Festi
1043 1706 1066 1737 s.
1083 1705 1108 1737 v.
1133 1704 1160 1753 p.
1181 1687 1240 1736 117:
1274 1688 1381 1737 ‘Laena

239 1756 399 1805 aestimanti
417 1772 503 1819 genus
522 1756 619 1805 babitu
637 1756 765 1821 duplicis.
795 1755 906 1821 quidem
919 1756 1088 1821 appellatum
1108 1756 1268 1805 existiment
1280 1756 1381 1816 Tusce,

240 1823 350 1889 quidam
369 1822 491 1885 Graece,
515 1840 595 1888 quam
619 1821 742 1889 χλανίδα
765 1823 879 1874 dicnnt’
921 1825 1024 1873 Paulus
1046 1824 1124 1873 Festi
1147 1839 1168 1872 s.
1192 1840 1219 1873 v.
1244 1823 1382 1873 infibulati

239 1908 266 1957 p.
288 1888 348 1939 113:
368 1890 515 1941 ‘infibulati
533 1891 732 1941 sacrificabant
754 1893 878 1940 flamInes
902 1898 1013 1956 propter
1035 1907 1112 1940 usum
1130 1891 1203 1941 aeris
1222 1891 1381 1955 antiquissi-

240 1974 312 2008 mum
335 1960 408 2008 aeris
430 1959 541 2009 fibulis.’
560 1986 592 1995 —
627 1961 732 2009 Nonius
751 1975 812 2024 cap.
832 1959 914 2008 XIIII
938 1959 997 2008 ‘lle
1016 1975 1117 2023 genere
1136 1956 1380 2008 uestimeuterum.’

240 2045 266 2093 p.
290 2024 353 2074 541:
382 2027 495 2076 '‘Laena
517 2028 713 2077 uestimentum
739 2027 872 2085 militare,
899 2026 971 2091 quod
994 2043 1077 2091 supra
1100 2028 1192 2076 omnin
1215 2027 1383 2075 uestimenta

239 2095 364 2146 sumitur.
399 2095 478 2159 virg.
496 2096 564 2144 Aen.
583 2094 653 2144 IIII:
672 2095 809 2159 Tyrioque
830 2094 947 2144 ardebat
965 2094 1068 2143 murice
1087 2093 1213 2144 laeuae‘

326 2157 719 2213 ttttServinsAen.11o83:
744 2163 870 2212 Fundere
894 2163 987 2213 lumen
1010 2162 1089 2227 apex]
1115 2162 1314 2212 ‘Suetonius
1331 2197 1338 2211 .
1353 2198 1381 2211 ..
1441 2186 1444 2189 ·

240 2246 377 2281 eaesae.
419 2246 491 2296 apex
514 2232 623 2296 proprie
646 2232 747 2280 dieitur
770 2231 798 2279 ia
823 2246 925 2279 summo
944 2231 1063 2279 flaminis
1086 2230 1160 2294 pileo
1178 2231 1258 2295 uirga
1276 2229 1382 2291 lanata,

239 2297 292 2348 hoc
311 2304 368 2359 est,
391 2298 421 2347 in
447 2300 525 2348 cuites
548 2300 722 2348 extremitate
746 2298 856 2348 modica
878 2298 945 2346 lana
968 2302 1023 2347 est:
1048 2298 1117 2362 quod
1141 2299 1255 2361 primum
1274 2301 1384 2347 constat

241 2366 314 2431 apud
331 2365 430 2415 Albam
453 2367 589 2416 Ascanius
612 2363 763 2416 statuisse)
804 2366 926 2415 Isidorus
949 2367 1037 2429 origg.
1056 2365 1163 2415 XVIIII
1181 2363 1228 2425 30,
1248 2364 1277 2414 5:
1297 2364 1384 2429 ‘Apes

241 2438 284 2484 est
296 2434 398 2498 pileum
411 2434 492 2483 sutile
506 2450 558 2498 quo
571 2434 731 2484 sacerdotes
743 2434 863 2498 gentiles
876 2433 1032 2493 utebantur,
1047 2433 1203 2497 appellatus
1217 2434 1252 2482 ab
1265 2432 1382 2497 aplendo

241 2502 270 2551 id
294 2508 337 2551 est
361 2518 378 2551 a
401 2502 523 2567 ligando.
564 2518 627 2551 nam
650 2502 759 2566 uirgula
783 2517 853 2565 quae
878 2502 906 2550 in
930 2501 1003 2565 pileo
1026 2508 1088 2550 erat
1111 2502 1310 2551 conectebatur
1327 2499 1382 2562 filo,

241 2569 311 2634 qnod
334 2568 420 2618 fiebat
442 2584 476 2618 ex
494 2569 560 2618 lana
582 2569 701 2619 hostiae.
738 2570 862 2636 galerum
884 2568 987 2632 pileum
1006 2584 1040 2618 ex
1057 2567 1131 2633 pelle
1154 2584 1255 2618 caesas
1273 2569 1383 2619 hostiae

241 2638 354 2687 tactum.
390 2636 492 2700 pileum
517 2642 608 2686 autem
632 2639 735 2689 dietum
753 2654 770 2686 a
787 2636 861 2703 pelle
888 2636 996 2686 hostiae
1014 2637 1087 2686 unde
1106 2635 1209 2686 fiebat.'
1229 2662 1262 2671 -
1297 2636 1383 2687 Varro

240 2705 272 2754 L.
292 2704 324 2752 L.
344 2704 397 2753 VII
414 2704 460 2753 ll:
490 2704 628 2754 ‘Tutulati
649 2706 718 2755 dicti
741 2706 762 2755 ii
787 2706 833 2770 qui
856 2706 884 2754 iu
909 2705 998 2753 saeris
1016 2705 1045 2753 in
1064 2705 1201 2769 capitibus
1219 2704 1323 2753 babere
1341 2719 1382 2754 so·

241 2771 299 2821 lent
317 2776 347 2820 ut
365 2776 479 2819 metam:
505 2771 533 2819 id
557 2773 659 2821 tutulus
683 2773 840 2838 appellatus
863 2773 898 2821 ab
923 2787 955 2821 eo
974 2772 1045 2836 quod
1063 2777 1164 2822 matres
1188 2772 1384 2821 familiss'cri·

241 2855 290 2888 nes
310 2839 471 2888 conuolutos
491 2837 525 2888 ad
543 2840 678 2890 uerticem
697 2842 800 2905 eapitis
819 2856 884 2906 quos
901 2839 1007 2889 habent
1025 2841 1096 2889 uitta
1114 2841 1232 2899 uelatos,
1252 2839 1383 2889 dleeban·

241 2913 286 2956 tur
309 2906 404 2962 tutuli;
428 2907 488 2956 siue
512 2906 546 2956 ab
567 2909 688 2972 eoquod
711 2910 739 2959 id
757 2908 851 2959 tuendi
875 2923 961 2957 carisa
979 2907 1077 2972 capilli
1094 2906 1193 2969 fiebat,
1218 2908 1277 2956 siue
1297 2907 1331 2955 ab
1352 2923 1384 2957 eo

242 2975 320 3039 quod,
336 2973 499 3023 altissimum
512 2976 541 3023 iu
553 2976 620 3025 urbe
634 2977 705 3040 qnod
718 2982 768 3039 est,
789 2992 837 3025 arx
849 2976 1015 3025 tutissimum
1028 2974 1161 3026 uocatur)
1190 2974 1294 3025 Paulus
1306 2972 1385 3024 Festi

242 3059 268 3107 p.
282 3040 326 3090 18:
346 3042 432 3105 ‘Apes
444 3044 490 3106 qui
502 3048 544 3091 est
555 3044 730 3093 sacerdotum
746 3046 854 3108 insigne
870 3044 959 3093 dictus
977 3050 1020 3092 est
1031 3045 1065 3093 ab
1079 3060 1111 3093 eo
1125 3043 1195 3107 quod
1208 3041 1385 3106 eomprehen-

242 3110 307 3159 dere
328 3110 435 3172 antiqui
453 3111 564 3160 uinculo
583 3127 666 3177 apere
685 3110 838 3161 dicebaut?
874 3112 974 3161 Festus
992 3127 1018 3175 p.
1038 3111 1101 3161 355:
1127 3111 1272 3160 ‘Tutulnm
1288 3110 1385 3159 uocari

242 3178 322 3227 sirint
339 3176 539 3227 flaminicarum
559 3181 659 3244 capitis
678 3188 877 3242 ornamentum,
896 3179 966 3243 quod
984 3179 1033 3228 fiat
1050 3180 1122 3229 uitta
1134 3194 1271 3244 purpurea
1289 3178 1385 3227 innixa

242 3245 379 3303 crinibus,
405 3251 432 3294 et
451 3250 605 3296 extructum
626 3248 654 3296 in
678 3247 860 3296 altitudinem.
898 3247 1007 3311 quidam
1030 3247 1133 3311 pileum
1155 3247 1279 3295 lanatum
1297 3246 1385 3295 forma

242 3312 338 3362 metali
355 3310 510 3376 figuratum,
534 3331 587 3381 que
606 3315 731 3365 flamines
750 3330 784 3364 ae
802 3314 947 3378 pontifices
965 3320 1087 3373 utantur,
1108 3314 1202 3364 eodem
1215 3314 1324 3363 nomine
1337 3329 1384 3363 ue·

243 3381 310 3432 cari.
346 3380 463 3429 Ennius:
483 3382 610 3448 Libaque
629 3382 738 3433 fictores
757 3398 875 3446 argaeos
894 3388 922 3430 et
938 3379 1092 3433 tutulatos'

330 3443 400 3499 lbll*
418 3448 537 3499 Ioannes
558 3449 745 3500 Antiochenus
764 3465 823 3499 cxc.
843 3447 961 3499 Salmas.
979 3465 1005 3514 p.
1025 3448 1075 3499 392
1093 3448 1201 3499 Mtiller.
1221 3448 1300 3514 irgm.
1318 3448 1385 3497 hist.

244 3531 381 3581 graecp.
402 3515 460 3564 555.
483 3514 530 3566 33:
558 3509 741 3583 Νονμοῖςὸ
783 3510 928 3574 ussisse
948 3534 971 3567 e.
992 3533 1016 3581 q.
1037 3532 1059 3566 s.
1096 3517 1195 3566 Saldae
1220 3532 1241 3565 s.
1267 3532 1293 3565 κ.
1336 3515 1383 3565 λα·

242 3581 309 3647 pris:
340 3581 462 3646 Νοομᾶς
486 3576 500 3632 ὁ
523 3585 633 3649 πρῶτος
657 3622 663 3633 .
684 3620 715 3634 ..
766 3585 802 3634 ei.
831 3585 1038 3634 adnotationem
1062 3584 1096 3632 ad
1121 3583 1172 3647 frg.
1199 3581 1257 3645 loo>
1280 3532 1334 3632 nul
1354 3574 1385 3633 ἐν

242 3653 303 3708 τοῖς
320 3649 376 3700 τῶν
393 3649 554 3715 βουλευτῶν
571 3644 756 3716 ὑποδήμασιν
779 3642 1035 3718 α’ποσημαίνεσθαι
1058 3646 1089 3701 τὸ
1109 3642 1266 3717 Ῥωμαϊκὸν
1283 3644 1385 3700 κάππα

242 3719 364 3768 Isidorus
377 3719 465 3784 origg.
479 3719 587 3770 XVIIII
596 3719 637 3773 34.
650 3721 678 3768 4:
699 3720 821 3769 ‘Calceis
834 3736 915 3786 reges
928 3721 1078 3770 utebantur
1091 3725 1119 3768 et
1132 3719 1276 3768 Caesares.
1298 3719 1385 3767 torma

244 3801 337 3835 eorum
355 3800 379 3834 α.
407 3787 542 3850 patricios
556 3788 666 3838 calceos
679 3788 809 3836 Romulus
822 3790 926 3853 reperit
944 3793 1074 3852 quattuor
1086 3787 1265 3847 corrigiarum
1279 3791 1386 3835 assuta-

244 3869 294 3918 que
314 3855 387 3903 luna.
424 3854 459 3902 iis
482 3854 533 3904 soli
555 3854 668 3921 patricii
690 3856 848 3905 utebantur.
883 3856 950 3905 luna
977 3861 1069 3905 autem
1093 3856 1121 3903 in
1145 3855 1186 3903 eis
1209 3869 1264 3902 non
1287 3853 1385 3903 sideris

245 3980 448 3991 ..-.—..--—
455 3981 457 3984 ⁴

332 4060 342 4111 t
361 4047 689 4107 Suetonius-caesae
706 4060 760 4100 om.
775 4042 948 4100 Cerretanus
967 4036 980 4122 ll
1002 4041 1147 4120 Sytouius
1162 4043 1314 4098 Fuldsnsr's
1326 4041 1386 4097 Du·

244 4138 326 4193 sistis
342 4135 396 4203 (=
404 4137 500 4191 Purr's.
519 4134 596 4186 1750
609 4144 634 4185 a.
652 4130 684 4184 X
700 4131 745 4184 vel
758 4128 820 4197 XI,
836 4131 993 4186 secundum
1010 4129 1043 4184 G.
1061 4128 1217 4199 Thilonem)
1235 4120 1249 4205 ss
1263 4133 1280 4185 2
1293 4123 1386 4182 tutul-

244 4219 307 4277 lum
321 4223 407 4277 Fuld.
424 4212 437 4297 ll
452 4215 556 4293 galere
571 4215 657 4275 auru.
673 4206 687 4293 ll
702 4210 790 4289 apice
805 4213 890 4270 rurs.
907 4206 911 4293 Ι
936 4211 1060 4289 pilleum
1076 4212 1161 4269 retu.
1186 4205 1225 4292 13
1243 4208 1386 4267 tutullum

247 4307 331 4362 Fuld.
347 4298 361 4384 ll
375 4302 502 4380 pilleum
517 4301 602 4356 Fero.
620 4291 665 4379 sse
685 4296 801 4372 figurae
817 4298 901 4354 retu.
927 4291 931 4375 Ι
946 4295 1051 4371 galere
1067 4297 1153 4355 Fuld.
1170 4289 1175 4375 Ι
1198 4294 1324 4372 pilleum
1340 4299 1386 4350 est

248 4390 333 4445 Fulcl.
