3202 4998
698 406 803 447 curru
828 406 840 445 1
1271 386 1333 449 409

98 554 103 565 ’
193 558 262 638 gius
287 559 474 618 declamator
501 558 671 632 dicoretur,
697 578 758 616 nou
783 555 938 615 debebant
957 557 1060 616 statim
1080 556 1274 616 Hermaunus
1304 564 1335 616 ct

193 663 398 721 Mommsenns
415 659 453 719 dc
468 660 645 719 confusione
659 658 837 719 Gallienum
859 659 1000 735 patriast
1017 658 1073 717 lilii
1094 660 1244 735 cogitare,
1266 678 1333 716 curu

193 763 286 822 etiam
302 762 383 822 filius
398 763 430 820 in
446 771 512 820 arte
528 760 720 821 declamandi
737 781 798 819 non
813 759 971 819 obscuram
992 776 1118 839 operam
1134 760 1272 837 posuisse
1290 760 1333 818 vi·

194 864 311 924 deutur.
343 864 381 923 of.
399 861 606 940 Quintilianus
620 863 670 922 III
687 875 716 937 1,
736 872 781 924 21.
810 862 910 921 cidem
932 863 1014 921 vitae
1033 872 1207 921 accuratum
1223 859 1262 919 de
1278 860 1334 921 Sc·

192 985 271 1026 neca
284 967 439 1046 notitiam,
452 984 542 1044 quam
554 964 669 1025 Probus
681 964 847 1024 scholiasta
854 962 1009 1022 Iuvenalis
1021 961 1106 1023 dedit
1120 962 1241 1040 (fragm.
1256 970 1288 1025 87
1292 961 1333 1039 *),

193 1070 258 1126 iuro
274 1067 445 1126 restituisse
458 1065 580 1140 uideor,
595 1065 677 1148 quod
692 1067 724 1125 iu
738 1066 785 1125 his
800 1065 924 1124 scholiis
938 1065 998 1125 iam
1019 1065 1136 1125 duobus
1155 1064 1230 1124 locis
1247 1085 1334 1127 nsum

194 1168 375 1229 Sustoniani
390 1167 460 1226 libri
476 1147 773 1246 deprehenderimus.
929 1162 932 1167 ’

277 1270 477 1351 Pervenimus
500 1267 540 1327 ad
556 1278 769 1347 campartem,
793 1288 874 1348 quac
890 1270 1010 1347 integra
1024 1269 1090 1327 feru
1109 1276 1241 1327 notatum
1254 1267 1334 1328 tulit

193 1372 272 1433 liber
296 1373 375 1432 onim
397 1370 434 1429 dc
454 1370 658 1448 grammaticis
676 1379 708 1430 ct
729 1370 900 1431 rhetoribus
926 1372 985 1428 ianr
1010 1370 1138 1449 antiquo
1157 1378 1293 1448 tempore
1316 1389 1335 1428 a

192 1474 311 1534 relicua
338 1483 426 1552 parts
453 1480 613 1550 separatus
640 1471 762 1531 videtur
792 1475 897 1532 nescio
926 1491 984 1550 quo
1012 1469 1150 1531 consilio.
1196 1472 1334 1551 quiquo
1423 1516 1425 1519 -

193 1575 283 1635 modo
294 1576 436 1634 inventus
453 1574 501 1648 sit,
515 1573 658 1633 traditum
674 1583 722 1633 cst
741 1594 759 1632 u
773 1574 900 1633 Ioviano
912 1574 1051 1632 Pontano
1064 1572 1095 1631 iu
1112 1572 1337 1652 subscriptione¹

194 1676 308 1736 codicis
326 1674 504 1747 londensis,
527 1694 618 1757 quam
633 1695 727 1755 snpra
742 1697 772 1755 p.
788 1685 841 1739 363
855 1697 900 1757 sq.
920 1673 1161 1754 porsoripsimus.
1194 1684 1335 1733 narratur

193 1778 250 1852 ibi,
269 1786 424 1857 repartum
445 1797 517 1837 csso
539 1777 577 1836 ab
598 1779 685 1836 Enoc
701 1777 872 1849 Asculano,
894 1776 947 1856 qui
964 1775 1150 1855 temporibus
1168 1775 1290 1835 Nicoloi
1309 1776 1334 1835 V

194 1879 237 1959 (a.
261 1879 453 1957 list—1455)
479 1881 510 1938 in
532 1879 668 1939 Galliam
695 1887 726 1937 st
746 1878 818 1938 indb
838 1880 870 1937 in
894 1877 1089 1939 Germaniam
1111 1877 1333 1957 conquirendo·

192 2003 259 2041 rum
284 1981 429 2041 librorum
454 1982 554 2058 gratia
577 1980 734 2059 profectus
760 1989 862 2050 osset,
894 1980 924 2039 iu
951 1980 1051 2038 lucem
1078 1987 1179 2037 autom
1207 1979 1335 2041 rediisse

192 2096 262 2163 post
282 2091 408 2142 mortem
424 2081 632 2141 Bartholomci
654 2081 745 2154 Faoi,
771 2083 824 2160 qui
847 2080 1049 2139 Tiraboschio
1070 2080 1163 2138 storia
1185 2079 1269 2140 della
1285 2081 1334 2139 lit

193 2194 283 2245 tor-ut.
316 2185 385 2243 Ital.
410 2184 455 2243 VI
477 2192 531 2246 734
550 2202 596 2261 sq.
623 2190 748 2241 auctore
768 2202 796 2241 a.
827 2191 891 2244 1457
920 2182 1005 2243 obiit.
1053 2181 1138 2240 ouius
1168 2181 1335 2240 testimonii

193 2288 241 2347 ris
260 2306 296 2345 eo
312 2286 452 2366 profecto
471 2305 532 2344 non
548 2285 715 2343 infirmetur
730 2282 811 2363 quod
828 2285 858 2341 in
875 2282 963 2343 brevi
981 2284 1046 2342 vita
1063 2282 1221 2355 Henochi,
1243 2300 1335 2360 qnam

194 2389 404 2466 Vespasianus
426 2386 619 2445 Florentium
641 2386 673 2444 in
692 2385 770 2445 libro
792 2385 831 2444 dc
858 2385 932 2444 viris
953 2384 1122 2445 illustribus
1141 2404 1168 2443 c.
1190 2393 1224 2446 92
1242 2382 1334 2461 (Mai.

193 2490 294 2571 spicil.
311 2488 380 2547 Vat.
396 2489 411 2546 Ι
429 2508 459 2566 p.
473 2487 543 2565 665)
565 2488 683 2565 volgari
704 2506 844 2547 sermone
865 2487 979 2565 scripto
1001 2485 1101 2557 dedit,
1122 2505 1193 2545 cum
1213 2494 1336 2565 practer

193 2591 437 2672 Porphyrionem
458 2591 489 2648 in
506 2589 668 2647 Horatium
691 2597 723 2648 ct
741 2588 883 2668 Apicium
906 2587 945 2647 de
965 2589 1069 2647 caenis
1089 2588 1166 2648 nihil
1188 2607 1334 2649 memora-

193 2692 258 2753 bile
273 2711 311 2751 cx
328 2691 496 2751 Germania
510 2691 666 2750 rettulisse
684 2689 823 2766 legimus.
860 2709 917 2748 nnc
934 2690 1083 2765 gravisus
1102 2691 1244 2749 momcuti
1264 2698 1336 2749 sunt

193 2795 293 2872 Poggi
305 2795 360 2873 qni
370 2802 475 2851 auctor
484 2791 669 2872 Vespasiani
681 2791 804 2850 vidctnr
815 2811 883 2852 esse
895 2790 990 2852 verba
1002 2792 1033 2852 in
1044 2791 1176 2871 epistula
1190 2790 1229 2851 ad
1239 2792 1335 2851 Frau-

195 2898 307 2955 oiscnm
324 2894 493 2975 Ooppinum
506 2895 622 2973 posita:
648 2898 791 2953 nouissime
804 2914 822 2951 α
837 2892 942 2953 martio
950 2897 1082 2969 pontifice
1095 2890 1254 2972 (Nicolao)
1272 2899 1335 2955 mrt-

192 3016 243 3056 sus
256 3006 297 3056 ort
313 3000 351 3055 cd
368 3014 415 3055 cos
429 2999 512 3054 libros
533 2995 630 3076 (Livi)
642 3000 862 3074 parietinarum
875 2999 990 3056 chool
1011 3000 1177 3070 montanus,
1198 3001 1246 3072 qm·
1266 3000 1335 3057 adeo

194 3103 308 3175 ditipcns
327 3100 396 3175 suit,
417 3109 446 3156 ut
465 3102 534 3157 nitu
552 3105 607 3157 snm
626 3102 733 3158 &cunio
755 3104 889 3158 devenerit
907 3102 1018 3174 dipnunr
1035 3103 1115 3157 ctiam
1131 3102 1232 3157 uidenti
1249 3101 1335 3159 mmi-

193 3205 237 3258 ru'r
250 3205 368 3260 hotone
406 3199 444 3259 ad
460 3220 541 3281 quoe
553 3201 744 3263 inlustranda
758 3202 839 3261 infra
852 3199 1043 3260 rndcuudum
1058 3192 1125 3259 crit

279 3303 350 3364 Non
373 3302 599 3362 contemnenda
617 3323 693 3363 sune
713 3323 772 3363 nec
793 3302 947 3361 doctorum
973 3302 1064 3360 stiam
1087 3301 1239 3360 hominum
1263 3320 1337 3360 nnn

195 3404 323 3483 indigna
346 3405 475 3463 Henoch
496 3405 671 3483 repperisse
693 3403 841 3463 dicendus
864 3412 925 3476 est,
947 3404 1000 3482 qui
1020 3411 1142 3481 praeter
1157 3399 1335 3460 Suetonium

195 3527 234 3567 cx
257 3504 365 3566 codem
390 3507 516 3584 antiqno
534 3504 611 3563 libro
633 3504 692 3564 duo
707 3505 813 3563 Taciti
832 3505 946 3583 scripta
968 3502 1164 3563 Germaniam
1189 3511 1220 3561 ct
1239 3501 1336 3563 dialo-

194 3628 263 3685 gum
278 3607 310 3665 in
326 3606 425 3666 lucem
440 3606 649 3685 protraxisset.
680 3607 766 3665 cuins
783 3606 828 3664 roi
839 3604 929 3663 fidem
941 3605 1061 3667 fuciunt
1075 3603 1253 3683 apographa
1267 3603 1337 3665 libri

193 3708 389 3768 Honochiuni
401 3708 550 3787 quinquo,
563 3705 682 3766 scilicet
690 3706 832 3767 Vaticani
844 3714 1092 3779 intumuisse,
1104 3706 1336 3784 Neapolitanus,

195 3811 248 3888 qni
260 3809 354 3885 vulgo
366 3810 572 3867 Farncsianus
588 3806 707 3880 dicitnr,
724 3807 858 3887 deniquo
866 3808 965 3885 ipsum
975 3807 1108 3867 Pontani
1117 3808 1335 3887 apographum,

194 3908 402 3990 quodLeidae
413 3908 601 3981 adservatur,
613 3910 726 3989 quippo
738 3909 847 3988 quibus
855 3910 915 3968 tria
925 3909 981 3968 illa
991 3911 1105 3988 scripta
1115 3912 1336 3971 contineantur.

195 4012 227 4070 in
244 4010 368 4070 relicuis
388 4030 462 4070 voro
484 4024 562 4071 unus
584 4011 691 4070 saltem
712 4011 814 4070 Taciti
835 4010 913 4071 liber
930 4009 1077 4072 Suetonio
1091 4011 1281 4090 adiungitur,
1305 4016 1337 4075 iu

194 4132 255 4172 uno
272 4109 415 4171 Gudiano
430 4110 513 4172 solus
530 4110 695 4171 Suetonius
709 4121 805 4172 extat.
842 4112 1100 4183 codicemautom
1121 4115 1153 4173 in
1170 4113 1337 4175 Germania

194 4214 351 4274 inventum
367 4232 435 4272 csse
461 4212 595 4273 Pontani
608 4213 705 4273 verba
725 4212 862 4275 iudicare
883 4214 1041 4276 videntur:
1068 4215 1123 4276 scd
1143 4236 1205 4277 uon
1227 4215 1337 4277 desunt

193 4315 258 4377 alia
272 4314 582 4387 cambrimaindioia‚
606 4315 716 4394 quibus
738 4317 835 4394 ipsum
851 4315 929 4376 adeo
945 4319 1175 4391 monasterium,
1197 4318 1228 4376 in
1250 4319 1336 4380 cuins

194 4416 381 4476 bibliotheca
406 4416 460 4475 illc
487 4417 626 4491 latuerit,
660 4418 824 4495 operiatur.
869 4417 1005 4496 Poggius
1032 4418 1114 4479 enim
1139 4421 1170 4478 in
1196 4418 1337 4499 epistulis
