3218 5000
624 435 665 476 ne
689 434 829 477 unsvers
852 434 961 477 renen
1299 417 1361 484 257

215 602 322 667 neque
344 580 489 645 inuidiae
517 592 574 646 sut
599 582 738 645 iniuriae
766 582 904 646 alicuius
932 590 1059 668 poterat
1081 584 1266 649 obiectione
1286 560 1360 648 eua-

217 703 332 763 cuarc,
361 683 485 747 crimen
513 681 636 745 diutius
656 685 806 769 nequiuit
829 681 992 748 refellere.
1040 685 1150 771 itaque
1176 685 1361 771 quoderat

218 782 404 864 difficilius,
425 782 581 847 ultionem
605 793 796 871 persecutus
818 793 877 867 est,
902 785 980 868 quia
999 784 1224 850 defensionem
1247 808 1356 872 praes-

215 893 286 949 tare
308 905 374 947 non
393 885 509 970 potuit.

194 1110 207 1148 e
304 1078 406 1150 Canis
428 1086 615 1173 Aegyptius
638 1086 754 1152 lambit
775 1096 807 1151 et
828 1088 925 1175 fugit.
1371 1080 1442 1152 163

301 1306 462 1353 menoses
487 1289 641 1375 galbeoli.
688 1290 749 1354 hae
781 1292 948 1375 genitores
980 1314 1056 1356 suos
1084 1293 1265 1357 recondunt
1293 1294 1357 1356 iam
1376 1285 1443 1356 164

216 1463 291 1512 mino
310 1462 469 1526 accepimus
488 1463 698 1528 confectumque
716 1461 808 1527 plagis
828 1479 844 1511 a
861 1479 974 1528 corpore
992 1479 1046 1514 non
1065 1466 1215 1515 recessisse
1232 1463 1360 1515 uolucres

218 1537 246 1580 et
264 1532 340 1580 feres
363 1531 532 1594 abigentem.
569 1531 604 1579 ab
629 1531 685 1580 alio
704 1531 732 1579 in
750 1532 834 1595 Epiro
853 1532 979 1596 agnitum
1003 1535 1031 1581 in
1055 1538 1194 1583 conuentu
1216 1548 1360 1598 percusso-

217 1614 274 1647 rem
292 1598 396 1647 domini
419 1597 579 1661 laniatuque
604 1604 633 1646 et
654 1597 759 1647 latratu
777 1606 905 1648 coactum
922 1600 1006 1649 fateri
1025 1599 1136 1650 scelus)
1162 1617 1185 1651 e.
1205 1616 1231 1666 q.
1250 1616 1272 1651 s.
1308 1602 1359 1652 Isi-

218 1666 299 1716 dorus
322 1665 409 1730 origg.
428 1666 482 1715 xn
499 1666 529 1725 2,
554 1666 587 1713 25
605 1681 659 1730 sq.:
684 1666 780 1714 ‘Canis
803 1682 902 1716 nomen
920 1669 1049 1717 Latinum
1069 1668 1205 1718 Graecam
1229 1669 1360 1732 etymolo-

218 1735 292 1798 giam
310 1732 420 1781 uidetur
438 1733 549 1782 habere.
587 1732 693 1782 Graece
719 1734 791 1782 enim
809 1728 886 1784 κάων
908 1736 1022 1797 dieitur,
1050 1736 1117 1785 licet
1136 1738 1245 1801 quidam
1264 1752 1325 1786 cum
1343 1752 1361 1786 a

219 1816 320 1851 canore
338 1800 457 1850 latratus
477 1800 646 1866 appellatum
666 1802 832 1863 existiment,
853 1818 885 1851 eo
899 1803 969 1867 quod
983 1803 1106 1852 insonet:
1125 1805 1236 1853 undeet
1249 1820 1359 1854 canere.

218 1868 287 1918 nihil
307 1873 399 1918 autem
417 1870 549 1933 sagacius
568 1868 693 1917 canibus.
729 1868 790 1932 plus
809 1871 882 1919 eninr
900 1886 997 1920 sensus
1017 1872 1119 1920 ceteris
1132 1871 1297 1923 animalibus
1312 1873 1360 1922 hs·

218 1937 292 1987 beut
334 1950 451 1999 namque
475 1936 528 1986 soli
550 1951 601 1985 sua
626 1937 736 1985 nemius
759 1945 973 2003 recognoscunt:
997 1938 1121 1988 domiuos
1144 1954 1208 1987 suos
1231 1939 1361 2004 diligunt,

218 2004 386 2053 dominorum
409 2009 486 2053 tecta
508 2002 675 2053 defendunt:
703 2020 753 2068 pro
777 2004 893 2054 dominis
917 2006 974 2055 suis
992 2022 1021 2055 se
1040 2007 1121 2055 morti
1139 2007 1290 2055 obiiciunt:
1313 2022 1360 2056 uo·

216 2070 336 2122 luntario
355 2070 391 2119 ad
408 2071 540 2135 praedam
553 2087 614 2121 cnm
633 2072 742 2121 domino
761 2086 810 2119 suo
829 2081 954 2122 currunt:
974 2088 1072 2137 corpus
1091 2074 1193 2122 domiui
1213 2075 1256 2122 sui
1274 2075 1360 2123 etiam

218 2144 351 2189 mertuum
369 2155 425 2189 non
447 2139 613 2202 relinquunt.
654 2153 766 2203 quorum
789 2147 925 2203 postremo
943 2147 1044 2189 natura
1062 2146 1117 2199 cst,
1143 2148 1220 2189 extra
1238 2141 1361 2198 homines

222 2222 284 2257 esse
302 2221 357 2255 non
374 2222 464 2272 posse.
501 2208 530 2255 in
548 2205 664 2255 canibus
682 2207 735 2256 duo
753 2214 830 2255 sunt:
854 2213 902 2255 stit
921 2208 1053 2257 fortitudo
1072 2214 1120 2257 aut
1137 2206 1293 2257 velocitas!

305 2271 354 2327 itt
366 2273 530 2324 Guilielmus
543 2273 659 2338 Capella
676 2274 709 2322 de
719 2273 831 2322 Auletta
844 2274 872 2323 in
881 2276 986 2324 Lucan.
1004 2275 1073 2324 vm
1084 2273 1134 2323 764
1147 2291 1161 2323 e
1181 2276 1239 2323 cod.
1254 2275 1360 2325 Vratis·

218 2341 273 2392 lav.
288 2343 324 2391 cf.
339 2341 497 2391 Schneider.
510 2356 601 2406 progr.
614 2341 726 2391 Vrstisl.
742 2340 821 2390 1823:
834 2340 934 2406 Belua]
947 2341 1131 2402 ‘corcodilusr
1143 2341 1255 2391 canis’
1309 2343 1360 2391 fu-

220 2411 283 2474 git,
298 2408 367 2459 dicit
380 2407 545 2458 Suetonius!
559 2409 737 2458 -Aelianus
750 2408 783 2457 de
797 2414 897 2457 ustura
912 2410 1072 2459 animalium
1085 2410 1122 2458 Vl
1136 2409 1181 2460 53:
1198 2402 1237 2460 Ol
1247 2404 1301 2476 pls
1313 2399 1361 2459 άλ-

220 2477 263 2526 λοι
280 2470 364 2535 κάνες
381 2473 431 2527 καλ
449 2467 524 2527 {lain
542 2472 591 2526 καλ
609 2466 776 2541 ἀνιχνεῦσαι
792 2469 827 2525 τά
841 2476 934 2542 θηρία
948 2492 979 2527 σο
1006 2475 1043 2540 οί,
1057 2470 1087 2527 of
1099 2470 1131 2526 di
1144 2469 1294 2541 Αἰγύπτιοι
1308 2494 1361 2541 φυ-

220 2547 283 2609 γεῖν
294 2536 470 2595 δεινότατον
482 2538 517 2593 τά
530 2542 601 2608 γοῦν
613 2535 644 2594 fv
657 2542 695 2609 roi
713 2541 809 2610 Νείλῳ
822 2539 956 2603 δεδιότας
990 2559 1032 2609 γει
1044 2537 1098 2609 μὲν
1110 2535 1216 2602 edredo
1228 2539 1261 2595 τὸ
1274 2543 1362 2623 δίψος

219 2615 307 2676 πιεῖν,
325 2604 419 2679 ἡσυχῇ
438 2605 471 2661 dl
488 2608 538 2661 καλ
551 2603 579 2669 ἔς
592 2605 680 2676 κόρον
697 2614 776 2661 πιεῖν
793 2604 826 2661 τὸ
844 2607 909 2670 δέος
928 2603 963 2662 od
975 2615 1121 2677 συγχωρεῖ
1146 2608 1195 2663 καὶ
1209 2606 1258 2662 διά
1271 2629 1361 2662 ταυτα

220 2670 255 2730 od
272 2677 407 2731 πίνουσιν
420 2671 627 2757 ἐπικύψαντες,
651 2671 689 2737 ὥς
712 2672 750 2729 ris
772 2677 813 2744 μ’
835 2697 861 2730 τι
888 2679 944 2730 τοῖν
961 2671 1096 2730 κάτωθεν
1114 2671 1280 2744 άνερπάσαν
1299 2673 1362 2730 εἶτα

687 2739 693 2757 t

220 2739 380 2826 ἐξαρπάσαι
398 2738 519 2825 adsone
537 2746 645 2826 uuanda
662 2763 715 2864 sps
732 2741 786 2813 μὲν
820 2748 899 2826 pens
916 2742 1113 2813 παραθέουσι,
1132 2741 1270 2826 λάπτουσι
1284 2741 1316 2825 d}
1328 2747 1364 2812 τῇ

220 2816 334 2882 pintan,
353 2815 537 2879 αρπαζοντες,
556 2832 594 2873 ως
606 2830 644 2864 αν
662 2830 675 2865 ε
691 2830 740 2865 ποι
752 2831 804 2879 τις,
822 2833 840 2882 η
859 2812 908 2866 καὶ
927 2809 962 2882 νὴ
976 2815 1034 2865 Δία
1051 2810 1219 2873 κλέπτοντες
1230 2830 1262 2866 το
1274 2830 1361 2880 πομα.

220 2883 327 2933 Plinius
345 2884 378 2932 N.
397 2884 432 2932 II.
452 2883 518 2932 VIII
538 2882 599 2932 148:
625 2884 747 2932 ‘Certum
766 2890 809 2933 est
826 2886 904 2933 iuxta
916 2884 1007 2933 Nilum
1021 2899 1128 2933 amnem
1142 2885 1277 2933 currentis
1296 2883 1362 2931 lem-

221 2951 308 3069 ggrsh
330 2967 365 3068 ibe
390 2949 588 3067 plrocodilorum
611 2952 743 3000 auiditati
765 2951 940 3002 occasionem
966 2949 1140 3017 praebeant!
1183 2951 1326 3001 Phaedrus
1352 2952 1361 2999 l

275 3034 289 3068 s
310 3055 316 3068 .
363 3035 392 3068 re
416 3036 437 3068 ,ε

592 3085 685 3136 Canes
704 3090 732 3135 et
750 3086 892 3137 corcodili.

424 3148 529 3203 Consili
567 3154 613 3218 qui
631 3155 699 3204 dant
715 3168 804 3218 praue
823 3155 914 3204 cautis
931 3153 1097 3216 hominibus,

424 3227 452 3270 et
469 3237 519 3286 per
556 3227 587 3271 ut
605 3236 717 3286 operam
735 3226 763 3270 et
781 3221 940 3271 deridentur
956 3222 1080 3286 turpiter.

424 3288 516 3338 Canes
533 3294 675 3339 currentes
692 3288 789 3338 bibere
806 3289 836 3337 in
853 3288 916 3338 Nilo
934 3289 1053 3350 flumine,

425 3372 442 3405 a
460 3356 607 3406 corcodilis
626 3372 660 3406 ne
679 3357 836 3421 rapiantur,
855 3357 987 3407 traditum
1006 3362 1056 3405 est.

426 3424 510 3490 igitur
528 3439 588 3473 cum
608 3439 721 3473 currens
740 3424 835 3473 bibere
854 3424 993 3488 coepisset
1011 3424 1099 3485 canis,

426 3491 467 3541 sic
487 3491 656 3540 corcodilus:
681 3491 835 3555 quamlibet
854 3492 943 3540 lambe
963 3491 1029 3553 otio,

426 3560 538 3623 †pota‚
559 3558 675 3608 accede:
699 3558 756 3609 noli
775 3560 887 3620 timere,
912 3558 1009 3607 sedulo

426 3627 481 3687 ait;
505 3631 535 3674 at
552 3626 611 3675 noli
628 3627 721 3675 uereri
738 3626 836 3691 inquit.
873 3630 903 3675 at
921 3626 984 3675 Ille:
1052 3644 1061 3654 ·

426 3695 549 3743 facerem
567 3692 689 3755 hercule,

424 3762 478 3811 nisi
498 3776 558 3810 esse
578 3761 677 3811 scirem
696 3761 834 3810 carniste
854 3760 982 3825 cupidum
1001 3775 1088 3809 meae.

310 3826 358 3882 tlt
382 3828 473 3880 Schol.
498 3830 579 3878 Bern.
605 3817 698 3894 georg'.
721 3828 779 3878 1111
804 3829 848 3876 14:
877 3825 1014 3893 Meropes]
1040 3826 1211 3892 ‘galbeoli
1235 3830 1265 3875 ut
1287 3831 1367 3891 putat

223 3897 407 3987 Tranquillus.
444 3897 506 3947 hae
531 3898 710 3961 genitores
808 3896 990 3957 nidificat,
1018 3901 1048 3943 ut
1072 3895 1101 3944 in
1123 3893 1193 3944 libro
1217 3894 1251 3948 X.
1275 3899 1380 3945 ostem·

223 3964 305 4014 ditur.
350 3963 473 4015 Isidorus
497 3967 585 4030 origg.
604 3965 659 4014 XII
677 3964 706 4024 7,
726 3963 771 4014 34:
797 3962 933 4027 ‘Meropes
952 3967 980 4012 et
999 3962 1110 4012 eosdem
1128 3962 1234 4027 gaulos,
1255 3963 1302 4027 qui
1318 3978 1368 4027 pa·

223 4038 317 4082 rentes
335 4047 398 4082 snos
416 4033 566 4083 recondere
586 4038 670 4097 atque
686 4032 760 4080 alere
773 4028 921 4079 dicuntur.'
956 4028 1061 4080 Probus
1073 4029 1092 4078 l.
1112 4045 1152 4079 c.:
1177 4030 1368 4095 ‘Meropesque

225 4099 353 4165 aliaeque
372 4099 508 4150 uolucres.
543 4101 672 4164 Meropes
695 4099 823 4147 dicuntur
845 4113 912 4146 sires
936 4112 1003 4160 quas
1027 4097 1055 4145 in
1073 4097 1159 4147 Italia
1185 4103 1288 4147 uocant
1306 4096 1368 4147 bar·

225 4167 320 4230 batos,
345 4183 459 4233 quarum
475 4183 528 4218 uox
547 4169 613 4246 qnia
632 4165 774 4230 multiplex
793 4166 869 4229 capit
886 4166 1063 4229 partitionem
1082 4167 1159 4215 uocis
1177 4179 1302 4228 meropes
1320 4178 1367 4228 ap·

224 4234 363 4299 pellantur
386 4251 487 4301 graece
510 4231 567 4285 άπο
591 4233 642 4285 τοῦ
664 4245 747 4297 μεριο
768 4229 803 4281 ori
827 4248 906 4295 qucm
930 4231 1033 4281 Graeci
1058 4238 1175 4292 nectant,
1203 4247 1253 4281 nos
1276 4235 1367 4281 autem

224 4303 404 4367 partitionem
421 4303 512 4365 uocis,
537 4319 619 4367 qnam
637 4302 720 4351 iidem
777 4313 796 4348 οι
814 4298 910 4348 dictent
934 4297 1188 4365 γλωσσηματικοὶςῖ
1223 4297 1368 4360 Philargy-

310 4453 328 4502 ὁ
344 4440 477 4518 egiptius
492 4442 555 4498 cod.
572 4434 679 4518 llfugli
695 4439 834 4494 Κολλίνα·
860 4436 941 4511 sugit
955 4438 1017 4494 cod.

261 4554 380 4589 svarosr
399 4553 462 4588 arr..
1136 4534 1173 4592 17
