3200 4992
250 399 309 459 174
754 418 884 461 aasrvu

246 579 456 628 sv'rvueuvs
476 554 687 629 ex'siccitate
710 575 742 630 et
759 566 897 652 frigore,
920 583 1051 631 nlnues
1072 591 1118 632 ex
1131 568 1252 653 frigore
1275 578 1308 634 et
1330 569 1387 634 hu·

247 688 347 730 more.
371 665 459 730 unde
478 667 575 729 etiam
594 676 671 729 sunt
686 677 831 752 tempora
845 689 865 730 a
879 670 1114 733 communionis
1131 679 1387 756 temperamento

247 767 351 831 dicta:
393 769 487 831 cuins
510 767 748 832 communionis
770 768 851 832 haec
878 778 927 832 est
948 769 1054 855 figura
1082 777 1189 850 (fipara
1212 779 1269 853 Il).
1309 795 1386 859 quo-

245 892 317 932 rum
338 879 520 957 temporum
539 867 620 932 haec
635 878 710 933 sunt
727 871 905 955 principia:
941 892 999 935 uer
1013 873 1159 935 exoritur
1175 884 1290 937 octauo
1310 871 1386 936 Kal.

247 1107 307 1159 tar)
321 1110 356 1158 cf.
365 1110 443 1174 epist.
450 1108 780 1173 Theophilihlexandrini
793 1110 876 1174 episc.
888 1110 1096 1175 ahIIieronymo
1106 1127 1186 1160 versa
1199 1111 1243 1176 Ip.
1257 1110 1385 1161 ss‘lll'all.

247 1206 278 1213 -
297 1177 455 1226 Ambrosius
472 1177 596 1225 hexaem.
615 1177 672 1225 IlII
690 1177 714 1235 5,
734 1175 779 1225 21:
812 1178 962 1242 ‘Tempora
980 1185 1071 1227 autem
1090 1194 1160 1242 quae
1178 1185 1241 1228 sunt
1259 1179 1311 1229 uisi
1330 1195 1386 1228 mu-

245 1246 380 1294 tationum
397 1245 484 1305 uices,
503 1244 591 1293 hiems
610 1258 658 1293 uer
681 1249 774 1294 aestas
798 1251 881 1309 atque
900 1248 1061 1295 autumnus?
1086 1248 1114 1294 in
1139 1247 1198 1295 istis
1216 1246 1300 1311 lgitnr
1319 1252 1385 1295 tem·

246 1313 356 1378 poribus
374 1318 423 1361 aut
440 1312 563 1361 uelocior
580 1316 623 1360 cat
641 1312 773 1361 transitus
791 1313 858 1362 solis
872 1320 920 1362 sut
937 1313 1048 1364 tardior.
1080 1313 1137 1362 alia
1152 1314 1224 1363 enim
1237 1315 1385 1379 praestrin-

246 1383 287 1445 git
314 1380 399 1430 radiis
422 1380 478 1428 suis
509 1379 566 1427 alia
594 1380 746 1428 inflammat
773 1380 921 1445 caloribust
962 1382 1055 1445 itaque
1079 1396 1139 1430 cum
1162 1381 1204 1431 sol
1227 1382 1385 1431 meridianis
1432 1400 1436 1408 ’

245 1448 371 1512 partibus
389 1449 547 1496 immoratur
565 1445 652 1495 hiems
670 1447 749 1497 uobis
768 1454 820 1497 est.
855 1464 918 1498 nam
937 1463 998 1498 cum
1016 1449 1058 1498 sol
1075 1449 1184 1514 lougius
1203 1448 1290 1507 abest,
1310 1455 1385 1499 terra

246 1516 360 1580 rigescit
378 1513 451 1580 gelu,
470 1514 615 1577 stringitur
633 1515 735 1580 frigore
760 1520 788 1564 et
811 1516 929 1580 plurima
947 1517 1036 1566 noctis
1054 1516 1150 1565 umbra
1173 1522 1262 1566 terras
1285 1518 1384 1582 operit,

245 1590 275 1633 nt
293 1584 376 1633 multo
394 1582 544 1647 prolixiora
562 1583 618 1631 sint
636 1583 725 1632 noctis
744 1585 836 1647 spatIa
860 1584 1027 1647 quamdiei.
1064 1583 1128 1633 hinc
1147 1584 1233 1633 oritur
1252 1599 1337 1635 causa
1354 1590 1385 1633 ut

245 1651 368 1701 hibernis
390 1650 501 1699 flatibus
524 1649 609 1697 nimia
631 1650 674 1699 uis
696 1651 801 1699 niniam
824 1650 1031 1715 pluniarumque
1053 1651 1195 1705 fundatur.
1229 1667 1290 1700 cum
1319 1667 1384 1701 uero

245 1735 278 1769 ex
297 1717 457 1768 meridianis
475 1717 612 1766 decedam
628 1718 754 1782 partibus
772 1733 855 1783 supra
874 1724 975 1767 terram
992 1719 1078 1779 redit,
1102 1720 1192 1768 noctis
1210 1734 1244 1768 ac
1263 1719 1318 1769 diei
1338 1735 1384 1769 ex-

245 1790 348 1851 aequat
366 1792 503 1849 tempora3
529 1791 557 1833 et
575 1799 627 1849 qno
646 1785 734 1849 magis
753 1802 843 1834 moras
861 1787 918 1835 suis
937 1787 1064 1851 adiungit
1082 1787 1216 1845 cursibus,
1236 1802 1269 1835 eo
1286 1788 1383 1852 paula-

245 1856 293 1903 tim
311 1854 471 1917 temperiem
491 1853 563 1901 aeris
581 1851 661 1901 huius
674 1853 781 1902 reducit
800 1859 828 1902 ct
847 1860 960 1904 reuocat
973 1865 1099 1905 arrarum
1113 1854 1299 1915 clementiam,
1313 1870 1383 1919 quae

243 1923 342 1972 fouens
360 1921 451 1971 omnia
470 1920 634 1985 repetendos
652 1921 727 1983 cogit
745 1921 773 1969 in
790 1927 895 1985 partas,
914 1928 945 1970 ut
962 1927 1038 1971 terra
1055 1922 1191 1986 germinet
1209 1937 1242 1971 ac
1262 1922 1384 1971 resoluta

244 1991 329 2039 sulcis
347 1989 454 2037 semina
472 1988 658 2048 reuiuiscant,
682 1988 822 2038 uirescant
840 1988 966 2049 arbores,
992 1989 1027 2038 ad
1044 1990 1257 2054 perpetuitatem
1277 2005 1383 2054 quoque

243 2056 425 2107 conseruandi
444 2056 553 2119 generis
578 2070 670 2104 eorum
694 2070 764 2119 quae
788 2056 833 2105 ncl
858 2057 883 2104 in
904 2057 985 2105 terris
1007 2062 1071 2106 sunt
1093 2056 1137 2105 uel
1161 2058 1239 2121 aquis
1262 2057 1384 2122 gaudent

244 2126 343 2173 annuis
360 2124 465 2173 fetibus
483 2122 623 2172 successio
641 2130 817 2188 propagetur.
858 2130 902 2173 ast
923 2124 970 2173 uhi
994 2124 1030 2173 ad
1048 2125 1172 2174 aestiuas
1190 2127 1383 2175 conuersiones

244 2193 272 2241 in
290 2192 514 2256 septemtrionem
532 2206 561 2239 se
580 2190 710 2254 subrigit,
734 2193 827 2254 spatia
846 2192 943 2241 diurna
961 2191 1099 2256 producit,
1125 2197 1220 2241 noctes
1238 2207 1304 2241 uero
1324 2208 1383 2242 arc-

244 2266 285 2309 tat
308 2266 336 2307 et
360 2259 517 2323 adstringit.
553 2259 647 2321 itaque
672 2274 725 2322 quo
749 2260 837 2323 magis
860 2274 911 2309 usn
936 2259 1047 2308 assium
1070 2260 1127 2308 seri
1151 2259 1215 2308 hnic
1239 2259 1384 2324 copulatur

243 2334 326 2391 atque
345 2328 484 2387 mIscetur,
505 2340 538 2379 eo
557 2325 673 2389 amplius
692 2331 720 2373 et
738 2326 827 2390 ipsum
846 2342 938 2377 aerem
955 2332 1074 2392 uaporat
1094 2332 1123 2375 et
1140 2333 1274 2376 terrarum
1294 2330 1382 2379 exsic-

243 2404 291 2444 cat
308 2394 456 2453 hnmorem,
477 2392 636 2443 adolescere
656 2394 725 2442 facit
743 2395 848 2443 semina
867 2401 894 2444 et
912 2400 1050 2459 tamquam
1066 2395 1095 2442 in
1108 2409 1205 2444 succos
1217 2394 1313 2445 uiriles
1326 2410 1381 2444 ma·

243 2468 382 2513 turescere
406 2476 486 2526 poma
509 2460 651 2510 siluarum.
693 2467 758 2510 tunc
783 2463 849 2525 quia
870 2462 1033 2526 flagrantior
1055 2467 1107 2523 cst,
1131 2462 1250 2511 minores
1272 2463 1383 2512 umbras

243 2531 313 2579 facit
332 2531 360 2579 in
372 2529 534 2589 meridiano,
554 2529 683 2592 quoniam
696 2544 729 2577 ex
748 2530 805 2578 alto
817 2529 890 2579 hunc
903 2529 1049 2578 inluminat
1059 2527 1167 2578 locum)
1191 2528 1236 2579 23:
1258 2531 1382 2595 ‘Exemp-

242 2597 297 2646 lum
321 2613 386 2661 ergo
409 2611 552 2661 possumus
581 2596 723 2659 accipere;
753 2598 818 2661 quia
840 2596 975 2647 hiemales
999 2597 1058 2645 dies
1080 2597 1178 2646 breues
1200 2596 1249 2647 scd
1273 2598 1383 2647 umbras

242 2666 360 2714 maiores
378 2663 494 2712 hahent:
514 2663 617 2711 aestiui
634 2663 694 2711 dics
706 2664 823 2713 maiores
836 2664 884 2713 sed
897 2664 1006 2714 umbras
1018 2665 1138 2714 minores
1150 2664 1262 2714 habent.
1292 2666 1382 2715 medio

242 2748 348 2797 quoque
367 2732 411 2781 die
430 2732 519 2780 minor
535 2730 632 2779 umbra
651 2745 731 2795 quam
750 2732 795 2780 uel
814 2732 842 2781 in
854 2732 991 2796 prinprio
1005 2738 1048 2780 est
1065 2732 1121 2780 diei
1140 2732 1186 2780 uel
1203 2732 1269 2781 fine:
1290 2738 1318 2781 et
1330 2732 1380 2782 hoc

242 2801 314 2864 apud
333 2814 382 2849 nos
405 2799 434 2847 in
452 2804 531 2863 parte
550 2798 712 2848 occidentis.
748 2804 846 2864 postea
864 2815 914 2849 nos
931 2804 1077 2848 autumnas
1095 2800 1237 2863 excipiens
1255 2801 1383 2864 infringit

242 2867 351 2932 quidem
371 2872 494 2916 aestuum
514 2866 744 2930 magnitudinem:
768 2867 817 2916 sed
837 2867 979 2932 paulisper
996 2867 1120 2916 relaxato
1139 2882 1173 2916 ac
1191 2868 1316 2932 deposito
1335 2884 1381 2917 ca-

241 2936 300 2985 lore
317 2951 368 2999 per
384 2933 545 2998 temperiem
563 2933 646 2982 medii
661 2934 858 2983 moderaminis
870 2936 929 2983 sine
949 2935 1046 2984 fraude
1064 2949 1113 2983 nos
1133 2939 1215 2998 atque
1234 2935 1291 2984 ulla
1309 2951 1380 2985 noxa

241 3003 352 3052 flatibus
365 3002 450 3051 tradit
462 2999 650 3050 hiemalibus.'
670 3017 702 3050 cx
715 3002 803 3051 Basili
816 3001 877 3051 hex.
891 3017 954 3067 pag.
965 3002 997 3049 57
1011 3018 1034 3050 c.
1048 3001 1074 3050 d.
1090 3018 1113 3050 e.
1127 3000 1160 3050 58
1173 3018 1198 3051 a.
1209 3003 1235 3051 b.
1261 3003 1381 3053 Isidorus

240 3071 328 3135 origg.
341 3070 366 3118 V
377 3069 423 3119 35:
438 3069 588 3133 ‘Tempora
606 3069 671 3117 anni
684 3074 813 3133 quattuor
825 3075 901 3119 sunt:
914 3085 963 3119 uer
977 3077 1070 3119 aestas
1082 3076 1228 3119 autumnus
1244 3076 1271 3119 et
1284 3070 1380 3120 hiems.

240 3139 392 3188 dictasunt
405 3143 528 3201 tempora
538 3152 554 3185 a
567 3137 766 3185 communionis
775 3144 829 3186 tem
851 3147 1001 3197 eramento,
1015 3137 1085 3201 quod
1096 3137 1213 3187 inuicem
1226 3154 1256 3187 se
1269 3138 1380 3187 humore

239 3206 370 3256 siccitate
385 3205 477 3255 calore
490 3210 519 3253 et
531 3204 634 3270 frigore
648 3204 809 3269 temperent.
831 3154 905 3254 haec
920 3211 948 3254 et
960 3204 1098 3255 curricula
1110 3205 1238 3255 dicantur
1250 3206 1314 3270 quia
1327 3222 1380 3255 non

238 3279 315 3323 stant
328 3274 375 3322 sed
388 3278 508 3322 currunt.
529 3278 638 3321 constat
650 3279 742 3321 antem
759 3278 820 3337 post
834 3273 938 3322 factum
950 3271 1078 3321 muudum
1091 3272 1271 3338 esqualitate
1285 3289 1380 3323 cursus

238 3342 305 3401 solia
317 3347 441 3406 tempora
453 3341 481 3389 in
494 3345 588 3389 ternos
599 3355 707 3389 menses
720 3340 805 3390 fnisse
819 3339 918 3389 diuisa.
943 3354 1056 3405 quorum
1075 3345 1225 3405 temporum
1236 3342 1379 3391 discretio·

239 3424 301 3458 nem
313 3409 397 3458 talem
408 3414 518 3457 ueteres
530 3407 647 3469 faciunt,
657 3414 687 3456 ut
698 3408 785 3473 primo
794 3423 887 3457 mense
900 3423 949 3457 uer
957 3423 1057 3461 nouum
1068 3408 1186 3467 dicatur,
1200 3409 1320 3458 secundo
1333 3410 1380 3458 ad·

238 3477 333 3539 ultum,
352 3477 435 3527 tertio
453 3490 597 3540 praeceps.
633 3476 672 3524 sie
693 3481 721 3524 ot
739 3480 833 3525 aestas
857 3476 884 3524 in
903 3476 959 3525 suis
979 3476 1065 3525 tribus
1084 3476 1223 3525 mensibus
1241 3491 1314 3525 nona
1332 3477 1379 3525 ad·

238 3545 298 3595 ulta
316 3551 345 3593 et
362 3559 505 3609 praeceps.
542 3545 607 3592 item
632 3541 719 3592 hlems
741 3543 934 3597 noua-adulta
959 3550 987 3592 et
1008 3558 1144 3608 praeceps
1167 3544 1227 3592 siue
1246 3551 1391 3593 extrema·

239 3613 310 3662 unde
329 3617 357 3661 et
375 3612 456 3662 illud:
482 3611 638 3659 ‘Extremae
656 3611 707 3658 sub
726 3625 820 3659 casum
839 3610 937 3660 hiemis
959 3611 986 3671 (e
1004 3614 1076 3660 Sera.
1093 3627 1183 3675 georg.
1202 3611 1221 3660 I
1237 3614 1294 3675 43).
1331 3627 1380 3661 ner

202 3736 207 3748 ι
239 3679 446 3729 autemdictum
464 3678 627 3742 quodniret.
659 3682 725 3726 tunc
744 3678 816 3726 enim
834 3685 897 3743 post
914 3678 1032 3728 hiemem
1049 3680 1168 3727 uestitnr
1185 3678 1268 3729 tellus
1286 3678 1379 3729 herbis

238 3754 266 3796 ct
285 3750 312 3797 ln
330 3748 423 3797 florem
443 3752 543 3796 cuncta
562 3750 730 3810 rumpuntur.
767 3752 861 3795 aestas
884 3746 960 3796 dicta
979 3746 1014 3795 ab
1033 3750 1113 3796 aestu
1131 3746 1159 3795 id
1177 3752 1220 3796 est
1239 3746 1331 3796 calore
1351 3751 1379 3795 et
1412 3786 1417 3801 .

238 3822 331 3867 aestas
356 3815 435 3880 quasi
458 3819 521 3863 usta
543 3813 630 3862 idest
653 3818 751 3862 exusta
773 3820 801 3862 et
823 3814 911 3863 arida.
951 3829 1014 3862 narn
1038 3814 1115 3863 calor
1133 3813 1226 3863 aridus
1245 3820 1295 3864 est.
1332 3830 1379 3863 au-

236 3889 346 3932 tumnus
365 3889 456 3931 autem
475 3896 492 3929 a
510 3885 675 3947 tempestate
693 3887 822 3943 uocatus,
848 3880 957 3947 quando
981 3887 1008 3930 et
1032 3881 1101 3931 folia
1125 3883 1252 3931 arborum
1276 3882 1377 3931 cadunt

237 3956 266 3999 et
283 3952 376 4001 omnia
389 3955 584 3999 maturescunt.
614 3947 732 3998 hiemem
745 3964 810 3998 nero
828 3951 900 3999 ratIo
913 3949 1110 4014 hemisphaerii
1127 3952 1299 4014 nuncupauit
1312 3950 1378 4013 quia

323 4184 334 4233 1
354 4179 513 4229 autumnus
529 4172 557 4226 Β
569 4167 583 4249 ΙΙ
599 4171 691 4227 citate
708 4165 746 4226 B¹
764 4171 886 4229 sicitate
904 4167 945 4247 ΒΨ
966 4166 980 4252 ΙΙ
1001 4170 1120 4247 fulgure
1139 4165 1177 4224 Β1
1194 4164 1207 4250 ΙΙ
1222 4169 1330 4227 hiemis
1352 4173 1379 4227 Β
1472 4204 1476 4213 ·

238 4252 249 4338 Ι(
268 4256 389 4332 fulgure
405 4252 442 4312 Βι
464 4249 477 4336 ΙΙ
497 4264 514 4315 2
529 4262 790 4332 temperamenta*
810 4251 846 4311 Β1
865 4263 1105 4333 temperamenta
1116 4260 1140 4313 A
1153 4249 1168 4334 ΙΙ
1183 4264 1200 4316 3
1218 4273 1261 4313 ns:
1278 4273 1377 4321 uvar-

235 4360 322 4399 rvoa
343 4358 474 4398 aaaron
495 4336 578 4421 Alit
598 4347 668 4397 sunt
683 4348 850 4417 temporum
865 4339 943 4398 haec
965 4344 991 4397 B
1004 4336 1017 4420 ll
1033 4358 1145 4398 neruus
1163 4343 1217 4398 ΑΒ
1236 4335 1249 4420 Ι)
1271 4359 1376 4399 exore-

236 4435 283 4483 tur
302 4421 340 4481 B¹
359 4420 372 4505 Η
388 4425 522 4483 (moritur
537 4425 574 4483 ab
591 4421 628 4481 A²
644 4418 657 4504 ll
672 4423 781 4481 octaba
797 4432 821 4482 A
838 4425 916 4483 VIII
936 4428 960 4481 Β
