3200 4992
266 411 335 477 82.
640 430 682 472 na
706 428 793 472 mars
817 427 1031 471 mavsrmavs

266 590 380 668 postea
398 579 487 644 ciuili
501 578 716 643 Caesarianas
731 585 839 663 partes
861 585 989 642 secutus
996 625 1006 659 ‚
1021 596 1094 640 cum
1108 582 1252 660 togatam
1263 570 1405 638 Galliam

268 690 414 768 regeret,
436 680 623 746 Placentiae
645 679 737 745 obiit.
755 672 759 677 ⁶

178 763 255 838 56*
353 782 571 871 Apollodorus
593 782 815 868 Pergamenus
835 801 974 867 graecus
996 788 1105 845 orator
1130 786 1322 865 praeceptor
1346 776 1406 841 Oa·

267 886 337 951 lidii
358 895 391 951 ct
409 885 550 970 Augusti
572 883 678 948 clarus
700 882 836 948 habetur
858 887 896 959 (a.
920 892 996 963 691).

274 1044 279 1057 ,
816 989 867 1048 ΙΙΙ

176 1074 253 1151 57*
352 1104 456 1153 evulo
478 1096 648 1175 promptus
675 1096 708 1152 ct
728 1086 896 1174 popularis
918 1094 1028 1151 crater
1047 1085 1169 1149 Romae
1199 1083 1337 1149 habetur
1359 1083 1426 1146 ins
1465 1146 1466 1150 ,

268 1192 371 1277 signis
394 1197 432 1269 (a.
453 1202 535 1270 701):
559 1191 616 1278 qui
634 1189 788 1275 deinceps
805 1191 839 1253 in
858 1187 974 1253 Africa
1000 1187 1125 1276 pudore
1148 1186 1260 1251 amissi
1283 1186 1406 1250 exerci-

267 1303 321 1359 tus
343 1294 426 1393 mori
447 1292 563 1357 maluit
586 1313 682 1378 quam
704 1292 853 1357 euadere.

623 1466 626 1479 .
803 1415 871 1474 IIII

177 1513 255 1588 58*
354 1529 476 1577 nvitun
501 1520 594 1599 pater
624 1521 656 1577 ct
680 1512 768 1578 filius
791 1511 871 1578 clari
900 1521 1044 1577 oratores
1073 1509 1234 1575 habentur
1257 1515 1294 1587 (a.
1323 1517 1406 1587 7Js):
1451 1594 1453 1599 Ι

272 1635 408 1703 querum
430 1613 517 1679 filius
540 1613 720 1680 consularis
742 1623 817 1679 ante
839 1623 963 1701 patrem
985 1613 1131 1679 moritur.

825 1720 854 1781 V
903 1775 908 1785 .

178 1809 255 1882 59*
354 1834 644 1883 A81u1vsponn10
674 1827 782 1883 orator
808 1826 841 1882 et
859 1818 1057 1901 consularis,
1092 1816 1146 1904 qui
1177 1814 1217 1879 de
1245 1812 1407 1877 Dalmatis
1418 1839 1443 1877 ro

270 1972 392 2039 secutus]
407 1974 444 2024 cf.
458 1974 562 2024 Caesar
580 1974 643 2024 bell.
665 1976 716 2025 civ.
737 1975 750 2023 I
767 1975 791 2023 2.
805 2000 836 2009 —
850 1973 978 2025 Valerius
992 1974 1127 2023 Maximus
1139 1972 1206 2021 VIII
1221 1969 1265 2033 10,
1286 1969 1315 2020 3:
1335 1968 1409 2018 ‘nam

270 2044 307 2093 M.
331 2044 429 2091 Cicero
453 2048 584 2107 quantum
607 2043 635 2091 in
657 2047 774 2108 utraque
798 2058 827 2091 rc
850 2043 956 2108 deque
978 2043 1113 2107 loquimur
1135 2039 1266 2090 momenti
1289 2039 1327 2087 sit
1349 2053 1409 2087 cra·

269 2113 346 2161 tione
369 2125 450 2175 quam
467 2126 516 2177 pro
535 2110 623 2160 Gallio
640 2111 738 2160 habuit
755 2110 926 2175 significauit
943 2111 976 2160 ll.
994 2110 1103 2160 Calidio
1122 2108 1277 2159 accusatori
1296 2104 1409 2171 exprob-

215 2185 220 2199 '
270 2179 370 2239 rande,
404 2179 474 2243 quod
496 2183 692 2243 praeparatum
714 2180 768 2229 sibi
796 2194 813 2228 a
840 2195 887 2228 reo
908 2193 1043 2229 uenenum
1071 2177 1188 2227 testibus
1219 2172 1410 2239 chirographis

271 2247 479 2312 quaestionibus
497 2247 674 2311 probaturum
693 2247 839 2296 adfirmans
857 2249 971 2297 remisse
990 2246 1067 2296 uultu
1090 2251 1119 2296 et
1141 2243 1272 2309 languida
1295 2257 1363 2291 uoce
1382 2246 1410 2289 et

270 2315 360 2365 soluto
379 2330 480 2379 genere
499 2315 632 2365 orationis
650 2328 714 2364 usus
733 2322 815 2377 esset,
834 2317 992 2380 pariterque
1011 2320 1040 2365 et
1057 2314 1173 2364 oratoris
1190 2312 1288 2361 uitium
1306 2309 1411 2359 detexit

272 2390 300 2433 ct
318 2397 420 2433 causae
438 2383 625 2447 periclitantis
644 2389 833 2448 argumentum
851 2384 957 2433 adiecit
974 2389 1059 2433 totum
1077 2382 1149 2431 hunc
1167 2380 1257 2430 locum
1275 2379 1316 2427 ita
1335 2377 1409 2427 clau-

272 2452 374 2501 dendo:
387 2450 430 2499 Τιι
440 2451 522 2513 istud,
536 2453 572 2500 M.
583 2450 685 2512 Calidi,
694 2452 748 2500 nisi
758 2451 887 2516 fingeres,
901 2454 942 2501 sic
955 2449 1081 2516 ageres‘l’
1098 2450 1134 2499 cf.
1149 2447 1248 2498 Cicero
1258 2448 1334 2496 Brut.
1350 2444 1409 2493 277.

356 2514 605 2583 ddfflierenymus
618 2518 660 2568 01.
676 2518 734 2581 1711,
746 2520 771 2567 2.
813 2519 977 2569 Calidianac
995 2520 1071 2569 vitae
1089 2518 1206 2567 inseruit
1217 2517 1409 2565 Mommscnus.

272 2588 420 2638 Suetonius
431 2588 499 2651 Aug.
518 2586 565 2635 su:
584 2588 725 2652 ‘magistro
744 2586 854 2636 dicendi
872 2602 937 2637 usus
949 2586 1114 2651 Apollodoro
1126 2587 1311 2650 Pergameno,
1331 2596 1410 2646 quem

259 2657 327 2726 *iam
351 2655 483 2721 grandem
506 2660 573 2703 natu
595 2654 768 2719 Apolloniam
791 2670 898 2720 quoque
921 2671 1014 2706 secum
1041 2655 1075 2704 ab
1098 2653 1167 2703 urbe
1189 2652 1298 2702 iuuenis
1322 2649 1410 2700 adhuc

273 2721 424 2774 eduxerat)
461 2722 497 2771 cl.
517 2722 705 2784 Quintilianus
724 2723 765 2771 III
786 2722 812 2783 1,
833 2723 862 2772 17
882 2739 921 2788 sq.

246 2844 251 2854 ,
357 2788 410 2845 dl‘
422 2791 606 2853 Hieronymus
625 2789 668 2840 Ol.
690 2789 751 2853 181,
770 2791 794 2840 4.
813 2792 961 2841 Suetonius
978 2790 1012 2840 de
1031 2806 1143 2855 gramm.
1163 2794 1191 2839 ct
1203 2789 1272 2838 rhet.
1285 2786 1331 2837 25:
1351 2760 1409 2835 ‘fin

272 2860 432 2924 Pompeium
445 2857 556 2923 quidam
568 2858 694 2908 historici
704 2858 878 2909 tradiderunt
889 2860 939 2909 sub
953 2860 1040 2924 ipsum
1053 2858 1138 2908 ciuile
1151 2857 1261 2918 bellum,
1276 2871 1327 2919 quc
1341 2854 1410 2903 laci-

270 2926 325 2976 lius
345 2927 374 2976 C.
394 2926 506 2975 Curioni
529 2922 733 2991 promptissimo
754 2928 848 2977 iuueni
873 2943 984 2977 eausam
1012 2927 1142 2976 Caesaris
1165 2924 1325 2975 defendenti
1349 2937 1412 2971 ceu-

271 2995 436 3056 tradiceret‚
454 2995 592 3058 repetisse
610 2984 784 3044 declamandi
802 2992 1047 3045 consuetudinem!
1082 2994 1230 3044 edidicere
1241 2994 1317 3041 Brut.
1336 3006 1360 3039 c.
1379 2987 1410 3037 81

272 3062 436 3112 VelleinsII
453 3061 496 3123 48,
514 3062 531 3113 3
548 3078 606 3127 sqq.
630 3062 736 3112 Plinius
754 3064 786 3112 N.
806 3064 839 3112 H.
859 3064 911 3112 VII
928 3062 959 3111 dl
979 3063 1094 3112 Tacitus
1107 3062 1172 3112 dial.
1193 3078 1215 3110 c.
1234 3059 1274 3110 37.
1306 3059 1412 3108 Caesar

274 3130 338 3180 bell.
363 3131 415 3179 civ.
439 3131 467 3179 II
489 3129 534 3179 42:
559 3130 698 3180 ‘hortatur
720 3131 866 3181 Curionem
889 3131 937 3180 Cn.
957 3132 1095 3180 Domitius
1113 3129 1271 3196 praelectus
1289 3127 1410 3192 equiturn

275 3213 336 3248 cum
359 3199 456 3263 paucis
480 3198 861 3262 equitibus'oircumsistens‚
885 3206 917 3249 ut
939 3199 1007 3265 fuga
1029 3198 1148 3248 salutem
1174 3201 1253 3263 petat
1277 3200 1359 3260 atque
1383 3194 1412 3242 in

275 3272 367 3316 castra
385 3267 535 3317 contendat
553 3303 599 3316 ...
620 3272 650 3317 at
668 3267 749 3318 Curio
772 3282 918 3332 numquam
940 3268 1041 3317 amisso
1066 3266 1189 3316 exercitu
1208 3280 1287 3330 quern
1306 3279 1323 3315 a
1341 3263 1412 3312 Cac-

274 3350 336 3384 sare
354 3333 419 3384 fidei
437 3350 505 3384 suae
523 3336 695 3387 commissum
714 3337 856 3400 acceperit
873 3352 903 3385 se
921 3335 950 3384 in
969 3336 1028 3385 eius
1048 3340 1224 3400 conspectura
1241 3345 1412 3383 reuersurum

273 3402 418 3522 ppnlgrpnat
435 3409 518 3466 atquc
536 3405 578 3452 itu
595 3404 735 3470 proelians
753 3398 940 3454 interficitur.'
976 3405 1011 3453 cf.
1031 3404 1095 3453 Livi
1119 3404 1184 3467 cpit.
1205 3398 1254 3450 110
1270 3400 1367 3450 Florus
1386 3397 1412 3446 II

308 3509 314 3533 ‚
369 3507 374 3519 .

359 3535 414 3592 58*
431 3539 614 3604 Hieronymus
628 3539 671 3589 01.
686 3539 747 3603 186,
763 3539 784 3589 1.
798 3540 905 3601 Seneca
917 3540 950 3589 de
963 3540 1055 3590 benef.
1069 3539 1155 3601 1125,
1170 3538 1198 3587 1:
1218 3536 1312 3587 ‘Nullo
1325 3534 1413 3599 magis

276 3606 423 3657 Gaesarem
434 3608 584 3672 Augustum
602 3609 735 3658 demeruit
753 3613 781 3658 et
799 3607 834 3657 ad
853 3607 909 3657 alia
922 3607 1086 3673 inpetranda
1098 3606 1209 3656 facilem
1223 3605 1277 3655 sibi
1294 3602 1414 3653 reddidit

275 3675 406 3735 Furnius,
431 3690 512 3739 quam
534 3676 605 3743 quod
624 3692 684 3726 cum
706 3677 780 3742 patri
796 3676 967 3727 Antonianae
985 3684 1078 3743 partes
1096 3681 1190 3725 secuto
1208 3674 1318 3723 ueniam
1337 3672 1413 3736 inpe-

276 3748 376 3792 trasset
394 3743 475 3792 dicit:
499 3744 580 3795 Hanc
603 3759 684 3794 unam
703 3746 806 3795 Caesar
822 3744 912 3795 habeo
930 3745 1059 3794 iniuriam
1077 3750 1166 3800 tuam:
1190 3742 1308 3792 effecisti
1325 3746 1355 3790 ut
1373 3740 1413 3788 ui·

276 3826 368 3860 uerem
386 3817 414 3860 et
431 3827 549 3862 morerer
566 3811 711 3877 ingratus)

361 3876 415 3932 tt*
437 3880 622 3945 Hieronymus
644 3880 686 3930 Ol.
714 3880 774 3944 195,
798 3881 823 3930 4.
857 3881 900 3931 De
923 3880 1057 3931 Pollionis
1081 3880 1194 3946 ingenie
1216 3878 1335 3927 iudicia:
1366 3876 1414 3924 Se·

277 3962 347 3996 neca
366 3963 424 3997 exc.
443 3954 564 4015 controv.
583 3949 640 3998 IIII
656 3951 744 4015 praef.
780 3950 811 3999 L.
832 3949 940 4000 Seneca
958 3951 1037 4015 epist.
1058 3947 1107 3996 100
1141 3945 1328 4009 Quintilianus
1346 3944 1371 3993 X
1392 3941 1414 4005 l,

279 4014 327 4065 113
361 4016 475 4065 Tacitus
493 4016 558 4075 dial.
577 4017 619 4066 21.
637 4017 678 4067 25.
697 4042 731 4053 -
748 4018 856 4068 Seneca
873 4032 946 4067 suas.
965 4018 1003 4067 VI
1020 4034 1046 4082 p.
1065 4015 1111 4079 38,
1132 4015 1161 4063 11
1182 4029 1253 4078 sqq.:
1273 4010 1414 4061 ‘Sextilius

277 4084 339 4132 Ena
357 4120 363 4132 .
378 4119 384 4133 .
398 4119 425 4133 ..
450 4085 498 4145 (de
521 4093 600 4136 morte
626 4084 770 4149 Cicerone)
794 4090 959 4135 recitaturus
987 4087 1016 4134 in
1039 4084 1118 4134 domo
1137 4080 1278 4134 Messalae
1301 4079 1414 4128 Cererini

277 4149 431 4201 Pollionem
448 4149 573 4203 Asinium
592 4153 779 4204 aduocauerat
802 4159 830 4204 et
852 4155 881 4202 in
904 4154 1039 4219 principio
1061 4151 1134 4201 hunc
1151 4164 1259 4199 uersum
1282 4163 1336 4197 non
1354 4148 1414 4195 sine

337 4312 342 4323 ¹
362 4300 380 4352 2
393 4291 571 4351 Placentiae
585 4293 685 4366 (Saul.)
702 4291 864 4352 Placentia
875 4294 903 4348 B
917 4287 930 4373 ll
946 4302 963 4355 3
976 4309 1085 4369 grecus
1101 4291 1129 4347 B
1143 4283 1157 4371 ΙΙ
1173 4286 1295 4347 Callidii
1312 4287 1412 4359 (Seni.)

278 4376 288 4460 ΙΙ
303 4391 320 4442 ὁ
334 4385 491 4457 prumptns
508 4380 535 4435 B
548 4372 562 4459 ll
576 4376 709 4441 8Furnii
722 4378 833 4436 PSeai.
847 4378 950 4436 Porcii
968 4379 994 4435 B
1006 4371 1020 4457 ll
1038 4386 1071 4437 10
1086 4374 1187 4434 Pullio
1205 4376 1232 4431 B
1246 4367 1260 4454 ΙΙ
1276 4370 1412 4432 consola-

278 4464 318 4524 ris
334 4466 361 4520 B
380 4459 394 4546 Η
414 4463 576 4522 Dalmatiis
591 4464 666 4519 Scae.
