3200 4992
579 445 622 494 aa
644 444 731 494 trata
754 443 970 491 tuursrmavs
1288 412 1343 488 131

205 610 319 688 postea
332 597 472 665 Romani
493 600 669 678 iusserunt,
692 619 733 662 nc
750 595 923 683 graphium
944 594 1084 661 ferreum
1105 594 1178 681 quis
1200 592 1346 659 baberet.

205 702 293 766 unde
322 709 355 765 et
375 701 462 787 apud
483 699 612 764 scribas
641 698 826 764 dicebatur:
863 703 984 761 ‘ceram
1014 695 1101 760 ferro
1130 718 1177 765 ne,
1196 695 1346 760 caedito?

206 810 322 888 postea
344 802 529 879 institutum
552 809 612 881 est,
634 798 674 863 ut
693 802 728 864 in
749 821 825 863 cera
839 797 967 863 ossibus
984 791 1175 878 scriberent,
1195 797 1281 860 sicut
1300 796 1348 859 in-

206 903 294 967 dicat
314 901 394 967 Atta
413 904 446 965 in
469 912 581 966 satura
600 901 728 965 dicens:
773 941 775 945 -
1234 904 1240 915 '

187 1031 199 1069 s
796 1082 800 1088 Δ
860 988 1034 1064 uertamus¹
1049 1000 1215 1063 udmcrem

333 1105 368 1167 in
392 1105 509 1185 ceram,
528 1124 570 1167 un
592 1123 745 1166 mucrone
768 1104 921 1187 quuam
944 1122 1072 1164 aremus
1096 1098 1215 1164 dssco?

207 1204 380 1291 graphium
410 1214 518 1268 autem
546 1203 689 1285 Graece,
717 1202 835 1265 Latine
862 1203 1067 1289 scriptorium
1097 1201 1225 1265 dicitur.
1272 1221 1347 1264 uam

207 1297 506 1392 ypapip'scripture
527 1313 586 1369 est.
631 1291 634 1297 ¹

287 1422 467 1498 ⁴Cartarum
502 1445 599 1486 vusum
638 1424 777 1507 primum
816 1423 988 1509 Aegyptus
1022 1422 1240 1504 ministrauit,
1279 1441 1350 1485 eoe-

174 1532 300 1610 ¹⁰ptum
327 1523 416 1610 apud
444 1523 686 1609 Memphitieam
714 1522 839 1587 urbem.
884 1525 977 1586 cuius
1006 1544 1128 1607 genera
1155 1544 1252 1609 quam
1281 1520 1352 1607 plu·

208 1625 291 1687 rima
325 1634 411 1687 sunt.
465 1625 571 1709 prima
601 1632 634 1686 et
668 1624 843 1708 praecipua
880 1625 1052 1708 Augustea
1089 1625 1181 1708 regia
1219 1624 1351 1687 maioris

209 1723 333 1790 formae
366 1725 400 1788 in
430 1725 584 1790 honorem
610 1725 783 1789 Octauiani
815 1727 957 1812 Augusti
986 1724 1160 1811 appellata.
1208 1724 1353 1789 secunda

210 1965 385 2030 paruulorum
403 1966 539 2014 nutrices:
559 1966 637 2029 ipsae
656 1966 723 2015 daut
742 1966 882 2031 ingenium
905 1967 999 2031 pueris
1023 1966 1172 2030 primordia
1190 1982 1286 2016 seusus
1305 1964 1352 2025 (ex

211 2035 337 2082 Drnmatt
361 2033 446 2095 retusi
476 2035 511 2082 ad
535 2033 697 2082 Gimtharinm
725 2036 772 2095 63)
801 2049 914 2098 quarum
943 2033 1092 2083 studium
1188 2033 1264 2083 est.‘
1308 2032 1351 2081 10:

213 2101 263 2149 ‘Dc
277 2101 372 2149 cartis.
403 2099 583 2148 Certatum
649 2100 774 2149 urbem.
796 2101 931 2166 Memphis
945 2101 1134 2167 enimciuitas
1148 2106 1190 2150 est
1202 2101 1352 2166 Acgyptio-

212 2181 279 2229 rum,
299 2166 346 2215 ubi
365 2172 459 2216 cartae
479 2180 542 2216 usus
561 2168 677 2232 primum
695 2168 825 2218 iuuentus
845 2176 895 2229 est,
915 2169 988 2216 sieut
1007 2169 1047 2216 ait
1064 2169 1209 2217 Lucanus:
1233 2167 1353 2218 Confici-

211 2238 256 2282 tur
278 2233 374 2283 bibula
395 2234 554 2299 Memphitis
582 2240 665 2283 carta
688 2250 801 2300 papyro.
843 2236 965 2284 bibulam
993 2241 1086 2283 nutem
1112 2250 1246 2300 papyrum
1273 2234 1352 2294 dixit,

212 2301 283 2367 quod
311 2301 451 2351 humorem
479 2301 559 2350 bibat
581 2304 634 2363 (ex
659 2304 737 2351 schot.
767 2304 864 2351 Lucan.
893 2302 961 2351 IIII
991 2305 1042 2351 135
1070 2302 1234 2366 deperdito).
1274 2309 1353 2351 carta

140 2412 146 2421 .
212 2374 305 2418 autem
323 2368 399 2418 dicta
418 2368 489 2432 quod
507 2370 624 2432 carptim
642 2371 740 2435 papyri
758 2376 870 2434 tegmen
888 2369 1048 2433 decerptum
1067 2370 1228 2434 glutinatur.
1257 2369 1353 2418 cuius

212 2452 340 2501 genera
436 2435 578 2485 idonea)
618 2436 664 2485 ll:
696 2438 752 2487 ‘De
775 2438 958 2502 pergamenis.
1005 2437 1272 2502 Pergameni
1299 2452 1351 2484 ox-

213 2504 469 2567 cogitaueruut.
516 2503 587 2553 unde
617 2510 645 2553 et
672 2519 900 2569 pergamenarum
931 2520 1029 2555 nomeu
1058 2504 1197 2569 hucusque
1225 2504 1352 2553 tradente

212 2571 266 2620 sihi
289 2567 454 2636 posteritate
478 2578 617 2620 seruatum
642 2580 684 2622 est
706 2570 759 2633 (em
778 2574 930 2637 Hieronymi
945 2588 986 2636 ep.
1010 2573 1046 2621 ad
1063 2570 1248 2634 Chrornatirun).
1279 2571 1353 2620 haec

213 2645 241 2687 et
261 2638 457 2705 membrana
481 2637 644 2703 dicuntur
719 2647 889 2689 recreent.
925 2640 1086 2689 membrana
1104 2646 1197 2689 autem
1216 2644 1265 2689 aut
1286 2653 1352 2689 can·

213 2705 280 2755 dida
303 2712 351 2754 aut
372 2705 450 2754 lutea
473 2710 522 2754 aut
543 2721 681 2771 purpurea
704 2713 776 2757 sunt.
818 2706 938 2757 candida
962 2707 1127 2756 naturaliter
1145 2708 1275 2757 existunt.
1311 2704 1351 2755 lu·

213 2778 287 2822 teum
305 2772 490 2822 membranum
508 2772 615 2822 bicolor
633 2779 683 2835 est,
703 2775 774 2838 quod
792 2790 809 2824 a
828 2775 986 2825 confectore
1005 2789 1060 2824 uua
1078 2775 1196 2839 tingitur
1213 2778 1304 2839 parte,
1325 2771 1353 2822 id

214 2846 256 2889 est
274 2846 410 2890 crocatur.
440 2839 474 2888 de
498 2854 550 2903 quo
572 2841 698 2891 Persius:
728 2842 787 2891 Iam
810 2841 881 2891 liber
905 2847 933 2892 et
955 2842 1053 2906 positis
1070 2840 1177 2891 bicolor
1194 2840 1354 2891 membrana

215 2906 333 2973 capillis.
369 2921 507 2971 purpurea
530 2923 596 2956 uero
619 2908 778 2959 inficiuntur
801 2910 893 2960 colore
908 2924 1061 3000 purpureo,
1086 2910 1114 2959 in
1137 2909 1236 2973 quibus
1259 2922 1354 2958 auriam

215 2980 243 3024 et
261 2980 406 3039 argentum
424 2975 581 3038 liquescens
599 2981 728 3039 patescat
745 2977 774 3026 in
792 2977 904 3026 litteris.
950 2977 1048 3026 ultima
1070 2993 1103 3025 ex
1125 2976 1287 3039 Hieronymi
1311 2991 1353 3039 ep.

217 3043 252 3092 ad
270 3042 458 3103 Eustochium,
477 3042 583 3091 relicua
602 3058 635 3092 ex
654 3043 760 3093 scholio
777 3044 856 3094 Persi
874 3044 917 3094 III
937 3042 968 3092 10
990 3044 1143 3108 deperdito.
1165 3070 1199 3080 —
1219 3044 1354 3105 Hierony·

215 3125 272 3160 mus
296 3125 338 3174 ep.
362 3109 415 3158 Vll
435 3109 470 3157 ad
487 3108 675 3159 Chromatium
697 3111 822 3161 Iovinum
841 3118 869 3161 et
886 3110 1035 3160 Eusebium
1054 3118 1117 3161 tom.
1136 3112 1150 3161 I
1172 3127 1199 3176 p.
1222 3110 1253 3159 18
1264 3108 1354 3159 Vall.:

216 3176 356 3227 ‘Chartam
383 3176 505 3226 defuisse
533 3193 587 3226 non
615 3184 680 3243 puto
706 3180 836 3244 ⁴Aegypto
860 3179 1034 3228 ministrante
1064 3178 1238 3228 commercia.
1280 3181 1310 3227 et
1331 3176 1356 3226 si

216 3243 321 3293 alieubi
337 3243 513 3294 Ptolemaeus
531 3246 620 3294 maria
644 3246 803 3307 claruisset,
827 3250 921 3295 tamen
945 3261 993 3295 rex
1010 3245 1119 3295 Attalus
1142 3244 1316 3297 membranas
1340 3258 1357 3293 a

215 3312 350 3376 Pergamo
370 3312 489 3374 miserat,
509 3320 540 3362 ut
557 3314 673 3377 penuria
692 3313 806 3362 chartae
824 3312 944 3379 pellibus
963 3320 1139 3379 pensaretur,
1158 3312 1231 3362 unde
1249 3317 1278 3362 et
1294 3326 1356 3375 per·

215 3393 394 3444 gamenarum
413 3394 511 3428 nomen
530 3379 564 3428 ad
587 3379 659 3429 hune
678 3395 763 3445 usque
782 3381 854 3430 diem
874 3381 1002 3430 tradente
1021 3380 1075 3431 sibi
1098 3380 1218 3429 inuicem
1240 3377 1358 3444 posteri·
1398 3384 1402 3391 '

215 3452 274 3496 tate
293 3452 433 3496 seruatum
452 3444 513 3495 ost!
531 3473 565 3481 —
583 3447 690 3496 Plinius
708 3448 740 3497 N.
758 3448 794 3498 Η.
812 3448 880 3497 xm
897 3446 931 3497 68
949 3464 1022 3512 sqq.:
1053 3448 1147 3498 ‘Prius
1164 3454 1257 3496 tamen
1276 3460 1356 3509 quam

216 3513 403 3579 digrediamur
420 3514 455 3563 ab
473 3514 599 3578 Aegypto
624 3520 651 3563 et
668 3516 767 3580 papyri
779 3520 879 3565 natura
891 3515 1007 3571 dicetur,
1025 3530 1086 3564 cum
1105 3512 1218 3565 chartae
1237 3528 1288 3562 usu
1300 3527 1357 3565 ma·

216 3597 295 3631 xume
313 3581 472 3631 humanitas
484 3583 560 3631 uitae
574 3587 684 3649 constet
708 3588 783 3633 certe
802 3583 942 3633 memoria.
973 3588 1002 3632 et
1014 3583 1086 3632 hanc
1098 3580 1248 3652 Alexandri
1260 3578 1357 3643 Magni

217 3649 337 3698 uictoria
355 3654 494 3713 repertam
512 3655 609 3698 auctor
628 3655 669 3700 est
686 3652 724 3699 M.
742 3651 837 3712 Varro,
857 3650 970 3717 condita
987 3652 1016 3700 in
1034 3650 1164 3714 Aegypto·
1180 3647 1357 3697 Alexandria.

218 3722 301 3766 antea
319 3732 373 3766 non
392 3715 478 3765 fuisse
497 3716 654 3766 chartarum
671 3733 757 3768 usum,
795 3719 823 3767 iu
846 3718 998 3783 palmarum
1017 3717 1093 3767 foliis
1111 3716 1199 3781 primo
1216 3715 1358 3780 scriptita-

217 3789 283 3847 tum,
301 3785 366 3834 dein
384 3783 554 3848 quarundam
573 3786 699 3835 arborum
717 3786 804 3836 libris.
840 3790 938 3851 postea
956 3784 1069 3852 publica
1086 3785 1254 3837 monimenta
1272 3783 1359 3847 plum-

306 4019 316 4069 l
333 4006 460 4082 grafium
474 4007 588 4064 Monac·
605 3999 651 4087 113
669 4018 716 4068 cst
727 4028 784 4087 ,una
801 4010 933 4081 Monac,
956 4010 1024 4068 add.
1042 4025 1119 4065 marr.
1139 4022 1197 4063 rec.
1213 3998 1227 4085 11
1243 4004 1274 4062 in
1289 4022 1362 4062 cera

219 4097 315 4167 culpo,
332 4094 383 4149 Ga.
400 4096 433 4147 3.-
448 4110 549 4149 ceram
565 4092 678 4151 Monac.
698 4096 752 4152 Ga.
770 4101 786 4152 1
801 4114 889 4153 cerae
906 4096 960 4152 ὅτι.
981 4086 1026 4172 211
1041 4090 1131 4149 sicuti
1145 4090 1198 4159 ua
1218 4084 1295 4166 2114
1312 4108 1359 4146 sa·

219 4174 302 4257 turs]
318 4197 341 4234 e.
359 4182 394 4233 12
404 4192 445 4248 sp.
459 4178 593 4233 Ribbeck.
609 4171 624 4259 11
638 4187 707 4239 fian
722 4198 865 4237 mucrone
878 4197 1019 4257 umquam
1036 4162 1224 4233 Ribbeclriris:
1244 4191 1361 4229 mucro·

219 4284 319 4345 neque
333 4264 442 4321 Isidori
458 4257 550 4341 librili
565 4262 690 4338 8grafia
711 4263 822 4319 Monac.
847 4257 852 4342 1
869 4258 930 4339 cst]
951 4260 1060 4318 dicitur
1077 4264 1130 4319 Gn.
1150 4261 1220 4315 2α1.
1236 4250 1281 4335 119
1300 4276 1336 4332 pr

209 4369 285 4419 ,mus
304 4354 357 4407 Gu.
382 4345 426 4427 211
446 4360 477 4411 ιο
495 4346 695 4424 memphicam
718 4349 772 4405 Ga.
799 4343 833 4425 21
858 4347 906 4404 eui
925 4349 978 4407 Ga.
1002 4343 1046 4422 111
1065 4355 1091 4404 tt
1116 4338 1229 4417 regida·
1245 4340 1351 4397 Monac

221 4432 233 4513 11
254 4445 284 4493 et
298 4434 421 4493 maioris
437 4434 552 4491 Monac.
567 4432 709 4488 Arcesius
727 4425 742 4513 11
760 4439 791 4491 12
812 4426 950 4488 octenni*
966 4428 1079 4487 Minue.

1115 4528 1160 4587 9*
