3200 4992
262 381 320 445 170
767 410 898 451 runrvu

257 559 365 614 autem
397 551 561 637 sapientes
597 556 714 638 partim
752 554 882 619 ciuilem
914 558 1031 642 partim
1064 558 1245 623 naturalem
1279 561 1398 645 partim

257 674 409 737 magnum
433 675 505 717 esse
521 654 686 717 dixerunt.
721 673 847 719 crvrnrs
870 674 984 721 nunvs
1007 667 1056 722 cst
1078 659 1183 746 quiin
1207 660 1397 725 buiusastri

256 776 390 818 recursu
412 778 470 840 por
496 777 624 819 menses
646 757 715 820 Xll
742 759 945 825 terminatur.
991 777 1103 823 annus
1127 778 1324 826 nn‘rvaauls
1347 776 1398 827 est

257 882 306 917 aa*
324 878 396 918 cnm
418 878 453 919 sc
475 854 536 920 soli
558 856 638 920 luna
660 861 813 944 supponit
834 869 871 924 ut
891 863 976 925 inter
999 861 1110 926 orbem
1131 862 1210 927 solis
1231 874 1263 927 ct
1285 863 1396 928 oculos

255 965 382 1020 nostros
405 958 512 1021 modia
536 957 624 1021 facta
645 959 796 1024 tenebras
823 963 924 1026 totius
952 963 1039 1028 orbis
1061 962 1203 1040 efficiat,
1234 965 1320 1050 quod
1348 964 1417 1028 dis

254 1059 339 1122 citur
361 1059 508 1145 eclipsis,
535 1060 626 1122 cuius
648 1063 732 1125 ratio
753 1061 876 1126 diutius
900 1064 1039 1128 obscura
1062 1064 1124 1128 luit
1146 1064 1203 1128 scd
1226 1087 1246 1128 a
1266 1063 1396 1129 Milesio

253 1160 391 1244 quodam
406 1159 597 1245 pbilosopho
610 1164 761 1247 exposita
773 1173 832 1227 est.
850 1181 963 1229 nunvs
977 1182 1118 1229 naeuus
1134 1166 1252 1230 dicitur
1265 1166 1395 1253 quando

253 1263 362 1362 omnia
380 1262 489 1326 sidera
510 1263 607 1326 certis
630 1264 829 1351 temporibus
847 1268 1053 1353 numerisque
1071 1268 1230 1353 conpletis
1242 1266 1284 1330 ad
1300 1288 1394 1330 suum

253 1435 292 1483 ab
311 1435 469 1485 solstitio
543 1435 716 1486 dixerunt.
736 1437 899 1489 Solstitialis
917 1453 1004 1488 annus
1024 1445 1065 1488 cst
1084 1454 1143 1488 cum
1163 1439 1203 1489 ael
1223 1438 1333 1503 expleto
1345 1456 1395 1505 per

252 1504 344 1551 omnia
363 1504 443 1567 signa
462 1504 579 1553 circuitu
598 1504 625 1552 in
650 1505 677 1553 id
701 1506 771 1554 ande
791 1506 954 1571 principium
973 1522 1066 1556 cursus
1085 1507 1127 1556 sni
1145 1507 1261 1571 sumpsit
1278 1508 1394 1556 recurrit

253 1572 301 1630 (ea
318 1571 435 1619 straba-oa.
454 1572 568 1620 nemnem.
589 1571 658 1621 IIII
676 1577 703 1627 5,
724 1576 784 1635 203
804 1574 862 1638 ipse
882 1580 924 1625 eat
942 1574 1040 1624 solaris
1060 1590 1146 1624 annus
1160 1575 1205 1623 uel
1225 1575 1326 1632 ciuilis,
1346 1574 1392 1638 qui

252 1638 349 1687 diebus
369 1639 513 1687 CCCLXV
531 1641 681 1703 peragitur.
717 1642 810 1690 Annus
833 1642 938 1690 lunaris
961 1641 1032 1690 idem
1058 1649 1086 1691 et
1110 1642 1260 1691 communis
1284 1646 1339 1703 cst,
1365 1641 1393 1690 Id

253 1712 294 1753 est
313 1706 358 1768 qni
377 1722 426 1770 por
444 1705 497 1755 XII
516 1722 623 1755 menses
642 1708 752 1757 lunares
770 1708 891 1758 decurrit
914 1709 942 1758 id
967 1716 1008 1759 est
1026 1709 1123 1758 dIebus
1142 1708 1302 1758 crentur.
1338 1710 1391 1757 rin—

253 1788 302 1821 nns
315 1773 489 1823 embolismus
513 1781 555 1822 est
574 1776 619 1838 qni
640 1774 718 1823 lunas
736 1776 805 1824 XIII
824 1782 851 1825 et
870 1777 929 1827 dics
948 1776 1161 1826 ccclixxxlss
1180 1777 1283 1826 babere
1302 1787 1390 1826 mons-

252 1846 353 1900 tratur,
379 1842 406 1889 in
431 1857 483 1904 quo
502 1857 573 1890 anuo
593 1842 701 1907 longius
719 1842 778 1892 dies
796 1844 918 1907 paschae
943 1844 1121 1909 protenditur.
1157 1844 1251 1893 Annus
1269 1844 1392 1893 bisextus

251 1915 294 1956 est
314 1909 340 1957 in
359 1924 412 1973 quo
431 1910 510 1958 unius
532 1910 588 1958 dici
607 1926 660 2025 quer
683 1911 890 1974 quadriennium
915 1928 946 1960 ca
971 1912 1132 1976 quadrantis
1156 1913 1263 1961 ratione
1287 1927 1392 1961 stimma

251 1975 399 2039 colligitur.
436 1978 528 2025 Annus
547 1977 684 2027 iubiaeua
702 1984 745 2027 est
763 1979 944 2039 remissionis,
970 1980 1016 2044 qui
1034 1981 1156 2044 septenis
1175 1994 1307 2029 annorum
1325 1979 1391 2028 hab-

250 2043 411 2093 domadibus
431 2044 458 2093 id
477 2051 519 2094 est
535 2045 667 2094 xnt'lllt
687 2047 766 2096 annis
784 2047 893 2105 teritur,
913 2048 941 2095 in
960 2063 1011 2112 quo
1029 2048 1107 2097 iuxta
1119 2046 1208 2111 legem
1222 2047 1391 2111 clangeban-

249 2118 293 2160 tur
311 2112 393 2162 tnbae
413 2113 494 2161 etad
513 2129 606 2162 omues
625 2114 816 2163 reuertebatur
840 2115 954 2178 antiqua
972 2115 1119 2179 possessio.
1155 2114 1333 2180 Olympias

250 2179 472 2229 lustrabatur.
497 2180 668 2230 Indictiones
681 2182 797 2231 Romani
814 2183 993 2243 inuenerunt,
1012 2196 1082 2247 quae
1101 2181 1286 2247 persingulas
1305 2196 1391 2231 annos

213 2282 217 2293 .
249 2247 388 2310 usquead
408 2248 530 2312 quiutum
548 2248 684 2298 decimum
701 2250 846 2299 uenientes
869 2265 961 2299 rursus
985 2250 1020 2299 ad
1038 2251 1118 2314 primi
1142 2250 1207 2299 anni
1225 2250 1390 2314 principium
1478 2280 1480 2283 -

248 2314 434 2364 reuoluuntur.
470 2316 543 2366 Aera
566 2331 673 2381 quoqne
692 2318 821 2366 Caesaris
839 2318 956 2381 Augusti
979 2324 1101 2382 tempore
1124 2319 1216 2383 posita
1240 2324 1294 2377 cst,
1314 2316 1390 2365 dieta

249 2388 340 2431 autern
360 2399 436 2442 aera,
456 2399 489 2432 ex
507 2398 560 2447 quo
578 2384 666 2433 omnis
684 2385 758 2435 orbis
777 2400 824 2434 aes
843 2384 956 2434 reddere
973 2387 1114 2450 professus
1133 2388 1175 2435 est
1192 2385 1233 2434 rei
1250 2380 1388 2450 publicae.

249 2465 316 2499 aera
335 2466 351 2499 a
370 2451 414 2499 die
429 2451 614 2501 Kalendarum
627 2452 817 2502 Ianuariarum
837 2453 985 2501 adcrescit.
1021 2452 1148 2503 Bisextns
1168 2458 1258 2502 autem
1278 2468 1294 2500 a
1312 2458 1389 2500 sento

247 2518 340 2567 Nonas
353 2519 469 2568 Martias
488 2534 573 2583 usque
593 2519 627 2568 ad
645 2520 717 2569 diem
735 2519 823 2585 pridie
837 2519 1023 2569 Kalendarum
1041 2521 1231 2570 Ianuariarum
1256 2520 1283 2569 in
1306 2518 1388 2568 lunae

248 2601 328 2634 cursu
348 2586 501 2650 adponitur.
538 2588 631 2636 Annus
650 2592 742 2636 autern
754 2588 953 2652 Aegyptiorum
971 2588 1031 2638 sinc
1051 2588 1157 2638 bisexto
1177 2589 1285 2637 initium
1304 2586 1389 2635 habet

248 2658 344 2716 quarto
363 2654 550 2703 Kalendarum
569 2656 779 2719 Septembrium,
799 2671 860 2703 cum
878 2656 987 2705 biserto
1006 2661 1098 2705 autem
1118 2671 1134 2704 a
1153 2657 1235 2704 tertIo
1249 2655 1388 2704 Kalenda-

247 2735 304 2769 rum
322 2736 405 2784 supra
424 2721 606 2784 scriptarum’
644 2723 679 2770 cf.
699 2723 820 2773 isidorus
833 2723 921 2787 origg.
942 2724 964 2771 V
977 2722 1010 2773 36
1027 2740 1067 2787 sq.
1080 2724 1117 2772 VI
1134 2723 1171 2771 17.
1186 2750 1218 2758 -
1230 2722 1389 2771 Macrobius

248 2803 344 2836 comm.
369 2788 430 2847 Ill,
454 2788 501 2837 83:
534 2790 615 2837 ‘Nam
638 2806 687 2853 per
709 2798 838 2855 septenes
862 2791 950 2841 octies
973 2791 1040 2841 solis
1063 2791 1205 2840 anfractus
1229 2790 1386 2853 reditusque

246 2856 447 2920 quinquaginta
466 2863 494 2904 et
512 2872 559 2904 sex
578 2858 718 2919 signifieat
730 2874 825 2919 annos,
846 2859 1002 2907 anfractum
1020 2859 1087 2909 solis
1105 2864 1133 2907 ct
1151 2858 1269 2907 reditum
1288 2872 1387 2906 annum

246 2937 362 2971 uorans:
383 2924 538 2972 anfractum
557 2930 667 2989 propter
685 2926 793 2976 zodiaci
813 2926 953 2985 ambitum,
973 2925 1090 2975 reditum
1109 2926 1173 2990 quia
1192 2925 1288 2974 eadem
1305 2924 1387 2987 signa

246 3005 294 3052 per
312 3005 397 3039 aranos
416 2991 538 3053 singulos
557 2998 635 3042 certa
653 2992 714 3058 lege
733 2993 868 3043 metitur.'
904 2994 1024 3043 Isidorus
1048 2994 1136 3058 origg.
1155 2993 1178 3040 V
1196 2990 1242 3054 36,
1271 2991 1296 3040 1:
1323 2992 1386 3040 ‘An-

245 3072 295 3106 nus
313 3064 356 3107 est
374 3058 440 3107 selis
458 3058 614 3119 anfractus,
641 3076 701 3110 cum
724 3063 845 3126 peractis
870 3061 1001 3109 trecentis
1019 3061 1093 3110 LXV
1111 3060 1207 3110 diebus
1231 3060 1265 3108 ad
1290 3058 1385 3108 eadem

244 3124 364 3174 siderum
382 3125 445 3175 loca
463 3125 553 3175 redit‘
579 3155 609 3162 -
634 3129 720 3178 Varro
740 3130 771 3178 L.
790 3130 822 3178 L.
843 3128 879 3176 VI
897 3128 926 3176 ὃς
947 3129 1033 3177 ‘Alter
1051 3134 1140 3178 motus
1159 3134 1201 3177 est
1218 3127 1285 3177 solis
1304 3126 1386 3176 aliter

245 3208 278 3241 ac
298 3193 371 3242 caeli
390 3194 460 3257 quod
478 3201 601 3243 morietur
623 3196 754 3246 abruma
776 3197 811 3246 ad
830 3196 979 3246 solstitium
998 3232 1092 3245 .......
1120 3204 1227 3260 tempus
1250 3210 1266 3244 a
1291 3195 1386 3243 bruma

244 3260 279 3309 ad
302 3261 424 3310 brumam
448 3262 510 3310 darm
534 3262 575 3312 sol
593 3263 665 3313 redit
682 3269 798 3314 uocatur
817 3278 917 3325 annus,
942 3264 1013 3327 quod
1035 3272 1064 3313 ut
1089 3264 1167 3328 parui
1191 3262 1288 3313 circuli
1310 3262 1385 3311 anuli

243 3328 284 3377 sic
303 3329 396 3394 magui
415 3328 579 3380 dicebantur
604 3333 716 3381 circites
740 3333 803 3393 ani,
826 3331 897 3381 unde
923 3329 1029 3380 annua’
1065 3333 1176 3381 Servius
1198 3331 1266 3380 Aen.
1289 3329 1384 3378 1269:

245 3396 347 3445 ‘Annus
371 3402 462 3446 autem
485 3397 574 3447 dictus
593 3400 672 3463 quasi
691 3414 795 3449 armuus
819 3400 907 3449 idest
930 3398 1046 3448 annulus
1070 3398 1140 3464 quod
1164 3400 1193 3446 in
1216 3413 1245 3446 se
1269 3395 1384 3446 redeat’

243 3463 356 3513 Servius
374 3464 441 3513 Aen.
461 3465 484 3511 V
502 3464 549 3514 tt:
570 3466 645 3530 ‘quia
663 3482 770 3517 menses
788 3468 818 3516 in
835 3483 864 3516 se
883 3473 995 3515 currunt
1012 3473 1040 3515 et
1059 3482 1159 3517 anuum
1177 3466 1293 3523 faciunt,
1313 3464 1384 3514 uude

243 3537 271 3580 et
290 3531 405 3580 annulus
424 3533 503 3595 quasi
522 3538 549 3583 et
568 3533 698 3584 annuus.’
734 3535 854 3585 Isidorus
872 3535 960 3598 origg.
979 3535 1002 3583 V
1020 3534 1065 3597 tt,
1093 3534 1103 3583 l
1124 3550 1196 3598 sqq:
1223 3534 1318 3581 ‘annus
1337 3547 1384 3580 au-

243 3606 297 3648 tem
316 3600 404 3648 dictus
423 3600 488 3663 quia
507 3602 646 3652 mensibus
664 3603 693 3651 in
711 3618 740 3651 se
760 3602 964 3651 recurrentibus
981 3603 1108 3651 uoluitur.
1139 3601 1209 3649 unde
1229 3605 1257 3649 et
1269 3599 1385 3648 annulus

242 3666 343 3716 dicitnr
362 3668 441 3732 quasi
460 3683 566 3718 annuus
584 3669 612 3718 id
631 3676 674 3720 est
692 3670 819 3731 circulus,
841 3670 911 3735 quod
930 3670 958 3718 In
981 3685 1011 3718 aa
1030 3670 1133 3719 redeat.
1172 3667 1317 3731 Virgilius:
1337 3666 1383 3716 At·

243 3750 294 3799 qne
318 3735 347 3783 in
371 3750 469 3785 sesua
492 3752 542 3801 per
559 3739 681 3801 uestigia
703 3737 824 3787 uoluitur
847 3753 941 3787 annus.
979 3737 1019 3785 sie
1043 3737 1115 3786 enirn
1140 3736 1211 3801 apud
1234 3735 1384 3799 Aegyptios

241 3802 417 3852 indicabatur
436 3810 500 3853 ante
520 3805 646 3855 inuentae
664 3805 774 3854 litteras
792 3806 867 3870 picto
879 3796 1129 3879 draconebaudam
1142 3819 1219 3852 suam
1234 3803 1382 3861 mordente,

241 3869 307 3932 quia
325 3871 352 3918 in
371 3887 400 3920 se
419 3874 544 3921 recurrit.
582 3872 631 3922 alii
650 3888 751 3922 annum
769 3873 864 3921 dicunt
881 3862 939 3921 α’πό
958 3870 1009 3921 aori
1026 3870 1226 3921 ανανεοῦσθαι
1240 3870 1268 3919 Id
1287 3875 1329 3919 est
1348 3870 1383 3917 ab

165 3968 171 3985 .
241 3938 430 3987 inuocatione:
460 3944 607 3988 renouatur
626 3941 697 3988 enim
716 3938 842 4003 semper.'
873 3940 910 3988 cf.
929 3940 1040 3989 Servius
1054 3941 1121 3988 Aen.
1142 3940 1163 3987 V
1175 3939 1209 3986 85
1239 3938 1331 3999 Lydus
1349 3936 1383 3985 de

239 4021 325 4055 mens.
344 4005 429 4055 1113.
465 4007 623 4056 Macrobius
642 4014 694 4056 sat.
714 4008 727 4056 1
749 4007 791 4071 [4,
811 4008 841 4057 5:
865 4008 948 4057 ‘Hinc
967 4013 995 4056 et
1013 4008 1110 4059 Ateius
1128 4007 1228 4070 Capito
1247 4020 1346 4053 anuum
1366 4019 1383 4052 a

327 4171 334 4219 1
354 4162 508 4235 sapientes
526 4158 628 4217 mnndi
645 4163 774 4219 Isidorus
797 4156 810 4241 ΙΙ
830 4170 947 4239 partem
962 4160 1001 4219 B¹
1015 4166 1058 4220 bis
1070 4156 1085 4279 ‚l
1100 4172 1116 4221 'I
1131 4160 1218 4219 unius
1235 4158 1270 4218 ΑΙ
1289 4158 1334 4245 ssa
1351 4163 1383 4220 ut

239 4264 305 4302 cum
329 4246 354 4299 B
375 4240 388 4321 ll
411 4265 444 4303 se.
462 4263 516 4300 om.
535 4248 559 4302 A
580 4238 593 4324 Η
615 4244 798 4324 subpoporrit
821 4242 855 4304 A*
880 4241 892 4323 ΙΙ
916 4256 945 4302 et
963 4268 1017 4306 ent.
1039 4249 1065 4301 B
1093 4242 1139 4327 1Ιὸ
1160 4245 1294 4325 eclypsis
1318 4252 1344 4305 B
1368 4240 1380 4325 ll

239 4325 252 4406 ll
270 4323 425 4386 melesiam
443 4325 479 4386 Al
498 4328 623 4388 melesia
635 4327 671 4387 Al
688 4331 837 4389 milesium
851 4328 891 4389 Bt
909 4327 923 4410 ΙΙ
944 4339 959 4393 7
976 4351 1035 4410 quo
1051 4335 1192 4390 Areoalat
1208 4332 1221 4408 'l
1235 4340 1253 4393 8
1269 4334 1383 4412 sydera

238 4416 265 4469 B
281 4409 294 4493 ΙΙ
310 4413 466 4490 completis
486 4417 510 4469 A
