3218 5000
264 404 326 465 270
478 417 710 459 svrrrmranrr
734 418 820 458 mam
846 417 888 459 nn
913 416 1039 459 cannas
1060 414 1200 459 vnsrrru

265 574 294 617 et
317 567 437 617 artifices
462 569 508 632 qui
530 567 558 615 id
582 566 688 615 iaciunt
710 566 880 630 Phrygiones
908 567 1043 616 dicuntur.
1076 566 1223 631 Virgilius:
1253 566 1403 631 Phrygiam

264 636 443 697 chlamydem.
481 634 579 683 trilicis
602 650 619 682 a
642 633 729 683 tribus
752 634 825 683 liciis
849 635 914 699 quia
939 640 981 683 est
1003 634 1120 699 simplex
1144 640 1172 683 et
1189 634 1291 699 biplex.
1333 635 1404 684 ralla

264 719 334 768 quae
353 704 434 766 uulgo
453 702 547 751 rasilis
570 702 680 750 dicitur.
716 701 853 765 interpola
876 702 962 751 uestis
981 702 1030 751 illa
1048 707 1176 763 uocatur,
1198 718 1268 766 quae
1287 702 1348 751 dum
1367 704 1404 751 sit

260 776 342 820 uetus
366 770 401 818 ad
424 785 523 819 nouam
542 770 662 833 speciem
680 776 830 818 recuratur.
866 771 1007 833 pannucia
1025 774 1200 834 nuncupata,
1220 770 1291 834 quod
1309 772 1346 819 sit
1363 770 1403 819 di·

261 839 351 887 uersis
370 838 470 902 pannis
488 838 588 887 obsita.
626 835 761 886 colobium
779 836 896 897 dictum,
917 837 983 901 quia
1001 837 1112 901 longum
1131 842 1173 885 est
1192 841 1220 885 et
1237 838 1296 886 sine
1315 839 1402 887 mani·

261 907 311 954 cis.
348 905 453 969 antiqui
475 906 547 954 enim
566 905 655 966 magis
674 904 724 952 hoc
742 902 909 952 utebantur!
945 902 986 954 23.
1012 905 1067 954 ‘De
1091 904 1215 953 uestibus
1234 905 1403 969 quarundam

261 972 403 1038 gentium!
441 972 452 1021 l
478 988 551 1037 sqq:
583 971 762 1032 ‘Quibusdam
790 977 882 1020 autem
910 972 1067 1021 nationibus
1095 987 1147 1020 sua
1170 974 1269 1037 cuique
1293 974 1403 1037 propria

260 1042 346 1090 uestis
370 1045 425 1101 est,
454 1046 484 1089 nt
507 1038 616 1089 Parthis
643 1039 778 1088 sarabara
802 1039 891 1088 Gallis
914 1039 995 1088 lenae
1025 1039 1170 1088 Germanis
1193 1039 1328 1089 rhenones
1353 1040 1402 1088 Hi·

260 1109 354 1173 spanis
388 1108 508 1173 stringes
541 1106 635 1155 Sardis
669 1111 834 1156 mastrucae.
884 1107 1019 1156 sarabara
1052 1113 1116 1156 sunt
1147 1108 1221 1155 fluxa
1258 1123 1292 1157 ac
1328 1108 1401 1156 sinu·

260 1191 310 1225 osa
331 1176 505 1224 uestimenta.
598 1173 748 1223 Publilius:
773 1174 809 1223 Vt
827 1175 892 1239 qnid
910 1190 976 1238 ergo
994 1175 1023 1223 in
1046 1179 1141 1224 uentre
1168 1180 1215 1223 tuo
1237 1175 1336 1224 Parthi
1358 1191 1403 1224 sa-

259 1244 362 1293 rabara
384 1243 602 1307 suspenderunt?
630 1242 702 1306 apud
730 1240 861 1305 quosdam
890 1248 981 1291 autem
1009 1243 1144 1291 sarabara
1168 1242 1303 1306 quaedam
1326 1245 1403 1307 capi-

258 1316 317 1360 tum
339 1312 461 1375 tegmina
484 1316 690 1374 nuncupentur,
714 1309 808 1373 qualia
833 1309 958 1359 uidemus
981 1310 1010 1358 in
1033 1311 1126 1374 capite
1150 1324 1292 1373 magorum
1315 1312 1400 1374 picta.

259 1379 341 1428 lenae
365 1394 435 1443 saga
458 1378 562 1442 quadra
580 1383 609 1427 et
631 1377 726 1426 mollia
740 1381 811 1425 sunt.
843 1377 877 1425 de
895 1377 993 1440 quibus
1011 1377 1139 1426 Plautus:
1159 1379 1257 1426 Laena
1272 1382 1402 1442 cooperta

260 1452 303 1496 est
325 1447 447 1495 textrina
466 1444 586 1494 Gallica.
626 1444 762 1493 rhenones
785 1448 848 1494 sunt
870 1444 1011 1493 uelamina
1033 1443 1204 1494 humerorum
1227 1451 1257 1493 et
1279 1447 1401 1510 pectoris

258 1528 345 1577 usqne
369 1514 405 1563 ad
426 1513 584 1562 umbilicum
608 1516 690 1576 atque
714 1512 824 1561 intortis
848 1511 923 1561 uillis
946 1512 1016 1561 adeo
1034 1510 1158 1576 hispida,
1177 1518 1208 1561 ut
1225 1513 1326 1562 imbres
1343 1528 1400 1563 res·

257 1586 359 1646 puant,
380 1596 446 1645 quos
463 1579 547 1643 uulgo
564 1584 655 1644 reptos
672 1584 776 1629 nocant
794 1595 826 1628 eo
845 1578 917 1643 quod
934 1579 1074 1643 longitudo
1092 1578 1217 1629 uillerum
1237 1582 1317 1644 quasi
1339 1597 1400 1646 rep-

259 1653 315 1709 tat,
335 1648 368 1697 de
388 1648 487 1712 quibus
505 1648 667 1698 Sallustius:
693 1646 824 1696 Germani
843 1648 978 1696 intectum
995 1646 1164 1696 rhenonibus
1183 1662 1281 1712 corpus
1293 1653 1399 1713 tegunt.

260 1716 328 1765 dicti
352 1720 444 1764 autem
466 1715 602 1765 rhenones
626 1730 643 1763 a
660 1714 755 1764 Rheno
774 1714 940 1763 Germaniae
962 1715 1087 1775 flumine,
1110 1715 1159 1764 nbi
1181 1715 1216 1763 iis
1240 1716 1400 1780 frequenter

259 1788 380 1832 utuntur.
399 1788 539 1833 mastruca
556 1783 643 1831 uestis
656 1781 743 1831 Sarda
762 1798 796 1831 ex
814 1781 954 1847 pelliculis
971 1782 1101 1843 ferarum,
1120 1782 1154 1831 do
1173 1797 1227 1846 qua
1240 1783 1338 1833 Cicero
1351 1799 1399 1849 pro

258 1851 377 1900 Scauro:
397 1850 485 1913 Quem
502 1865 623 1916 purpura
640 1849 744 1915 regulis
762 1865 815 1899 non
834 1850 993 1912 commouit,
1013 1865 1074 1899 eum
1092 1848 1238 1898 Sardorum
1261 1856 1400 1901 mastruca

260 1919 396 1967 mutauit?
415 1924 555 1967 mastruca
573 1922 666 1967 antem
688 1918 765 1967 dicta
788 1921 866 1981 quasi
884 1922 1070 1979 monstruosa,
1098 1932 1131 1966 eo
1150 1917 1220 1981 quod
1240 1919 1287 1982 qui
1305 1934 1340 1968 ea
1358 1920 1398 1967 in·

258 1986 378 2036 <luuntur
401 1987 481 2050 quasi
506 1987 536 2035 in
559 1987 679 2035 ferarum
700 1984 825 2034 habitum
850 1984 1098 2035 transformentur.‘
1118 2000 1142 2033 e.
1168 2001 1193 2049 q.
1212 2001 1234 2035 s.
1274 1985 1316 2034 24.
1347 1986 1399 2035 ‘De

257 2053 352 2118 palliis
369 2052 509 2103 uirorum!
530 2053 558 2102 l:
577 2053 704 2103 ‘Pallium
723 2057 774 2113 est,
794 2068 846 2116 quo
864 2051 1080 2101 ministrantium
1098 2054 1231 2116 scapulae
1249 2058 1398 2118 contegun-

257 2127 309 2185 tur,
324 2126 354 2170 ut
372 2122 433 2171 dum
452 2122 610 2170 ministrant
623 2120 745 2185 expediti
763 2121 927 2169 discurrant.
955 2120 1084 2169 Plautus:
1104 2121 1211 2185 Siquid
1225 2122 1399 2183 iacturuscs,

258 2189 383 2253 appende
408 2191 437 2238 in
459 2188 579 2237 humeris
603 2189 718 2252 pallium
741 2192 770 2236 et
792 2192 893 2253 pergat
915 2193 1047 2252 quantum
1069 2188 1147 2238 ualet
1169 2192 1275 2237 tuorum
1298 2189 1398 2253 pedum

256 2254 427 2321 pernicitas.¹
463 2255 493 2305 a:
513 2255 750 2305 ‘Paludamentum
763 2260 824 2306 erat
842 2256 949 2319 insigne
968 2256 1083 2320 pallium
1101 2257 1296 2320 imperatorum
1314 2272 1398 2306 cocco

256 2339 431 2389 purpuraque
451 2329 479 2372 et
497 2339 563 2374 auro
582 2324 750 2373 distinctum.
787 2321 820 2371 de
839 2330 898 2387 quo·
911 2323 1071 2373 Sallustius:
1090 2325 1211 2389 Togam,
1231 2324 1329 2388 inquit
1349 2339 1396 2388 pa·

256 2391 415 2442 ludamento
434 2390 570 2440 mutauit)
613 2390 656 2439 12:
682 2390 739 2441 ‘est
757 2395 848 2439 autem
871 2392 958 2440 uestis
976 2390 1105 2441 militaris
1122 2393 1170 2453 (sc.
1189 2392 1300 2455 rupuar),
1321 2393 1398 2441 cuius

255 2474 321 2509 usus
339 2459 450 2525 gallicis
470 2461 587 2524 primum
609 2457 830 2524 expeditionibus
853 2460 947 2522 coepit
970 2475 985 2508 e
1011 2458 1115 2523 praeda
1138 2459 1242 2509 hostili.
1283 2459 1316 2508 de
1344 2474 1398 2523 qus

257 2532 300 2576 est
317 2542 370 2577 uox
387 2527 438 2576 illa
454 2533 580 2577 senatus:
770 2528 778 2543 ‘

391 2593 464 2660 togis
483 2592 618 2659 depdsitis
636 2592 759 2655 Quirites
777 2591 815 2643 lte
835 2592 870 2643 ad
888 2592 957 2660 siga
976 2592 1112 2658 [conuersi
1130 2592 1261 2659 fuerunt}

259 2660 302 2712 1³:
327 2661 434 2727 ‘sagum
458 2668 548 2712 antem
572 2677 670 2710 nomen
694 2661 826 2726 gallicum
849 2658 910 2710 est)
946 2662 988 2711 25.
1020 2663 1075 2711 ‘De
1097 2663 1191 2727 palliis
1214 2663 1397 2712 feminarum)

259 2729 285 2779 l:
305 2728 453 2794 ‘Regillum
477 2736 519 2779 est
541 2729 714 2794 praelautum
737 2730 894 2793 reginarum
918 2729 1065 2779 amiculum
1163 2729 1272 2795 peplum
1296 2737 1396 2779 matro-

257 2796 321 2846 nale
339 2796 454 2861 pallinm
473 2813 506 2845 ex
523 2811 643 2861 purpura
661 2797 813 2861 signatum,
833 2797 911 2846 euius
929 2796 1053 2846 fimbriae
1073 2798 1164 2847 aureis
1182 2798 1307 2847 staminis
1325 2813 1397 2847 sum-

256 2865 353 2913 mitate
366 2862 563 2930 resplendent)
588 2863 670 2928 3sq.:
690 2864 777 2913 ‘Stola
790 2863 942 2914 matronale
955 2866 1164 2929 operimentum,
1183 2865 1255 2930 qnod
1267 2871 1396 2930 cooperto

256 2933 348 2996 capite
371 2938 400 2980 et
421 2932 537 2996 scapula
561 2948 577 2981 a
601 2931 695 2980 dextro
719 2933 807 2981 latere
826 2933 855 2981 in
874 2931 982 2981 laeuum
1001 2931 1141 2982 humerum
1165 2934 1289 2982 mittitur.
1324 2933 1396 2983 stola

256 3005 348 3048 autern
367 2997 474 3048 Graece
492 2992 620 3061 uocatur,
647 2999 718 3064 quod
741 3001 955 3064 supermittatur.
998 3001 1093 3050 cadem
1118 3005 1145 3049 et
1162 3002 1290 3049 ricinium
1306 3000 1395 3050 latino

255 3066 366 3115 nomine
385 3067 563 3131 appellatum,
589 3083 622 3117 eo
641 3067 712 3132 quod
730 3067 844 3116 dimidia
863 3068 922 3117 eius
934 3082 999 3132 pars
1011 3072 1083 3118 retro
1097 3069 1214 3130 crinitur,
1229 3068 1299 3132 quod
1312 3068 1394 3133 uulgo

255 3138 406 3184 mauortem
424 3134 528 3184 dicunt.
564 3140 693 3185 uocatam
712 3141 803 3184 autem
822 3135 917 3184 dicunt
928 3140 1078 3185 mauortem
1093 3137 1171 3201 quasi
1184 3142 1308 3185 martem.
1339 3137 1394 3200 sig-

254 3216 318 3251 num
347 3203 420 3252 enim
446 3201 583 3252 maritalis
612 3202 758 3268 dignitatIs
782 3207 810 3251 et
832 3203 978 3267 potestatis
1005 3204 1034 3252 in
1059 3220 1091 3254 eo
1117 3209 1166 3254 est.
1212 3210 1296 3268 caput
1323 3204 1394 3251 enim

254 3270 377 3319 mulieris
402 3271 445 3319 uir
470 3277 526 3333 est,
550 3271 613 3320 inde
633 3277 661 3320 et
678 3285 761 3336 super
778 3275 862 3335 caput
880 3270 1001 3319 mulieris
1020 3270 1081 3320 est!
1116 3270 1158 3320 26.
1189 3270 1245 3320 ‘De
1259 3276 1348 3321 stratu
1367 3277 1394 3320 et

254 3338 367 3403 reliquis
390 3353 461 3403 quae
485 3339 513 3387 in
535 3353 586 3387 usu
609 3336 764 3389 habentur.'
805 3339 834 3386 h:
864 3338 986 3403 ‘Tapeta
1009 3339 1085 3388 dicta
1108 3339 1179 3403 quod
1201 3339 1317 3403 pedibus
1339 3340 1393 3401 pri-

254 3421 325 3455 mnm
349 3411 538 3455 sternerentur
560 3408 639 3471 quasi
663 3406 784 3470 tapedia.
825 3405 898 3470 psile
926 3410 1023 3471 tapeta
1051 3422 1084 3456 ex
1111 3422 1166 3456 una
1193 3412 1272 3471 parte
1295 3406 1395 3455 uillosa

340 3474 502 3539 amphitapa
526 3489 559 3523 ex
580 3480 695 3539 utraque
717 3478 797 3538 parte
815 3473 916 3523 uillosa
934 3478 1039 3538 tapeta.
1075 3474 1213 3523 Lucilius:
1241 3474 1334 3523 l‘silae
1352 3479 1392 3523 at·

254 3556 306 3606 que
326 3541 503 3606 amphitapae
521 3541 596 3591 uillis
614 3542 771 3606 ingentibus
789 3539 904 3590 molles’
939 3541 981 3590 27.
1007 3542 1063 3590 ‘De
1082 3540 1174 3590 lanis!
1204 3539 1245 3589 28.
1271 3541 1329 3591 ‘De
1349 3557 1393 3591 co-

161 3653 171 3669 ,
252 3607 356 3659 loribus
373 3606 511 3659 uestium'
547 3608 590 3660 29.
620 3610 671 3658 ‘De
690 3608 876 3657 instrumentis
894 3607 1032 3658 uestium’
1067 3607 1109 3658 ³0.
1134 3609 1186 3658 ‘De
1205 3607 1393 3659 ornamentis)

255 3676 267 3725 l
287 3692 359 3741 sqq:
380 3677 534 3726 ‘Hactenus
552 3676 585 3727 de
602 3682 696 3738 ueste;
714 3676 815 3726 dehinc
834 3676 870 3725 ad
882 3681 1003 3726 ceterum
1017 3677 1118 3726 cultum
1130 3678 1283 3726 ueniamus.
1313 3692 1393 3726 orna-

253 3752 347 3793 menta
365 3744 454 3808 dicta,
480 3745 551 3809 quod
570 3760 662 3794 eorum
681 3744 757 3794 cultu
779 3759 829 3793 ora
850 3744 997 3809 uultusque
1015 3744 1187 3795 decorentur.
1217 3745 1333 3809 primum
1351 3760 1392 3794 or·

253 3818 410 3862 numentum
430 3828 532 3863 corona
549 3813 658 3878 insigne
675 3812 812 3862 uictoriae
836 3814 894 3861 siue
918 3814 989 3878 regii
1007 3812 1117 3862 honoris
1135 3813 1255 3877 signum:
1276 3827 1346 3877 quae
1364 3814 1393 3861 in

254 3881 346 3944 capite
370 3896 466 3945 regum
488 3881 612 3946 ponitur,
642 3881 677 3929 ad
704 3880 902 3945 significandos
925 3880 1105 3930 circumfusos
1128 3882 1158 3928 in
1180 3880 1246 3929 orbe
1267 3880 1391 3945 populos,

253 3948 351 4012 qulbus
375 3951 520 3999 accinctus
543 3950 622 4013 quasi
646 3954 731 4014 caput
752 3963 831 3998 suum
854 3948 978 4012 (corona)
1001 3953 1156 3998 coronatur.
1203 3948 1274 3997 haec
1298 3963 1315 3997 a
1337 3949 1392 3997 Lu·

245 4015 318 4065 'cilio
343 4016 446 4066 corolla
471 4017 506 4065 ab
529 4016 648 4067 Homero
672 4008 801 4082 στεφάνη
828 4016 904 4066 dicta
927 4020 978 4064 est.
1014 4016 1094 4065 huius
1117 4016 1282 4081 principium
1306 4032 1323 4066 a
1345 4016 1392 4064 Li·

253 4084 319 4133 bero
337 4085 455 4150 quodam
473 4084 592 4149 gentiles
612 4085 779 4145 existimant,
805 4083 918 4147 quodie
936 4085 965 4132 in
982 4084 1103 4147 potando
1120 4089 1195 4133 mota
1213 4085 1278 4133 uino
1297 4084 1392 4147 capita

253 4153 358 4203 uincire
378 4152 503 4201 fasciolis
521 4152 812 4213 instituerit3‘idcirco
836 4152 901 4201 olim
924 4151 992 4200 linei
1016 4156 1045 4200 et
1067 4151 1141 4203 lanei
1161 4153 1271 4216 generis
1290 4166 1391 4201 corona

252 4221 314 4281 fuit,
335 4221 409 4269 sicut
427 4225 487 4268 erat
506 4220 534 4267 in
552 4217 742 4270 sacerdotibus
754 4219 907 4284 gentilium.
938 4233 1037 4268 nomen
1050 4235 1168 4269 coronae
1181 4219 1234 4269 hac
1253 4235 1287 4268 ex
1305 4234 1391 4267 causa

251 4293 396 4351 uocatum,
421 4286 493 4351 quod
516 4286 595 4336 initio
619 4289 721 4337 circum
741 4302 804 4336 aras
823 4291 991 4348 curreretur,
1016 4292 1098 4350 atque
1118 4287 1152 4335 ad
1171 4288 1320 4351 imaginem
1338 4286 1390 4335 cir·

252 4357 343 4405 cuitus
366 4354 413 4404 uel
436 4354 512 4403 chori
536 4360 578 4403 est
599 4355 717 4404 formata
742 4360 770 4404 et
792 4355 934 4404 nominata
958 4368 1059 4402 corona
1083 4352 1129 4416 (rs.
1154 4354 1248 4404 Paulus
1271 4355 1343 4403 Festi
1362 4370 1389 4417 p.

252 4427 296 4475 ii.
315 4426 371 4489 63).
407 4423 587 4485 imperatores
604 4423 720 4473 Romani
743 4428 772 4471 et
794 4437 874 4487 reges
892 4421 1002 4485 quidam
1025 4422 1148 4484 gentium
1168 4422 1259 4470 aureis
1282 4422 1391 4471 coronis
