3200 4992
247 409 305 476 130
616 425 658 471 ua
681 424 769 472 stass
791 424 1006 472 innueramus

121 583 221 657 102*
323 579 423 666 Apud
440 578 584 644 Graecos
605 576 836 642 bibliothecam
856 576 980 663 primus
993 575 1174 639 instituisse
1191 571 1384 651 Pisistratus

244 681 388 746 creditur
401 680 651 743 Atheniensium
662 687 832 764 tyrannus,
849 697 946 763 quam
959 675 1112 763 deinceps
1126 678 1167 741 ab
1179 676 1387 740 Atheniensi-

247 785 307 847 bus
318 790 448 846 auctam
461 782 591 845 Xerxes
603 780 746 844 incensis
760 779 899 842 Athenis
911 778 1023 842 auexit
1034 778 1067 840 in
1081 777 1208 859 Persas,
1224 776 1386 862 longoque

243 892 318 969 post
330 893 474 969 tempore
487 880 642 945 Seleucus
653 879 797 944 Nicanor
806 901 919 943 rursus
936 880 967 941 iu
982 877 1154 942 Graeciam
1166 878 1288 943 retulit.
1312 880 1388 942 hinc

245 984 388 1048 studium
403 982 535 1067 regibus
547 982 748 1068 urbibusque
760 982 877 1045 ceteris
887 988 1000 1044 natum
1013 989 1062 1043 est
1074 979 1285 1067 comparandi
1296 978 1386 1043 uolu·
1396 1007 1418 1058 a,

244 1086 344 1147 mina.
366 1084 486 1147 dehinc
501 1104 640 1168 magnus
653 1082 844 1146 Alexander
855 1083 909 1145 uel
923 1083 1210 1145 successores'eius
1225 1082 1387 1145 instruen-

159 1228 166 1232 -
244 1186 295 1249 dis
308 1185 451 1249 omnium
466 1184 622 1249 librorum
634 1184 841 1273 bibliothecis
856 1184 999 1246 animum
1012 1183 1232 1265 intenderunt,
1245 1183 1387 1246 maxime

245 1286 451 1351 Ptolemaeus
474 1295 688 1369 cognomento
705 1283 957 1370 Philadelphus3
984 1305 1059 1347 nam
1076 1285 1283 1371 septuaginta
1297 1282 1388 1345 milia

244 1387 404 1469 librorum
426 1386 522 1450 buius
544 1385 744 1473 temporibus
765 1384 988 1449 Alexandriae
1006 1387 1142 1474 inuenta
1161 1394 1245 1449 sunt.

331 1488 467 1551 Romam
489 1488 612 1573 primus
634 1487 791 1550 librorum
812 1487 939 1572 copiam
968 1486 1105 1549 aduexit
1125 1486 1284 1551 Aemilius
1306 1491 1423 1571 Pau-¹⁰

247 1589 297 1653 lus
318 1588 419 1652 Perse
436 1587 653 1652 Macedonum
675 1609 752 1671 rege
775 1588 920 1668 deuicto,
944 1586 1062 1650 deinde
1083 1587 1242 1651 Lucullus
1265 1610 1282 1652 e
1305 1588 1388 1651 Pon·

246 1692 315 1753 tica
339 1689 473 1777 praeda.
496 1697 571 1776 post
593 1689 652 1753 hos
672 1688 795 1752 Caesar
816 1687 907 1752 dedit
927 1688 1038 1751 Marco
1058 1687 1199 1752 Varroni
1223 1690 1388 1773 negotium

247 1812 345 1876 quam
364 1791 529 1854 maximae
546 1789 766 1855 bibliothecae
785 1789 1033 1857 construendae.
1048 1791 1188 1877 primum
1203 1799 1312 1853 autem
1326 1788 1389 1853 Ro·
1462 1840 1465 1845 .

247 1914 320 1956 mae
339 1891 554 1955 bibliothecas
568 1888 751 1976 publicauit
765 1890 870 1955 Pollio
894 1892 914 1969 †
932 1891 1008 1955 hinc
1027 1912 1163 1979 graecas
1178 1890 1274 1954 simul
1291 1900 1389 1977 atque

249 1992 367 2057 latinas
392 1992 514 2056 additis
537 2001 704 2061 auctorum
726 1992 926 2076 imaginibus
953 1993 986 2056 in
1008 1993 1112 2070 atrio,
1145 1992 1232 2078 quod
1260 1992 1424 2057 demo-1⁵

247 2094 358 2158 nubiis
378 2092 738 2179 magnificentissimum
761 2095 974 2157 instruxerat.

141 2191 238 2265 103*
291 2234 297 2244 .
331 2194 487 2259 Ceratum
522 2194 666 2258 studium
701 2195 798 2280 primi
829 2195 951 2259 Gracci
981 2193 1158 2257 tradidisse
1195 2194 1388 2282 produntur.

249 2298 368 2363 Graeci
396 2306 504 2359 autem
532 2305 564 2359 et
591 2294 692 2359 Tusci
719 2297 860 2382 primum
887 2295 973 2359 ferro
1004 2296 1038 2359 in
1066 2297 1150 2359 ceris
1179 2297 1389 2382 scripserunt,

684 2408 702 2433 ο

335 2465 405 2520 102*
419 2468 540 2518 Isidorus
553 2468 640 2532 origg.
659 2467 697 2515 VI
716 2466 744 2517 3:
765 2468 817 2517 ‘Dc
836 2434 1022 2517 bibliosscis.
1053 2467 1231 2516 Bibliotheca
1249 2467 1389 2517 atlraoco

249 2552 347 2587 nomen
376 2537 488 2600 accepit
512 2536 547 2584 ab
571 2551 604 2584 ee
632 2535 703 2599 qued
725 2535 766 2583 ibi
795 2535 981 2584 recondantur
1007 2533 1081 2584 libri.
1122 2550 1185 2583 nam
1214 2532 1331 2599 βιβλίων
1357 2535 1390 2583 Ιί-

247 2606 357 2655 brorum
380 2596 460 2668 θήκη
483 2602 614 2667 repositio
637 2603 844 2666 interpretatur.
881 2602 1080 2652 bibliothecam
1103 2603 1207 2651 ueteris
1230 2603 1391 2651 testamenti

248 2672 350 2722 Esdras
369 2671 462 2720 scriba
486 2674 547 2734 post
570 2671 713 2718 iucensam
732 2669 822 2734 legem
847 2684 864 2717 a
886 2668 1051 2732 Chaldaeis,
1076 2669 1139 2718 dum
1156 2669 1254 2718 Iudaei
1273 2671 1392 2735 regressi

250 2740 368 2788 fuissent
397 2739 426 2787 in
447 2735 638 2798 Hierusalem,
672 2736 765 2785 diuino
796 2737 906 2786 afflatus
934 2738 1034 2801 spiritu
1063 2737 1204 2801 reparabit
1235 2743 1390 2803 cunctaque

248 2807 321 2871 legis
351 2821 384 2855 ac
413 2804 607 2869 prophetarum
637 2803 779 2852 uolumina
819 2818 890 2867 quae
922 2805 1032 2853 fuerant
1057 2819 1073 2852 a
1098 2805 1227 2868 gentibus
1262 2810 1391 2869 corrupta

250 2874 370 2923 correxit
391 2878 531 2935 totumque
556 2876 636 2920 uetus
654 2876 849 2920 testamentum
867 2872 896 2920 in
914 2872 1016 2936 uiginti
1042 2872 1109 2921 duos
1133 2871 1217 2933 libros
1237 2873 1390 2932 constituit,

249 2946 280 2990 ut
303 2946 345 2990 tot
367 2938 432 2989 libri
451 2944 544 2988 essent
563 2939 591 2987 in
609 2937 671 3003 lege
690 2944 756 3003 quet
773 2938 948 2988 habebantur
967 2945 994 2988 ct
1012 2939 1132 2988 litterae.
1175 2939 1261 3004 apud
1286 2939 1390 2989 Grae-

251 3024 308 3058 cos
334 3012 427 3056 autem
452 3042 458 3054 .
479 3042 511 3055 ..
538 3005 711 3055 uolumina
740 3006 909 3055 diuersarum
934 3008 1058 3071 gentium
1091 3012 1120 3054 et
1147 3022 1195 3070 per
1226 3008 1391 3072 interpretes

250 3078 279 3126 in
299 3074 435 3124 Graecam
453 3073 575 3138 linguam
593 3074 728 3122 uertendi.
759 3074 882 3123 debinc
972 3072 1223 3138 Philadelphus
1240 3076 1328 3125 omnis
1347 3075 1391 3124 lit-

251 3148 393 3193 tereturae
416 3141 628 3205 sagacissimus,
652 3141 828 3191 cum-studio
852 3141 1081 3191 bibliothecarum
1103 3143 1280 3192 Pisistratum
1299 3157 1391 3192 aemu-

251 3211 363 3269 laretur,
383 3222 438 3258 non
456 3206 543 3257 sehim
562 3210 684 3271 gentium
702 3209 867 3273 scripturas,
891 3210 939 3259 scd
957 3211 1043 3259 etium
1061 3215 1089 3258 et
1107 3209 1217 3259 diuinas
1235 3210 1345 3259 litteras
1363 3211 1392 3258 iu

249 3274 448 3327 bibliothecam
466 3291 543 3325 suern
562 3276 688 3325 contulit.
723 3292 797 3326 nam
815 3279 1039 3342 septuaginta
1057 3311 1063 3325 .
1078 3312 1104 3326 ..
1123 3277 1220 3327 sunt)
1238 3277 1268 3325 5:
1288 3278 1339 3326 ‘De
1359 3292 1391 3326 eo

251 3344 424 3411 quiprimum
437 3342 783 3393 Romamlibrosaducxit.
810 3343 1247 3394 Romam·...instruxerat.'
1279 3345 1308 3393 7:
1328 3344 1391 3405 ‘Qui

250 3412 337 3463 multa
355 3412 531 3477 scripserunt.
571 3412 682 3461 Marcus
705 3413 852 3461 Terentius
869 3411 957 3461 Varro
979 3412 1052 3477 apud
1074 3413 1189 3462 Latinos
1207 3412 1391 3462 innumerabi·

250 3481 291 3530 les
319 3480 403 3529 libres
431 3479 552 3543 scripsit.
589 3480 662 3543 apud
686 3479 809 3530 Graecos
836 3495 943 3544 quoquc
966 3479 1166 3529 Chalcenterus
1189 3480 1265 3530 miris
1288 3479 1391 3529 attolli-

250 3554 294 3597 tur
306 3547 443 3607 laudibus,
463 3546 534 3611 quod
547 3551 640 3596 tentes
651 3546 736 3597 libros
749 3547 876 3607 ediderit,
895 3552 1012 3610 quantos
1025 3548 1138 3612 quisque
1152 3554 1272 3598 nostrum
1286 3547 1392 3597 alienos

251 3616 372 3665 scribere
387 3616 498 3679 propria
511 3630 592 3663 manu
605 3615 652 3663 uix
663 3613 771 3679 possit'
791 3616 836 3677 (ex
849 3616 945 3665 Rufino
965 3615 1036 3679 apol.
1051 3616 1077 3664 11
1090 3614 1134 3678 ⁶20)
1148 3616 1295 3666 Suetonius
1311 3614 1390 3664 Caes.

251 3684 296 3731 44:
315 3681 507 3746 (destinabat)
525 3680 724 3731 ‘bibliothecas
743 3681 866 3732 Graecas
883 3684 1056 3747 Latinasque
1074 3698 1141 3748 quas
1153 3686 1287 3733 maximas
1300 3688 1393 3748 posset

251 3750 407 3815 publicare,
427 3750 494 3799 data
505 3750 601 3799 Marco
614 3750 731 3799 Varroni
744 3764 811 3799 cura
824 3750 1068 3814 comparandarum
1083 3767 1115 3799 ac
1128 3748 1357 3814 ‹ligerendarun1.'

339 3814 407 3870 tttt*
425 3817 546 3867 Isidorus
565 3818 653 3883 origg.
676 3817 715 3866 VI
732 3816 762 3867 9:
793 3819 849 3867 ‘De
868 3818 948 3867 ceris.
980 3817 1068 3868 Cerae
1085 3817 1240 3869 litterarum
1263 3819 1393 3867 materies

254 3937 457 3947 -—--—-—-—

338 4003 685 4069 2Atheniensium-ab
700 4026 753 4065 om.
770 4009 823 4065 Gn.
841 4012 856 4063 l
871 3999 884 4085 Η
899 4004 1036 4067 adelrinc
1047 4004 1118 4064 inde
1131 4008 1183 4063 Gu.
1199 4012 1214 4063 1
1229 4000 1243 4087 Η
1257 4004 1392 4071 Alexan·

253 4092 308 4150 der
332 4110 459 4168 magnus
483 4094 535 4150 Gu.
555 4084 605 4171 211
628 4111 731 4149 eorum
756 4093 869 4149 Mones.
896 4096 975 4147 0250
1000 4107 1024 4147 s.
1057 4092 1155 4148 VIIII.
1183 4094 1235 4147 Ga.
1255 4096 1278 4147 1.
1304 4086 1392 4166 2117

252 4174 444 4257 phtolomeus
456 4179 570 4234 Monac.
588 4173 601 4257 ΙΙ
615 4175 768 4234 filadelfus
783 4178 896 4235 Monac.
919 4171 932 4254 Η
951 4176 1080 4234 Romam
1098 4178 1253 4233 Arrenius:
1277 4174 1392 4231 Romae

252 4266 319 4321 libri
333 4256 346 4341 Η
365 4271 390 4321 tt
402 4263 588 4320 PersaGu.2
602 4255 615 4339 ΙΙ
632 4271 665 4321 13
676 4279 765 4338 quam
776 4261 936 4337 maximoe]
952 4279 1075 4319 eausam
1084 4262 1215 4319 maxime
1228 4263 1280 4317 Gn.
1297 4264 1309 4317 l
1325 4277 1393 4315 cum

252 4348 383 4405 maxime
400 4350 452 4403 Gn.
464 4353 482 4401 3
492 4345 621 4402 maxime
634 4349 686 4403 Ga.
702 4352 720 4402 2
726 4396 729 4423 Ι
736 4341 740 4425 l
752 4356 782 4405 Η
793 4345 863 4402 hinc
878 4347 990 4403 Menoe.
1005 4348 1057 4402 Ga.
1075 4350 1136 4403 2ul.
1149 4344 1200 4402 uel
1211 4344 1280 4402 huic
1291 4346 1344 4400 Gn.
1362 4349 1392 4400 l:

252 4436 343 4490 latere
361 4434 472 4487 uidetur
487 4428 611 4485 Asinius
627 4424 640 4512 [l
659 4441 689 4490 15
705 4429 743 4487 dc
755 4428 903 4487 nianubiis
919 4429 958 4488 de
974 4430 1079 4508 spoliis
1099 4430 1286 4488 inimicorum
1303 4431 1355 4487 Ga.
1378 4433 1393 4483 1
