3202 4998
261 433 322 497 t28
571 454 800 503 ovrssrrouas
824 452 1049 494 sustenturus

261 607 513 683 argumentationi
536 604 739 683 adstipulatus
754 606 819 664 fere
837 604 944 663 eadem
960 612 1062 661 tamen
1078 603 1192 678 arguit,
1213 622 1291 681 quae
1306 604 1399 662 etiam

260 708 346 787 nobis
363 709 393 764 in
408 686 446 765 66
461 707 649 786 inprobanda
667 705 859 765 videbantur.
933 770 936 779 ‚

344 810 438 869 Prata
457 818 558 867 autem
581 808 625 866 bis
647 807 782 865 nominat
805 806 956 865 Isidorus:
993 826 1053 864 uno
1075 805 1143 864 loco
1164 806 1284 883 (fragm.
1310 804 1397 884 151*)

261 911 347 985 sigua
369 918 599 987 tempestatum,
624 928 702 988 quae
724 909 823 966 nautis
846 908 1061 978 observantur,
1086 926 1123 964 ex
1143 909 1191 975 eis
1208 914 1398 985 repetuntur,

261 1009 356 1068 altero
377 1011 497 1087 (fragm.
518 1008 605 1087 161*)
630 1010 751 1067 uomina
766 1008 857 1066 maris
879 1029 915 1067 ac
934 1009 1088 1066 fluminum
1103 1007 1302 1085 explicantur.
1334 1007 1399 1086 qui·

260 1109 315 1168 bus
338 1110 514 1186 fragmentis
536 1112 594 1169 ium
614 1113 681 1189 ipsa
705 1110 873 1185 argumenti
895 1119 1004 1169 natura
1019 1111 1154 1182 aceedit,
1176 1108 1360 1188 6661631,
1377 1121 1399 1170 '5

262 1212 305 1290 (6.
325 1222 387 1287 132,
410 1210 516 1291 3sqq.)
533 1210 655 1288 legitur.
685 1210 736 1269 ubi
753 1230 934 1289 quamquam
953 1212 1117 1271 Suetonius
1133 1220 1264 1284 tantum,
1287 1231 1346 1269 non
1361 1210 1400 1268 11-

260 1314 315 1371 ber
330 1314 394 1372 eius
411 1313 521 1371 dicitur
534 1346 576 1355 —
592 1333 689 1371 serino
707 1320 808 1369 autem
825 1320 870 1369 ost
888 1310 925 1369 (16
940 1314 1041 1371 ventis
1061 1333 1137 1391 quos
1154 1313 1259 1371 dicunt
1278 1321 1399 1370 veteres

261 1410 416 1492 ἐγχωρίους
452 1414 517 1473 sive
549 1413 721 1489 regionales
747 1412 906 1471 —eidem
936 1414 1020 1492 operi
1052 1414 1237 1473 Suetoniauo
1267 1412 1399 1472 tribuere

260 1517 416 1575 Ilcckerus
433 1535 493 1573 non
509 1515 667 1573 dubitavit.
702 1514 757 1573 sed
773 1515 862 1573 simul
877 1514 935 1573 hoe
950 1516 1019 1575 loco
1038 1517 1147 1574 iterum
1168 1535 1280 1573 novum
1302 1514 1400 1594 pratis
1457 1594 1459 1598 Ι

263 1625 353 1694 66661
368 1617 499 1674 restituit
509 1616 577 1695 ipsa
589 1617 705 1673 ratione
720 1636 779 1695 qua
794 1615 930 1675 Isidorus
941 1617 1154 1698 Tranquillum
1166 1616 1303 1674 nominat
1316 1634 1400 1675 usus.

261 1737 331 1776 nam
346 1736 381 1774 6ο
394 1716 481 1796 >quod
501 1716 575 1776 dicit
594 1722 731 1791 quosdam
748 1727 842 1776 autem
863 1719 1160 1793 Tranquillur·ctiam
1181 1718 1337 1797 superiora
1362 1716 1400 1775 (16

262 1819 431 1879 nominibus
446 1826 603 1878 ventorum
619 1838 657 1876 ex
682 1817 789 1876 eodem
812 1829 935 1878 auctore
960 1841 993 1878 se
1010 1820 1150 1879 hausisse
1169 1818 1279 1899 prodit.
1309 1838 1402 1898 quam

262 1920 505 1980 observationem
535 1919 658 1996 egregie
682 1920 782 1978 firmat
803 1921 935 1980 carmine
963 1942 981 1979 a
1003 1922 1167 1980 Theodoro
1196 1920 1329 1981 Oehlero
1351 1940 1397 1979 re-

185 2066 189 2073 .
261 2030 347 2101 perte
367 2022 410 2100 (p.
435 2020 591 2101 3tttsqq.),
619 2022 666 2079 cui
688 2021 865 2101 iuscriptum
887 2023 927 2080 sit
947 2040 1052 2081 uersus
1065 2027 1101 2081 (16
1115 2026 1181 2082 XII
1196 2027 1399 2083 6661161166-

261 2127 343 2197 quilii
367 2127 492 2197 physici.
542 2121 652 2202 quibus
680 2124 789 2182 eadem
819 2122 857 2182 (16
880 2124 979 2183 ventis
1005 2123 1164 2183 traduntur
1189 2146 1269 2204 quae
1302 2124 1400 2185 Isido-

260 2224 347 2282 riaua
370 2232 530 2285 ventorum
556 2224 760 2303 descriptione
786 2224 992 2295 continentur,
1014 2245 1104 2303 quam
1127 2227 1272 2286 Suetonio
1294 2225 1401 2285 deberi

261 2325 481 2399 intelleximus,
509 2336 541 2384 ut
573 2336 679 2405 pateat
704 2326 852 2386 incertum
873 2335 995 2405 poetam
1020 2336 1175 2405 pratorum
1197 2338 1289 2408 66661
1309 2348 1400 2386 versu

260 2427 430 2485 inclusisse.
469 2427 563 2487 fuisse
580 2436 682 2487 autem
696 2429 873 2506 posterioris
889 2429 1003 2488 saeculi
1022 2449 1151 2501 morem,
1175 2440 1207 2489 ut
1225 2430 1401 2509 scriptorum

262 2528 484 2607 disputationes
503 2529 643 2590 versibus
669 2528 810 2602 oderent,
839 2533 918 2609 aptis
941 2531 1090 2609 exemplis
1109 2532 1266 2591 Beckerus
1289 2530 1401 2590 docuit.

183 2644 185 2648 “
261 2649 320 2688 666
332 2629 440 2688 deesse
453 2631 514 2690 alia
526 2631 662 2690 eiusdem
676 2632 749 2690 artis
762 2632 793 2689 iu
808 2631 875 2690 aliis
887 2631 1092 2692 Suetoniauae
1106 2634 1286 2694 eruditionis·
1296 2653 1400 2691 mouu-

261 2733 371 2790 mentis
387 2731 542 2813 adhibitae
559 2742 590 2791 et
609 2753 681 2792 vero
698 2752 791 2809 super
811 2752 879 2792 esse
902 2733 1031 2792 alterum
1047 2734 1218 2814 Tranquilli
1234 2735 1354 2815 physici
1369 2742 1403 2793 ut

260 2829 396 2891 breviter
411 2834 510 2891 dicam
524 2833 562 2892 (16
579 2832 680 2893 ventis
700 2838 822 2892 carmen
838 2853 892 2892 suo
908 2833 975 2892 loco
991 2835 1071 2894 infra
1086 2838 1237 2915 aperiam,
1255 2835 1307 2895 ubi
1320 2835 1403 2894 hanc

263 2934 513 2994 consuetudinem
530 2937 611 2993 omui
626 2955 666 2993 er
684 2942 773 3014 parte
787 2934 947 2994 inlustrare
966 2935 1082 2997 licebit.
1169 2940 1174 2951 '

291 3042 310 3071 ·'
348 3036 448 3095 Vnum
461 3036 593 3096 Beckeri
608 3045 833 3114 argumentum,
850 3056 911 3117 quo
924 3045 1084 3096 ventorum
1098 3039 1220 3099 nomina
1235 3048 1265 3099 et
1276 3048 1403 3098 naturas

263 3145 387 3197 auctore
400 3135 545 3197 Suetonio
558 3137 596 3198 ab
609 3138 727 3197 Isidoro
737 3136 845 3196 referri
858 3135 989 3216 probare
1002 3149 1137 3213 6666161,
1154 3141 1292 3201 66666116
1306 3142 1403 3200 omisi.

261 3243 356 3300 utitur
372 3241 452 3300 euim
468 3240 552 3299 Plini
566 3248 597 3301 et
612 3240 693 3301 Gelli
712 3238 806 3309 locis,
830 3237 939 3317 quibus
963 3248 1122 3299 ventorum
1143 3241 1216 3300 ordo
1233 3250 1264 3301 et
1281 3243 1404 3300 nomina

263 3342 460 3413 exhibentur,
489 3350 523 3399 ut
546 3361 583 3400 ex
606 3341 675 3421 ipsa
698 3338 875 3399 diversitate
896 3340 1047 3401 Isidorum
1070 3341 1223 3403 diversum
1245 3353 1404 3402 auctorem

263 3442 438 3503 adhibuisse
455 3442 603 3501 ostendat.
631 3439 714 3523 quod
729 3450 762 3500 61
776 3450 860 3500 16616
877 3443 1041 3514 conclusit,
1059 3443 1101 3502 ita
1114 3445 1206 3503 nolim
1224 3465 1291 3504 eum
1306 3444 1403 3503 eredi-

264 3547 346 3607 disse
373 3565 410 3605 ea
434 3565 467 3604 re
494 3547 554 3631 1616
574 3544 746 3624 Tranquilli
768 3545 978 3603 auctoritatem
999 3544 1037 3603 ab
1058 3545 1236 3623 Hispalensi
1259 3547 1405 3626 episeopo

263 3655 441 3725 usurpatam
460 3656 611 3705 constare.
631 3664 740 3725 nempe
756 3665 816 3703 non
832 3646 1003 3724 reputavit,
1021 3655 1125 3706 extare
1141 3648 1216 3706 alios
1227 3647 1403 3726 scriptores,

208 3743 209 3747 ¹
264 3750 317 3830 qui
336 3748 466 3808 eandem
480 3767 543 3807 rem
557 3747 825 3826 pertractaverint,
840 3766 1026 3826 quorumque
1039 3748 1098 3807 (166
1114 3748 1192 3807 adeo
1205 3749 1326 3808 Seneca
1339 3757 1404 3807 nat.

264 3857 382 3930 quaest.
394 3851 423 3911 V
437 3859 480 3913 16.
494 3858 524 3913 17
535 3858 566 3909 61
581 3851 730 3926 Vegetius
741 3848 801 3910 VB
817 3868 884 3907 cum
896 3848 1015 3908 Isidoro
1030 3849 1096 3908 fere
1116 3850 1315 3911 consentiant.
1351 3852 1404 3929 qui

265 3971 429 4012 cousensus
445 3951 478 4008 in
494 3970 528 4009 eo
546 3953 676 4011 maxime
692 3951 890 4029 conspicitur,
913 3949 995 4029 quod
1011 3959 1080 4010 octo
1099 3960 1259 4009 ventorum
1281 3950 1405 4010 tabulae

264 4053 503 4113 numerosiorem
515 4051 675 4111 duodecim
684 4061 844 4111 ventorum
852 4053 999 4111 rationem
1010 4052 1196 4131 praeferunt.
1211 4051 1290 4131 quod
1300 4061 1406 4110 contra

263 4154 367 4214 Plinio
388 4161 419 4212 61
438 4152 539 4214 Gellio
562 4154 728 4232 simplicior
750 4153 827 4213 ratio
849 4155 980 4232 placuit,
1002 4175 1020 4212 a
1044 4153 1152 4233 quibus
1171 4174 1231 4212 non
1252 4152 1406 4232 discrepat

264 4255 423 4333 Ampelius
443 4267 474 4325 5,
494 4275 583 4334 quem
597 4254 791 4314 Woelfflinus
809 4255 933 4331 Nigidio
948 4255 1059 4332 Figulo
1074 4275 1161 4314 usum
1182 4274 1253 4314 esse
1268 4255 1405 4332 suspica·

265 4350 323 4414 tur.
353 4357 529 4435 praeiverat
545 4364 646 4414 autem
663 4338 742 4428 11116,
765 4357 818 4435 qui
832 4376 851 4415 a
868 4354 1020 4414 contraria
1039 4364 1126 4434 parte
1139 4354 1276 4426 stabant,
1295 4356 1405 4429 Varro,

266 4476 356 4537 quem
376 4458 462 4539 sequi
485 4475 519 4516 se
542 4463 572 4516 61
592 4457 713 4516 Seneca
727 4465 757 4515 61
774 4457 921 4533 vegetius
942 4458 1072 4534 professi
1096 4465 1174 4516 sunt.
1210 4475 1337 4536 quorum
1353 4455 1406 4514 hic
