<?xml version="1.0" encoding="UTF-8"?>
<!DOCTYPE html PUBLIC "-//W3C//DTD XHTML 1.0 Transitional//EN"
    "http://www.w3.org/TR/xhtml1/DTD/xhtml1-transitional.dtd">
<html xmlns="http://www.w3.org/1999/xhtml" xml:lang="en" lang="en">
 <head>
  <title>
</title>
<meta http-equiv="Content-Type" content="text/html;charset=utf-8" />
  <meta name='ocr-system' content='tesseract 3.04.00' />
  <meta name='ocr-capabilities' content='ocr_page ocr_carea ocr_par ocr_line ocrx_word'/>
</head>
<body>
  <div class='ocr_page' id='page_1' title='image "./csuetonitranqui01ritsgoog_0525.png"; bbox 0 0 3194 5004; ppageno 0'>
   <div class='ocr_carea' id='block_1_1' title="bbox 276 406 994 475">
    <p class='ocr_par' dir='ltr' id='par_1_1' title="bbox 276 406 994 475">
     <span class='ocr_line' id='line_1_1' title="bbox 276 406 994 475; baseline 0.013 -9"><span class='ocrx_word' id='word_1_1' title='bbox 276 406 338 467; x_wconf 79' lang='lat'><strong>494</strong></span> <span class='ocrx_word' id='word_1_2' title='bbox 687 432 719 472; x_wconf 81' lang='lat' dir='ltr'><strong>ra</strong></span> <span class='ocrx_word' id='word_1_3' title='bbox 733 432 831 474; x_wconf 78' lang='lat' dir='ltr'><strong>vrrarr</strong></span> <span class='ocrx_word' id='word_1_4' title='bbox 846 434 994 475; x_wconf 84' lang='lat' dir='ltr'><strong>rsasuru</strong></span> 
     </span>
    </p>
   </div>
   <div class='ocr_carea' id='block_1_2' title="bbox 263 578 1497 2804">
    <p class='ocr_par' dir='ltr' id='par_1_2' title="bbox 273 578 1497 1071">
     <span class='ocr_line' id='line_1_2' title="bbox 274 578 1410 663; baseline 0.013 -27"><span class='ocrx_word' id='word_1_5' title='bbox 274 578 318 637; x_wconf 82' lang='lat' dir='ltr'><strong>Et</strong></span> <span class='ocrx_word' id='word_1_6' title='bbox 332 580 498 639; x_wconf 87' lang='lat' dir='ltr'><strong>certissimo</strong></span> <span class='ocrx_word' id='word_1_7' title='bbox 514 580 628 640; x_wconf 87' lang='lat' dir='ltr'><strong>indicio</strong></span> <span class='ocrx_word' id='word_1_8' title='bbox 644 584 710 641; x_wconf 85' lang='lat' dir='ltr'><strong>veri</strong></span> <span class='ocrx_word' id='word_1_9' title='bbox 722 584 793 662; x_wconf 86' lang='lat' dir='ltr'><strong>ipsa</strong></span> <span class='ocrx_word' id='word_1_10' title='bbox 807 584 885 643; x_wconf 89' lang='lat' dir='ltr'><strong>haec</strong></span> <span class='ocrx_word' id='word_1_11' title='bbox 898 587 963 659; x_wconf 87' lang='lat' dir='ltr'><strong>vita</strong></span> <span class='ocrx_word' id='word_1_12' title='bbox 977 585 1168 646; x_wconf 80' lang='lat' dir='ltr'><strong>Terentiana</strong></span> <span class='ocrx_word' id='word_1_13' title='bbox 1194 598 1247 652; x_wconf 81' lang='lat' dir='ltr'><strong>cst¹</strong></span> <span class='ocrx_word' id='word_1_14' title='bbox 1261 591 1410 663; x_wconf 58' lang='lat' dir='ltr'><strong>inferiore</strong></span> 
     </span>
     <span class='ocr_line' id='line_1_3' title="bbox 274 680 1411 768; baseline 0.013 -31"><span class='ocrx_word' id='word_1_15' title='bbox 274 680 307 738; x_wconf 91' lang='lat' dir='ltr'><strong>in</strong></span> <span class='ocrx_word' id='word_1_16' title='bbox 324 680 391 739; x_wconf 89' lang='lat' dir='ltr'><strong>loco</strong></span> <span class='ocrx_word' id='word_1_17' title='bbox 413 701 443 759; x_wconf 92' lang='lat' dir='ltr'><strong>p.</strong></span> <span class='ocrx_word' id='word_1_18' title='bbox 462 691 510 754; x_wconf 74' lang='lat'><strong>32,</strong></span> <span class='ocrx_word' id='word_1_19' title='bbox 530 693 576 755; x_wconf 84' lang='lat'><strong>15,</strong></span> <span class='ocrx_word' id='word_1_20' title='bbox 604 683 655 742; x_wconf 90' lang='lat' dir='ltr'><strong>ubi</strong></span> <span class='ocrx_word' id='word_1_21' title='bbox 683 691 786 743; x_wconf 77' lang='lat' dir='ltr'><strong>‘ceteri</strong></span> <span class='ocrx_word' id='word_1_22' title='bbox 804 694 946 744; x_wconf 82' lang='lat' dir='ltr'><strong>mortuam</strong></span> <span class='ocrx_word' id='word_1_23' title='bbox 969 704 1030 744; x_wconf 79' lang='lat' dir='ltr'><strong>assa</strong></span> <span class='ocrx_word' id='word_1_24' title='bbox 1052 692 1080 745; x_wconf 83' lang='lat' dir='ltr'><strong>in</strong></span> <span class='ocrx_word' id='word_1_25' title='bbox 1103 692 1230 748; x_wconf 84' lang='lat' dir='ltr'><strong>Arcadia</strong></span> <span class='ocrx_word' id='word_1_26' title='bbox 1251 694 1411 768; x_wconf 71' lang='lat' dir='ltr'><strong>Stymphali</strong></span> 
     </span>
     <span class='ocr_line' id='line_1_4' title="bbox 273 784 1497 872; baseline 0.015 -35"><span class='ocrx_word' id='word_1_27' title='bbox 273 785 334 839; x_wconf 82' lang='lat' dir='ltr'><strong>siaa</strong></span> <span class='ocrx_word' id='word_1_28' title='bbox 359 784 520 841; x_wconf 74' lang='lat' dir='ltr'><strong>leucadius</strong></span> <span class='ocrx_word' id='word_1_29' title='bbox 540 790 675 845; x_wconf 79' lang='lat' dir='ltr'><strong>tradanl&#39;</strong></span> <span class='ocrx_word' id='word_1_30' title='bbox 697 787 840 866; x_wconf 85' lang='lat' dir='ltr'><strong>seriptum</strong></span> <span class='ocrx_word' id='word_1_31' title='bbox 861 798 908 847; x_wconf 84' lang='lat' dir='ltr'><strong>est</strong></span> <span class='ocrx_word' id='word_1_32' title='bbox 928 790 960 847; x_wconf 92' lang='lat' dir='ltr'><strong>in</strong></span> <span class='ocrx_word' id='word_1_33' title='bbox 980 789 1083 864; x_wconf 91' lang='lat' dir='ltr'><strong>libris,</strong></span> <span class='ocrx_word' id='word_1_34' title='bbox 1113 810 1151 849; x_wconf 84' lang='lat' dir='ltr'><strong>ex</strong></span> <span class='ocrx_word' id='word_1_35' title='bbox 1169 793 1409 872; x_wconf 81' lang='lat' dir='ltr'><strong>interpolatione</strong></span> <span class='ocrx_word' id='word_1_36' title='bbox 1491 836 1497 849; x_wconf 83' lang='lat'><strong>.</strong></span> 
     </span>
     <span class='ocr_line' id='line_1_5' title="bbox 274 885 1430 973; baseline 0.012 -32"><span class='ocrx_word' id='word_1_37' title='bbox 274 894 374 943; x_wconf 87' lang='lat' dir='ltr'><strong>autem</strong></span> <span class='ocrx_word' id='word_1_38' title='bbox 388 885 558 965; x_wconf 76' lang='lat' dir='ltr'><strong>inrepsisse</strong></span> <span class='ocrx_word' id='word_1_39' title='bbox 574 888 736 961; x_wconf 75' lang='lat' dir='ltr'><em>Stymphali</em></span> <span class='ocrx_word' id='word_1_40' title='bbox 750 909 861 948; x_wconf 90' lang='lat' dir='ltr'><strong>nomen</strong></span> <span class='ocrx_word' id='word_1_41' title='bbox 878 890 960 949; x_wconf 85' lang='lat' dir='ltr'><strong>infra</strong></span> <span class='ocrx_word' id='word_1_42' title='bbox 982 892 1154 970; x_wconf 75' lang='lat' dir='ltr'><strong>apparebit.</strong></span> <span class='ocrx_word' id='word_1_43' title='bbox 1195 893 1244 952; x_wconf 94' lang='lat' dir='ltr'><strong>Ibi</strong></span> <span class='ocrx_word' id='word_1_44' title='bbox 1263 896 1363 973; x_wconf 84' lang='lat' dir='ltr'><strong>igitur·</strong></span> <span class='ocrx_word' id='word_1_45' title='bbox 1375 897 1408 954; x_wconf 90' lang='lat' dir='ltr'><strong>in</strong></span> <span class='ocrx_word' id='word_1_46' title='bbox 1427 927 1430 933; x_wconf 61' lang='lat'><strong><em>&gt;</em></strong></span> 
     </span>
     <span class='ocr_line' id='line_1_6' title="bbox 273 987 1409 1071; baseline 0.01 -26"><span class='ocrx_word' id='word_1_47' title='bbox 273 987 546 1066; x_wconf 88' lang='lat' dir='ltr'><strong>interpretamento</strong></span> <span class='ocrx_word' id='word_1_48' title='bbox 573 990 697 1049; x_wconf 82' lang='lat' dir='ltr'><strong>fortuito</strong></span> <span class='ocrx_word' id='word_1_49' title='bbox 723 999 876 1050; x_wconf 85' lang='lat' dir='ltr'><strong>servatam</strong></span> <span class='ocrx_word' id='word_1_50' title='bbox 900 993 1067 1071; x_wconf 81' lang='lat' dir='ltr'><strong>legitimam</strong></span> <span class='ocrx_word' id='word_1_51' title='bbox 1093 996 1255 1068; x_wconf 72' lang='lat' dir='ltr'><strong>Stymphali</strong></span> <span class='ocrx_word' id='word_1_52' title='bbox 1282 998 1409 1056; x_wconf 85' lang='lat' dir='ltr'><strong>formam</strong></span> 
     </span>
    </p>

    <p class='ocr_par' dir='ltr' id='par_1_3' title="bbox 271 1082 1407 1179">
     <span class='ocr_line' id='line_1_7' title="bbox 271 1082 1407 1179; baseline 0.008 -31"><span class='ocrx_word' id='word_1_53' title='bbox 271 1088 325 1148; x_wconf 89' lang='lat' dir='ltr'><strong>ubi</strong></span> <span class='ocrx_word' id='word_1_54' title='bbox 343 1089 413 1148; x_wconf 88' lang='lat' dir='ltr'><strong>huie</strong></span> <span class='ocrx_word' id='word_1_55' title='bbox 427 1090 460 1149; x_wconf 92' lang='lat' dir='ltr'><strong>in</strong></span> <span class='ocrx_word' id='word_1_56' title='bbox 477 1112 537 1170; x_wconf 87' lang='lat' dir='ltr'><strong>quo</strong></span> <span class='ocrx_word' id='word_1_57' title='bbox 552 1112 708 1152; x_wconf 87' lang='lat' dir='ltr'><strong>versamur</strong></span> <span class='ocrx_word' id='word_1_58' title='bbox 729 1093 796 1152; x_wconf 91' lang='lat' dir='ltr'><strong>loco</strong></span> <span class='ocrx_word' id='word_1_59' title='bbox 819 1082 1059 1173; x_wconf 76' lang='lat' dir='ltr'><strong>reddiderimus,</strong></span> <span class='ocrx_word' id='word_1_60' title='bbox 1081 1097 1170 1156; x_wconf 87' lang='lat' dir='ltr'><strong>simul</strong></span> <span class='ocrx_word' id='word_1_61' title='bbox 1190 1105 1305 1173; x_wconf 88' lang='lat' dir='ltr'><strong>autern,</strong></span> <span class='ocrx_word' id='word_1_62' title='bbox 1332 1119 1407 1179; x_wconf 86' lang='lat' dir='ltr'><strong>quas</strong></span> 
     </span>
    </p>

    <p class='ocr_par' dir='ltr' id='par_1_4' title="bbox 273 1189 1406 1279">
     <span class='ocr_line' id='line_1_8' title="bbox 273 1189 1406 1279; baseline 0.01 -30"><span class='ocrx_word' id='word_1_63' title='bbox 273 1189 377 1250; x_wconf 85' lang='lat' dir='ltr'><strong>turbas</strong></span> <span class='ocrx_word' id='word_1_64' title='bbox 402 1193 435 1250; x_wconf 93' lang='lat' dir='ltr'><strong>in</strong></span> <span class='ocrx_word' id='word_1_65' title='bbox 461 1195 653 1274; x_wconf 82' lang='lat' dir='ltr'><strong>antiquorum</strong></span> <span class='ocrx_word' id='word_1_66' title='bbox 678 1203 838 1274; x_wconf 83' lang='lat' dir='ltr'><strong>poetarum</strong></span> <span class='ocrx_word' id='word_1_67' title='bbox 863 1195 1018 1255; x_wconf 79' lang='lat' dir='ltr'><strong>codicibus</strong></span> <span class='ocrx_word' id='word_1_68' title='bbox 1044 1206 1086 1255; x_wconf 84' lang='lat' dir='ltr'><strong>ast</strong></span> <span class='ocrx_word' id='word_1_69' title='bbox 1111 1198 1198 1257; x_wconf 88' lang='lat' dir='ltr'><strong>verbi</strong></span> <span class='ocrx_word' id='word_1_70' title='bbox 1219 1200 1406 1279; x_wconf 78' lang='lat' dir='ltr'><strong>aphaeresis,</strong></span> 
     </span>
    </p>

    <p class='ocr_par' dir='ltr' id='par_1_5' title="bbox 274 1293 1407 1377">
     <span class='ocr_line' id='line_1_9' title="bbox 274 1293 1407 1377; baseline 0.01 -26"><span class='ocrx_word' id='word_1_71' title='bbox 274 1293 339 1351; x_wconf 84' lang='lat' dir='ltr'><strong>sive</strong></span> <span class='ocrx_word' id='word_1_72' title='bbox 355 1296 579 1374; x_wconf 85' lang='lat' dir='ltr'><strong>synaloepham</strong></span> <span class='ocrx_word' id='word_1_73' title='bbox 595 1296 692 1371; x_wconf 86' lang='lat' dir='ltr'><strong>diaes,</strong></span> <span class='ocrx_word' id='word_1_74' title='bbox 713 1307 872 1377; x_wconf 85' lang='lat' dir='ltr'><strong>tamquam</strong></span> <span class='ocrx_word' id='word_1_75' title='bbox 884 1297 923 1356; x_wconf 91' lang='lat' dir='ltr'><strong>de</strong></span> <span class='ocrx_word' id='word_1_76' title='bbox 943 1319 1026 1358; x_wconf 90' lang='lat' dir='ltr'><strong>mors</strong></span> <span class='ocrx_word' id='word_1_77' title='bbox 1050 1301 1214 1373; x_wconf 87' lang='lat' dir='ltr'><strong>creaverit,</strong></span> <span class='ocrx_word' id='word_1_78' title='bbox 1236 1303 1407 1362; x_wconf 85' lang='lat' dir='ltr'><strong>memineri-</strong></span> 
     </span>
    </p>

    <p class='ocr_par' dir='ltr' id='par_1_6' title="bbox 263 1394 1453 2394">
     <span class='ocr_line' id='line_1_10' title="bbox 270 1394 1453 1477; baseline 0.008 -25"><span class='ocrx_word' id='word_1_79' title='bbox 270 1414 352 1468; x_wconf 86' lang='lat' dir='ltr'><strong>mus,</strong></span> <span class='ocrx_word' id='word_1_80' title='bbox 371 1394 502 1455; x_wconf 85' lang='lat' dir='ltr'><strong>dubitari</strong></span> <span class='ocrx_word' id='word_1_81' title='bbox 519 1400 626 1476; x_wconf 88' lang='lat' dir='ltr'><strong>nequit</strong></span> <span class='ocrx_word' id='word_1_82' title='bbox 641 1399 716 1477; x_wconf 88' lang='lat' dir='ltr'><strong>quin</strong></span> <span class='ocrx_word' id='word_1_83' title='bbox 731 1400 829 1477; x_wconf 89' lang='lat' dir='ltr'><strong>ipsam</strong></span> <span class='ocrx_word' id='word_1_84' title='bbox 840 1401 941 1458; x_wconf 90' lang='lat' dir='ltr'><strong>Porcii</strong></span> <span class='ocrx_word' id='word_1_85' title='bbox 957 1421 1079 1459; x_wconf 87' lang='lat' dir='ltr'><strong>manum</strong></span> <span class='ocrx_word' id='word_1_86' title='bbox 1094 1402 1152 1459; x_wconf 90' lang='lat' dir='ltr'><strong>hac</strong></span> <span class='ocrx_word' id='word_1_87' title='bbox 1168 1401 1288 1461; x_wconf 89' lang='lat' dir='ltr'><strong>demum</strong></span> <span class='ocrx_word' id='word_1_88' title='bbox 1305 1422 1407 1461; x_wconf 83' lang='lat' dir='ltr'><strong>emen·</strong></span> <span class='ocrx_word' id='word_1_89' title='bbox 1451 1465 1453 1468; x_wconf 11' lang='grc' dir='ltr'><em>Α</em></span> 
     </span>
     <span class='ocr_line' id='line_1_11' title="bbox 272 1496 1408 1577; baseline 0.011 -24"><span class='ocrx_word' id='word_1_90' title='bbox 272 1496 397 1556; x_wconf 85' lang='lat' dir='ltr'><strong>datione</strong></span> <span class='ocrx_word' id='word_1_91' title='bbox 413 1518 642 1577; x_wconf 81' lang='lat' dir='ltr'><strong>recuperemus:</strong></span> <span class='ocrx_word' id='word_1_92' title='bbox 666 1502 794 1559; x_wconf 80' lang='lat' dir='ltr'><strong>Mortuos</strong></span> <span class='ocrx_word' id='word_1_93' title='bbox 813 1502 1002 1575; x_wconf 77' lang='lat' dir='ltr'><strong>Stamphalisi</strong></span> <span class='ocrx_word' id='word_1_94' title='bbox 1016 1505 1159 1561; x_wconf 76' lang='lat' dir='ltr'><strong>Arcadiae</strong></span> <span class='ocrx_word' id='word_1_95' title='bbox 1177 1508 1291 1576; x_wconf 81' lang='lat' dir='ltr'><strong>oppidu.</strong></span> <span class='ocrx_word' id='word_1_96' title='bbox 1327 1506 1408 1564; x_wconf 87' lang='lat' dir='ltr'><strong>Nam</strong></span> 
     </span>
     <span class='ocr_line' id='line_1_12' title="bbox 271 1599 1406 1684; baseline 0.009 -28"><span class='ocrx_word' id='word_1_97' title='bbox 271 1618 312 1656; x_wconf 90' lang='lat' dir='ltr'><strong>ne</strong></span> <span class='ocrx_word' id='word_1_98' title='bbox 328 1599 395 1678; x_wconf 90' lang='lat' dir='ltr'><strong>quis</strong></span> <span class='ocrx_word' id='word_1_99' title='bbox 410 1599 507 1659; x_wconf 87' lang='lat' dir='ltr'><strong>hiatui</strong></span> <span class='ocrx_word' id='word_1_100' title='bbox 527 1603 739 1679; x_wconf 88' lang='lat' dir='ltr'><strong>patrocinetur</strong></span> <span class='ocrx_word' id='word_1_101' title='bbox 761 1604 794 1661; x_wconf 91' lang='lat' dir='ltr'><strong>iu</strong></span> <span class='ocrx_word' id='word_1_102' title='bbox 815 1603 916 1662; x_wconf 88' lang='lat' dir='ltr'><strong>medio</strong></span> <span class='ocrx_word' id='word_1_103' title='bbox 938 1605 1133 1684; x_wconf 84' lang='lat' dir='ltr'><strong>septenario:</strong></span> <span class='ocrx_word' id='word_1_104' title='bbox 1154 1606 1296 1664; x_wconf 80' lang='lat' dir='ltr'><strong>Mdrtuost</strong></span> <span class='ocrx_word' id='word_1_105' title='bbox 1314 1607 1406 1682; x_wconf 77' lang='lat' dir='ltr'><strong>Stym-</strong></span> 
     </span>
     <span class='ocr_line' id='line_1_13' title="bbox 267 1701 1406 1785; baseline 0.01 -28"><span class='ocrx_word' id='word_1_106' title='bbox 267 1701 352 1773; x_wconf 80' lang='lat' dir='ltr'><strong>pha&#39;li</strong></span> <span class='ocrx_word' id='word_1_107' title='bbox 365 1703 508 1759; x_wconf 74' lang='lat' dir='ltr'><strong>Arcadiae</strong></span> <span class='ocrx_word' id='word_1_108' title='bbox 525 1704 643 1775; x_wconf 73' lang='lat' dir='ltr'><strong>appiae,</strong></span> <span class='ocrx_word' id='word_1_109' title='bbox 664 1703 870 1783; x_wconf 86' lang='lat' dir='ltr'><strong>reputandum</strong></span> <span class='ocrx_word' id='word_1_110' title='bbox 886 1714 933 1764; x_wconf 90' lang='lat' dir='ltr'><strong>est</strong></span> <span class='ocrx_word' id='word_1_111' title='bbox 953 1716 1078 1785; x_wconf 87' lang='lat' dir='ltr'><strong>praeter</strong></span> <span class='ocrx_word' id='word_1_112' title='bbox 1099 1706 1176 1781; x_wconf 86' lang='lat' dir='ltr'><strong>alia,</strong></span> <span class='ocrx_word' id='word_1_113' title='bbox 1201 1709 1313 1767; x_wconf 80' lang='lat' dir='ltr'><strong>artiore</strong></span> <span class='ocrx_word' id='word_1_114' title='bbox 1334 1729 1406 1768; x_wconf 90' lang='lat' dir='ltr'><strong>con·</strong></span> 
     </span>
     <span class='ocr_line' id='line_1_14' title="bbox 270 1805 1407 1887; baseline 0.008 -26"><span class='ocrx_word' id='word_1_115' title='bbox 270 1805 444 1863; x_wconf 86' lang='lat' dir='ltr'><strong>structionis</strong></span> <span class='ocrx_word' id='word_1_116' title='bbox 459 1805 596 1877; x_wconf 82' lang='lat' dir='ltr'><strong>vinculo,</strong></span> <span class='ocrx_word' id='word_1_117' title='bbox 625 1825 715 1886; x_wconf 83' lang='lat' dir='ltr'><strong>quam</strong></span> <span class='ocrx_word' id='word_1_118' title='bbox 735 1806 778 1866; x_wconf 86' lang='lat' dir='ltr'><strong>ita</strong></span> <span class='ocrx_word' id='word_1_119' title='bbox 797 1815 831 1866; x_wconf 89' lang='lat' dir='ltr'><strong>ut</strong></span> <span class='ocrx_word' id='word_1_120' title='bbox 852 1806 959 1867; x_wconf 83' lang='lat' dir='ltr'><strong>divelli</strong></span> <span class='ocrx_word' id='word_1_121' title='bbox 981 1809 1116 1887; x_wconf 88' lang='lat' dir='ltr'><strong>possint,</strong></span> <span class='ocrx_word' id='word_1_122' title='bbox 1138 1812 1281 1868; x_wconf 78' lang='lat' dir='ltr'><strong>Arcadiae</strong></span> <span class='ocrx_word' id='word_1_123' title='bbox 1302 1815 1407 1885; x_wconf 81' lang='lat' dir='ltr'><strong>oppido</strong></span> 
     </span>
     <span class='ocr_line' id='line_1_15' title="bbox 269 1904 1406 1991; baseline 0.009 -30"><span class='ocrx_word' id='word_1_124' title='bbox 269 1904 366 1963; x_wconf 86' lang='lat' dir='ltr'><strong>verba</strong></span> <span class='ocrx_word' id='word_1_125' title='bbox 390 1907 551 1965; x_wconf 86' lang='lat' dir='ltr'><strong>contineri.</strong></span> <span class='ocrx_word' id='word_1_126' title='bbox 594 1907 661 1966; x_wconf 86' lang='lat' dir='ltr'><strong>Nec</strong></span> <span class='ocrx_word' id='word_1_127' title='bbox 687 1908 852 1969; x_wconf 85' lang='lat' dir='ltr'><strong>offensioni</strong></span> <span class='ocrx_word' id='word_1_128' title='bbox 878 1929 945 1969; x_wconf 86' lang='lat' dir='ltr'><strong>esse</strong></span> <span class='ocrx_word' id='word_1_129' title='bbox 967 1909 1108 1989; x_wconf 82' lang='lat' dir='ltr'><strong>dactylus</strong></span> <span class='ocrx_word' id='word_1_130' title='bbox 1133 1912 1165 1968; x_wconf 90' lang='lat' dir='ltr'><strong>in</strong></span> <span class='ocrx_word' id='word_1_131' title='bbox 1191 1919 1299 1991; x_wconf 87' lang='lat' dir='ltr'><strong>quarto</strong></span> <span class='ocrx_word' id='word_1_132' title='bbox 1324 1911 1406 1991; x_wconf 92' lang='lat' dir='ltr'><strong>pcde</strong></span> 
     </span>
     <span class='ocr_line' id='line_1_16' title="bbox 271 2005 1405 2095; baseline 0.005 -30"><span class='ocrx_word' id='word_1_133' title='bbox 271 2005 380 2080; x_wconf 86' lang='lat' dir='ltr'><strong>dehet,</strong></span> <span class='ocrx_word' id='word_1_134' title='bbox 403 2017 437 2067; x_wconf 88' lang='lat' dir='ltr'><strong>ut</strong></span> <span class='ocrx_word' id='word_1_135' title='bbox 452 2011 503 2088; x_wconf 90' lang='lat' dir='ltr'><strong>qui</strong></span> <span class='ocrx_word' id='word_1_136' title='bbox 518 2009 592 2067; x_wconf 88' lang='lat' dir='ltr'><strong>satis</strong></span> <span class='ocrx_word' id='word_1_137' title='bbox 607 2009 718 2067; x_wconf 85' lang='lat' dir='ltr'><strong>veniae</strong></span> <span class='ocrx_word' id='word_1_138' title='bbox 734 2030 800 2068; x_wconf 88' lang='lat' dir='ltr'><strong>cum</strong></span> <span class='ocrx_word' id='word_1_139' title='bbox 816 2026 834 2069; x_wconf 87' lang='lat' dir='ltr'><strong>a</strong></span> <span class='ocrx_word' id='word_1_140' title='bbox 849 2012 974 2069; x_wconf 90' lang='lat' dir='ltr'><strong>nomine</strong></span> <span class='ocrx_word' id='word_1_141' title='bbox 989 2013 1114 2090; x_wconf 87' lang='lat' dir='ltr'><strong>proprio</strong></span> <span class='ocrx_word' id='word_1_142' title='bbox 1135 2022 1198 2071; x_wconf 87' lang='lat' dir='ltr'><strong>tum</strong></span> <span class='ocrx_word' id='word_1_143' title='bbox 1214 2012 1252 2070; x_wconf 89' lang='lat' dir='ltr'><strong>ab</strong></span> <span class='ocrx_word' id='word_1_144' title='bbox 1267 2013 1336 2095; x_wconf 84' lang='lat' dir='ltr'><strong>ipsa</strong></span> <span class='ocrx_word' id='word_1_145' title='bbox 1352 2014 1405 2072; x_wconf 88' lang='lat' dir='ltr'><strong>eli-</strong></span> 
     </span>
     <span class='ocr_line' id='line_1_17' title="bbox 269 2108 1405 2192; baseline 0.006 -25"><span class='ocrx_word' id='word_1_146' title='bbox 269 2108 357 2168; x_wconf 89' lang='lat' dir='ltr'><strong>sione</strong></span> <span class='ocrx_word' id='word_1_147' title='bbox 372 2109 494 2169; x_wconf 86' lang='lat' dir='ltr'><strong>habeat.</strong></span> <span class='ocrx_word' id='word_1_148' title='bbox 538 2111 667 2170; x_wconf 89' lang='lat' dir='ltr'><strong>Prorsus</strong></span> <span class='ocrx_word' id='word_1_149' title='bbox 688 2120 789 2170; x_wconf 87' lang='lat' dir='ltr'><strong>autem</strong></span> <span class='ocrx_word' id='word_1_150' title='bbox 810 2114 997 2192; x_wconf 86' lang='lat' dir='ltr'><strong>simplicitati</strong></span> <span class='ocrx_word' id='word_1_151' title='bbox 1018 2113 1278 2173; x_wconf 88' lang='lat' dir='ltr'><strong>conlocandorum</strong></span> <span class='ocrx_word' id='word_1_152' title='bbox 1296 2114 1405 2174; x_wconf 84' lang='lat' dir='ltr'><strong>verbo·</strong></span> 
     </span>
     <span class='ocr_line' id='line_1_18' title="bbox 268 2211 1405 2295; baseline 0.005 -27"><span class='ocrx_word' id='word_1_153' title='bbox 268 2226 347 2284; x_wconf 89' lang='lat' dir='ltr'><strong>rum,</strong></span> <span class='ocrx_word' id='word_1_154' title='bbox 365 2231 425 2291; x_wconf 89' lang='lat' dir='ltr'><strong>qua</strong></span> <span class='ocrx_word' id='word_1_155' title='bbox 439 2211 498 2271; x_wconf 91' lang='lat' dir='ltr'><strong>hoc</strong></span> <span class='ocrx_word' id='word_1_156' title='bbox 512 2232 609 2290; x_wconf 83' lang='lat' dir='ltr'><strong>genus</strong></span> <span class='ocrx_word' id='word_1_157' title='bbox 623 2232 766 2273; x_wconf 86' lang='lat' dir='ltr'><strong>versuum</strong></span> <span class='ocrx_word' id='word_1_158' title='bbox 780 2215 909 2292; x_wconf 85' lang='lat' dir='ltr'><strong>regitur,</strong></span> <span class='ocrx_word' id='word_1_159' title='bbox 926 2214 1046 2274; x_wconf 87' lang='lat' dir='ltr'><strong>inludat</strong></span> <span class='ocrx_word' id='word_1_160' title='bbox 1061 2216 1087 2274; x_wconf 86' lang='lat' dir='ltr'><strong>si</strong></span> <span class='ocrx_word' id='word_1_161' title='bbox 1103 2212 1154 2295; x_wconf 87' lang='lat' dir='ltr'><strong>qui</strong></span> <span class='ocrx_word' id='word_1_162' title='bbox 1170 2217 1300 2273; x_wconf 83' lang='lat' dir='ltr'><strong>Mdrtao&#39;a</strong></span> <span class='ocrx_word' id='word_1_163' title='bbox 1311 2217 1405 2291; x_wconf 80' lang='lat' dir='ltr'><strong>Stym-</strong></span> 
     </span>
     <span class='ocr_line' id='line_1_19' title="bbox 263 2314 1310 2394; baseline 0.006 -24"><span class='ocrx_word' id='word_1_164' title='bbox 263 2314 536 2385; x_wconf 76' lang='lat' dir='ltr'><strong>phdliArcdds&#39;acst</strong></span> <span class='ocrx_word' id='word_1_165' title='bbox 550 2316 655 2389; x_wconf 82' lang='lat' dir='ltr'><strong>dppido</strong></span> <span class='ocrx_word' id='word_1_166' title='bbox 673 2315 888 2375; x_wconf 86' lang='lat' dir='ltr'><strong>commendare</strong></span> <span class='ocrx_word' id='word_1_167' title='bbox 903 2318 1037 2377; x_wconf 86' lang='lat' dir='ltr'><strong>animum</strong></span> <span class='ocrx_word' id='word_1_168' title='bbox 1051 2317 1207 2376; x_wconf 80' lang='lat' dir='ltr'><strong>induxerit</strong></span> <span class='ocrx_word' id='word_1_169' title='bbox 1213 2314 1255 2394; x_wconf 82' lang='lat'><strong>*).</strong></span> <span class='ocrx_word' id='word_1_170' title='bbox 1307 2331 1310 2337; x_wconf 88' lang='grc'><strong>’</strong></span> 
     </span>
    </p>

    <p class='ocr_par' dir='ltr' id='par_1_7' title="bbox 268 2414 1406 2804">
     <span class='ocr_line' id='line_1_20' title="bbox 351 2414 1406 2499; baseline 0.005 -25"><span class='ocrx_word' id='word_1_171' title='bbox 351 2414 427 2493; x_wconf 75' lang='lat' dir='ltr'><strong>Pag.</strong></span> <span class='ocrx_word' id='word_1_172' title='bbox 442 2415 500 2489; x_wconf 78' lang='lat'><strong>28,</strong></span> <span class='ocrx_word' id='word_1_173' title='bbox 518 2417 609 2478; x_wconf 81' lang='grc'><strong>4-7</strong></span> <span class='ocrx_word' id='word_1_174' title='bbox 630 2438 697 2477; x_wconf 89' lang='lat' dir='ltr'><strong>cum</strong></span> <span class='ocrx_word' id='word_1_175' title='bbox 712 2418 795 2477; x_wconf 84' lang='lat' dir='ltr'><strong>exitu</strong></span> <span class='ocrx_word' id='word_1_176' title='bbox 809 2418 891 2478; x_wconf 78' lang='lat' dir='ltr'><strong>tertii</strong></span> <span class='ocrx_word' id='word_1_177' title='bbox 906 2418 988 2479; x_wconf 87' lang='lat' dir='ltr'><strong>bene</strong></span> <span class='ocrx_word' id='word_1_178' title='bbox 1004 2420 1116 2478; x_wconf 81' lang='lat' dir='ltr'><strong>lactum</strong></span> <span class='ocrx_word' id='word_1_179' title='bbox 1132 2419 1215 2499; x_wconf 90' lang='lat' dir='ltr'><strong>quod</strong></span> <span class='ocrx_word' id='word_1_180' title='bbox 1230 2440 1293 2479; x_wconf 92' lang='lat' dir='ltr'><strong>non</strong></span> <span class='ocrx_word' id='word_1_181' title='bbox 1308 2420 1406 2479; x_wconf 88' lang='lat' dir='ltr'><strong>semel</strong></span> 
     </span>
     <span class='ocr_line' id='line_1_21' title="bbox 268 2515 1404 2600; baseline 0.005 -26"><span class='ocrx_word' id='word_1_182' title='bbox 268 2515 396 2595; x_wconf 87' lang='lat' dir='ltr'><strong>scriptos</strong></span> <span class='ocrx_word' id='word_1_183' title='bbox 412 2517 572 2593; x_wconf 88' lang='lat' dir='ltr'><strong>habemus,</strong></span> <span class='ocrx_word' id='word_1_184' title='bbox 596 2519 651 2578; x_wconf 89' lang='lat' dir='ltr'><strong>sed</strong></span> <span class='ocrx_word' id='word_1_185' title='bbox 667 2521 747 2579; x_wconf 86' lang='lat' dir='ltr'><strong>circa</strong></span> <span class='ocrx_word' id='word_1_186' title='bbox 767 2521 859 2579; x_wconf 89' lang='lat' dir='ltr'><strong>linem</strong></span> <span class='ocrx_word' id='word_1_187' title='bbox 874 2520 962 2579; x_wconf 88' lang='lat' dir='ltr'><strong>huius</strong></span> <span class='ocrx_word' id='word_1_188' title='bbox 977 2522 1060 2580; x_wconf 86' lang='lat' dir='ltr'><strong>vitae</strong></span> <span class='ocrx_word' id='word_1_189' title='bbox 1081 2542 1112 2600; x_wconf 93' lang='lat' dir='ltr'><strong>p.</strong></span> <span class='ocrx_word' id='word_1_190' title='bbox 1128 2530 1176 2593; x_wconf 82' lang='lat'><strong>33,</strong></span> <span class='ocrx_word' id='word_1_191' title='bbox 1192 2530 1209 2584; x_wconf 88' lang='grc'><strong>6</strong></span> <span class='ocrx_word' id='word_1_192' title='bbox 1223 2521 1349 2579; x_wconf 85' lang='lat' dir='ltr'><strong>iteratos</strong></span> <span class='ocrx_word' id='word_1_193' title='bbox 1371 2522 1404 2580; x_wconf 90' lang='lat' dir='ltr'><strong>in</strong></span> 
     </span>
     <span class='ocr_line' id='line_1_22' title="bbox 268 2617 1403 2701; baseline 0.005 -25"><span class='ocrx_word' id='word_1_194' title='bbox 268 2617 352 2677; x_wconf 88' lang='lat' dir='ltr'><strong>libris</strong></span> <span class='ocrx_word' id='word_1_195' title='bbox 368 2628 438 2697; x_wconf 90' lang='lat' dir='ltr'><strong>post</strong></span> <span class='ocrx_word' id='word_1_196' title='bbox 452 2620 506 2679; x_wconf 86' lang='lat' dir='ltr'><strong>illa</strong></span> <span class='ocrx_word' id='word_1_197' title='bbox 522 2640 600 2701; x_wconf 87' lang='lat' dir='ltr'><strong>quae</strong></span> <span class='ocrx_word' id='word_1_198' title='bbox 620 2631 691 2682; x_wconf 86' lang='lat' dir='ltr'><strong>sunt</strong></span> <span class='ocrx_word' id='word_1_199' title='bbox 711 2641 767 2695; x_wconf 81' lang='lat' dir='ltr'><strong>qao</strong></span> <span class='ocrx_word' id='word_1_200' title='bbox 789 2627 880 2697; x_wconf 67' lang='lat' dir='ltr'><strong>macie</strong></span> <span class='ocrx_word' id='word_1_201' title='bbox 903 2626 994 2680; x_wconf 71' lang='lat' dir='ltr'><strong>miror</strong></span> <span class='ocrx_word' id='word_1_202' title='bbox 1014 2624 1147 2680; x_wconf 75' lang='lat' dir='ltr'><strong>Porcium</strong></span> <span class='ocrx_word' id='word_1_203' title='bbox 1174 2626 1308 2681; x_wconf 81' lang='lat' dir='ltr'><strong>scrihere.</strong></span> <span class='ocrx_word' id='word_1_204' title='bbox 1341 2624 1403 2682; x_wconf 84' lang='lat' dir='ltr'><strong>Ita-</strong></span> 
     </span>
     <span class='ocr_line' id='line_1_23' title="bbox 268 2720 1403 2804; baseline 0.004 -26"><span class='ocrx_word' id='word_1_205' title='bbox 268 2739 328 2800; x_wconf 91' lang='lat' dir='ltr'><strong>que</strong></span> <span class='ocrx_word' id='word_1_206' title='bbox 344 2741 404 2800; x_wconf 89' lang='lat' dir='ltr'><strong>quo</strong></span> <span class='ocrx_word' id='word_1_207' title='bbox 422 2722 596 2802; x_wconf 85' lang='lat' dir='ltr'><strong>expeditior</strong></span> <span class='ocrx_word' id='word_1_208' title='bbox 610 2725 743 2783; x_wconf 86' lang='lat' dir='ltr'><strong>conlatio</strong></span> <span class='ocrx_word' id='word_1_209' title='bbox 760 2731 856 2797; x_wconf 86' lang='lat' dir='ltr'><strong>essct,</strong></span> <span class='ocrx_word' id='word_1_210' title='bbox 877 2725 1035 2804; x_wconf 89' lang='lat' dir='ltr'><strong>utriusque</strong></span> <span class='ocrx_word' id='word_1_211' title='bbox 1051 2725 1110 2783; x_wconf 89' lang='lat' dir='ltr'><strong>loci</strong></span> <span class='ocrx_word' id='word_1_212' title='bbox 1124 2725 1307 2798; x_wconf 82' lang='lat' dir='ltr'><strong>versiculos,</strong></span> <span class='ocrx_word' id='word_1_213' title='bbox 1330 2720 1403 2804; x_wconf 85' lang='lat' dir='ltr'><strong>qua-</strong></span> 
     </span>
    </p>
   </div>
   <div class='ocr_carea' id='block_1_3' title="bbox 266 2852 469 2867">
    <p class='ocr_par' dir='ltr' id='par_1_8' title="bbox 266 2852 469 2867">
     <span class='ocr_line' id='line_1_24' title="bbox 266 2852 469 2867; baseline 0.01 -2"><span class='ocrx_word' id='word_1_214' title='bbox 266 2852 469 2867; x_wconf 51' lang='grc' dir='ltr'><strong>*ι*-</strong></span> 
     </span>
    </p>
   </div>
   <div class='ocr_carea' id='block_1_4' title="bbox 233 2938 1416 4450">
    <p class='ocr_par' dir='ltr' id='par_1_9' title="bbox 233 2938 1416 4450">
     <span class='ocr_line' id='line_1_25' title="bbox 350 2938 1402 3009; baseline 0.003 -19"><span class='ocrx_word' id='word_1_215' title='bbox 350 2938 377 3004; x_wconf 84' lang='grc'><strong>*)</strong></span> <span class='ocrx_word' id='word_1_216' title='bbox 396 2941 526 2991; x_wconf 86' lang='lat' dir='ltr'><strong>Cotcrum</strong></span> <span class='ocrx_word' id='word_1_217' title='bbox 543 2956 598 2993; x_wconf 85' lang='lat' dir='ltr'><strong>non</strong></span> <span class='ocrx_word' id='word_1_218' title='bbox 617 2943 674 2993; x_wconf 85' lang='lat' dir='ltr'><strong>iore</strong></span> <span class='ocrx_word' id='word_1_219' title='bbox 697 2941 772 2992; x_wconf 88' lang='lat' dir='ltr'><strong>lactu</strong></span> <span class='ocrx_word' id='word_1_220' title='bbox 790 2943 941 2992; x_wconf 87' lang='lat' dir='ltr'><strong>iniucunda</strong></span> <span class='ocrx_word' id='word_1_221' title='bbox 960 2943 1078 2993; x_wconf 89' lang='lat' dir='ltr'><strong>arbitror</strong></span> <span class='ocrx_word' id='word_1_222' title='bbox 1095 2959 1166 3009; x_wconf 87' lang='lat' dir='ltr'><strong>quae</strong></span> <span class='ocrx_word' id='word_1_223' title='bbox 1190 2943 1223 2994; x_wconf 90' lang='lat' dir='ltr'><strong>de</strong></span> <span class='ocrx_word' id='word_1_224' title='bbox 1246 2945 1290 2994; x_wconf 89' lang='lat' dir='ltr'><strong>his</strong></span> <span class='ocrx_word' id='word_1_225' title='bbox 1317 2945 1402 2994; x_wconf 82' lang='lat' dir='ltr'><strong>versi-</strong></span> 
     </span>
     <span class='ocr_line' id='line_1_26' title="bbox 265 3026 1401 3093; baseline 0.003 -18"><span class='ocrx_word' id='word_1_226' title='bbox 265 3026 316 3076; x_wconf 90' lang='lat' dir='ltr'><strong>bus</strong></span> <span class='ocrx_word' id='word_1_227' title='bbox 334 3042 383 3091; x_wconf 87' lang='lat' dir='ltr'><strong>por</strong></span> <span class='ocrx_word' id='word_1_228' title='bbox 400 3028 533 3092; x_wconf 86' lang='lat' dir='ltr'><strong>prooemii</strong></span> <span class='ocrx_word' id='word_1_229' title='bbox 552 3027 705 3078; x_wconf 84' lang='lat' dir='ltr'><strong>academici</strong></span> <span class='ocrx_word' id='word_1_230' title='bbox 723 3028 956 3093; x_wconf 83' lang='lat' dir='ltr'><strong>opportunitatem</strong></span> <span class='ocrx_word' id='word_1_231' title='bbox 973 3029 1095 3093; x_wconf 84' lang='lat' dir='ltr'><strong>proximo</strong></span> <span class='ocrx_word' id='word_1_232' title='bbox 1114 3044 1186 3079; x_wconf 80' lang='lat' dir='ltr'><strong>auno</strong></span> <span class='ocrx_word' id='word_1_233' title='bbox 1205 3045 1221 3078; x_wconf 89' lang='lat' dir='ltr'><strong>a</strong></span> <span class='ocrx_word' id='word_1_234' title='bbox 1238 3044 1281 3078; x_wconf 89' lang='lat' dir='ltr'><strong>me</strong></span> <span class='ocrx_word' id='word_1_235' title='bbox 1299 3033 1401 3078; x_wconf 78' lang='lat' dir='ltr'><strong>tracta-</strong></span> 
     </span>
     <span class='ocr_line' id='line_1_27' title="bbox 265 3112 1402 3177; baseline 0.001 -15"><span class='ocrx_word' id='word_1_236' title='bbox 265 3112 1402 3177; x_wconf 53' lang='lat' dir='ltr'><strong>fflstfflffimmfflmmmmmmmmfflmmmm</strong></span> 
     </span>
     <span class='ocr_line' id='line_1_28' title="bbox 266 3197 1400 3262; baseline 0.001 -16"><span class='ocrx_word' id='word_1_237' title='bbox 266 3197 399 3262; x_wconf 86' lang='lat' dir='ltr'><strong>repetita:</strong></span> <span class='ocrx_word' id='word_1_238' title='bbox 425 3198 497 3247; x_wconf 88' lang='lat' dir='ltr'><strong>‘Das</strong></span> <span class='ocrx_word' id='word_1_239' title='bbox 520 3197 639 3247; x_wconf 82' lang='lat' dir='ltr'><strong>Gedicht</strong></span> <span class='ocrx_word' id='word_1_240' title='bbox 662 3198 709 3248; x_wconf 89' lang='lat' dir='ltr'><strong>des</strong></span> <span class='ocrx_word' id='word_1_241' title='bbox 727 3198 842 3247; x_wconf 89' lang='lat' dir='ltr'><strong>Porcius</strong></span> <span class='ocrx_word' id='word_1_242' title='bbox 860 3197 919 3248; x_wconf 88' lang='lat' dir='ltr'><strong>Lie.</strong></span> <span class='ocrx_word' id='word_1_243' title='bbox 943 3197 980 3246; x_wconf 83' lang='lat' dir='ltr'><strong>ist</strong></span> <span class='ocrx_word' id='word_1_244' title='bbox 1003 3197 1102 3247; x_wconf 82' lang='lat' dir='ltr'><strong>hiichst</strong></span> <span class='ocrx_word' id='word_1_245' title='bbox 1125 3199 1293 3249; x_wconf 85' lang='lat' dir='ltr'><strong>interessant</strong></span> <span class='ocrx_word' id='word_1_246' title='bbox 1316 3197 1400 3249; x_wconf 84' lang='lat' dir='ltr'><strong>durch</strong></span> 
     </span>
     <span class='ocr_line' id='line_1_29' title="bbox 266 3282 1401 3348; baseline 0 -17"><span class='ocrx_word' id='word_1_247' title='bbox 266 3282 1401 3348; x_wconf 52' lang='lat' dir='ltr'><strong>ffierffmMmAmwmQffldmmnmhmmSmfflhm,mewa</strong></span> 
     </span>
     <span class='ocr_line' id='line_1_30' title="bbox 267 3365 1416 3432; baseline 0 -16"><span class='ocrx_word' id='word_1_248' title='bbox 267 3367 356 3417; x_wconf 85' lang='lat' dir='ltr'><strong>ciuem</strong></span> <span class='ocrx_word' id='word_1_249' title='bbox 374 3366 464 3417; x_wconf 86' lang='lat' dir='ltr'><strong>hohen</strong></span> <span class='ocrx_word' id='word_1_250' title='bbox 481 3366 584 3417; x_wconf 82' lang='lat' dir='ltr'><strong>Staude</strong></span> <span class='ocrx_word' id='word_1_251' title='bbox 603 3367 652 3417; x_wconf 84' lang='lat' dir='ltr'><strong>der</strong></span> <span class='ocrx_word' id='word_1_252' title='bbox 669 3366 803 3432; x_wconf 81' lang='lat' dir='ltr'><strong>Bildung,</strong></span> <span class='ocrx_word' id='word_1_253' title='bbox 828 3368 857 3416; x_wconf 91' lang='lat' dir='ltr'><strong>in</strong></span> <span class='ocrx_word' id='word_1_254' title='bbox 876 3367 974 3417; x_wconf 85' lang='lat' dir='ltr'><strong>nrildcr</strong></span> <span class='ocrx_word' id='word_1_255' title='bbox 991 3367 1046 3416; x_wconf 87' lang='lat' dir='ltr'><strong>und</strong></span> <span class='ocrx_word' id='word_1_256' title='bbox 1065 3368 1120 3417; x_wconf 85' lang='lat' dir='ltr'><strong>last</strong></span> <span class='ocrx_word' id='word_1_257' title='bbox 1140 3365 1293 3432; x_wconf 80' lang='lat' dir='ltr'><strong>elegischcr</strong></span> <span class='ocrx_word' id='word_1_258' title='bbox 1311 3366 1416 3424; x_wconf 79' lang='lat' dir='ltr'><strong>Satira,</strong></span> 
     </span>
     <span class='ocr_line' id='line_1_31' title="bbox 233 3439 1401 3507; baseline 0 -6"><span class='ocrx_word' id='word_1_259' title='bbox 233 3500 237 3507; x_wconf 88' lang='grc'><strong>,</strong></span> <span class='ocrx_word' id='word_1_260' title='bbox 266 3452 424 3502; x_wconf 86' lang='lat' dir='ltr'><strong>ausdriickt.</strong></span> <span class='ocrx_word' id='word_1_261' title='bbox 460 3453 550 3501; x_wconf 86' lang='lat' dir='ltr'><strong>chn</strong></span> <span class='ocrx_word' id='word_1_262' title='bbox 568 3468 598 3502; x_wconf 88' lang='lat' dir='ltr'><strong>cs</strong></span> <span class='ocrx_word' id='word_1_263' title='bbox 620 3451 698 3501; x_wconf 88' lang='lat' dir='ltr'><strong>nicht</strong></span> <span class='ocrx_word' id='word_1_264' title='bbox 725 3466 774 3502; x_wconf 87' lang='lat' dir='ltr'><strong>uus</strong></span> <span class='ocrx_word' id='word_1_265' title='bbox 798 3439 902 3502; x_wconf 70' lang='lat' dir='ltr'><strong>ander&#39;n</strong></span> <span class='ocrx_word' id='word_1_266' title='bbox 920 3452 1050 3503; x_wconf 85' lang='lat' dir='ltr'><strong>Griinden</strong></span> <span class='ocrx_word' id='word_1_267' title='bbox 1073 3450 1340 3502; x_wconf 83' lang='lat' dir='ltr'><strong>unwahrsoheinlich</strong></span> <span class='ocrx_word' id='word_1_268' title='bbox 1364 3451 1401 3501; x_wconf 85' lang='lat' dir='ltr'><strong>ist</strong></span> 
     </span>
     <span class='ocr_line' id='line_1_32' title="bbox 265 3521 1401 3603; baseline -0.003 -15"><span class='ocrx_word' id='word_1_269' title='bbox 265 3537 329 3588; x_wconf 85' lang='lat' dir='ltr'><strong>dass</strong></span> <span class='ocrx_word' id='word_1_270' title='bbox 347 3539 395 3588; x_wconf 89' lang='lat' dir='ltr'><strong>der</strong></span> <span class='ocrx_word' id='word_1_271' title='bbox 417 3538 511 3603; x_wconf 84' lang='lat' dir='ltr'><strong>ganiel</strong></span> <span class='ocrx_word' id='word_1_272' title='bbox 534 3536 702 3588; x_wconf 81' lang='lat' dir='ltr'><strong>anaichende</strong></span> <span class='ocrx_word' id='word_1_273' title='bbox 720 3537 852 3602; x_wconf 82' lang='lat' dir='ltr'><strong>Liebling</strong></span> <span class='ocrx_word' id='word_1_274' title='bbox 873 3537 922 3586; x_wconf 88' lang='lat' dir='ltr'><strong>der</strong></span> <span class='ocrx_word' id='word_1_275' title='bbox 945 3536 1064 3587; x_wconf 86' lang='lat' dir='ltr'><strong>Grosseu</strong></span> <span class='ocrx_word' id='word_1_276' title='bbox 1087 3537 1147 3587; x_wconf 88' lang='lat' dir='ltr'><strong>sich</strong></span> <span class='ocrx_word' id='word_1_277' title='bbox 1168 3536 1199 3586; x_wconf 93' lang='lat' dir='ltr'><strong>in</strong></span> <span class='ocrx_word' id='word_1_278' title='bbox 1221 3521 1401 3586; x_wconf 79' lang='lat' dir='ltr'><strong>Zerwiirlniss</strong></span> 
     </span>
     <span class='ocr_line' id='line_1_33' title="bbox 264 3620 1401 3688; baseline -0.004 -15"><span class='ocrx_word' id='word_1_279' title='bbox 264 3623 320 3673; x_wconf 90' lang='lat' dir='ltr'><strong>und</strong></span> <span class='ocrx_word' id='word_1_280' title='bbox 336 3623 471 3673; x_wconf 85' lang='lat' dir='ltr'><strong>Verdruss</strong></span> <span class='ocrx_word' id='word_1_281' title='bbox 487 3623 613 3673; x_wconf 86' lang='lat' dir='ltr'><strong>wirklich</strong></span> <span class='ocrx_word' id='word_1_282' title='bbox 630 3624 659 3672; x_wconf 88' lang='lat' dir='ltr'><strong>in</strong></span> <span class='ocrx_word' id='word_1_283' title='bbox 676 3623 725 3672; x_wconf 87' lang='lat' dir='ltr'><strong>das</strong></span> <span class='ocrx_word' id='word_1_284' title='bbox 743 3622 867 3688; x_wconf 85' lang='lat' dir='ltr'><strong>pactisch</strong></span> <span class='ocrx_word' id='word_1_285' title='bbox 885 3623 941 3673; x_wconf 89' lang='lat' dir='ltr'><strong>und</strong></span> <span class='ocrx_word' id='word_1_286' title='bbox 957 3621 1089 3688; x_wconf 85' lang='lat' dir='ltr'><strong>politisch</strong></span> <span class='ocrx_word' id='word_1_287' title='bbox 1107 3622 1160 3671; x_wconf 86' lang='lat' dir='ltr'><strong>deu</strong></span> <span class='ocrx_word' id='word_1_288' title='bbox 1177 3621 1297 3671; x_wconf 81' lang='lat' dir='ltr'><strong>Riimern</strong></span> <span class='ocrx_word' id='word_1_289' title='bbox 1314 3620 1401 3670; x_wconf 80' lang='lat' dir='ltr'><strong>schiin</strong></span> 
     </span>
     <span class='ocr_line' id='line_1_34' title="bbox 264 3706 1399 3774; baseline -0.004 -16"><span class='ocrx_word' id='word_1_290' title='bbox 264 3708 414 3774; x_wconf 80' lang='lat' dir='ltr'><strong>klingende</strong></span> <span class='ocrx_word' id='word_1_291' title='bbox 431 3708 572 3759; x_wconf 82' lang='lat' dir='ltr'><strong>Arkedicn</strong></span> <span class='ocrx_word' id='word_1_292' title='bbox 590 3708 817 3774; x_wconf 80' lang='lat' dir='ltr'><strong>zuriichgczogen</strong></span> <span class='ocrx_word' id='word_1_293' title='bbox 834 3707 895 3771; x_wconf 86' lang='lat' dir='ltr'><strong>hat,</strong></span> <span class='ocrx_word' id='word_1_294' title='bbox 920 3723 951 3757; x_wconf 92' lang='lat' dir='ltr'><strong>so</strong></span> <span class='ocrx_word' id='word_1_295' title='bbox 974 3723 1031 3759; x_wconf 86' lang='lat' dir='ltr'><strong>war</strong></span> <span class='ocrx_word' id='word_1_296' title='bbox 1053 3706 1228 3772; x_wconf 83' lang='lat' dir='ltr'><strong>Stymphalos</strong></span> <span class='ocrx_word' id='word_1_297' title='bbox 1252 3706 1297 3754; x_wconf 86' lang='lat' dir='ltr'><strong>cin</strong></span> <span class='ocrx_word' id='word_1_298' title='bbox 1316 3721 1399 3773; x_wconf 80' lang='lat' dir='ltr'><strong>anga-</strong></span> 
     </span>
     <span class='ocr_line' id='line_1_35' title="bbox 264 3790 1399 3859; baseline -0.004 -16"><span class='ocrx_word' id='word_1_299' title='bbox 264 3792 865 3859; x_wconf 54' lang='lat' dir='ltr'><strong>nmmgmmmrmdhmfflmem</strong></span> <span class='ocrx_word' id='word_1_300' title='bbox 901 3790 1399 3857; x_wconf 53' lang='lat' dir='ltr'><strong>MdeMgffifflffluMmm-</strong></span> 
     </span>
     <span class='ocr_line' id='line_1_36' title="bbox 264 3874 1401 3944; baseline -0.006 -14"><span class='ocrx_word' id='word_1_301' title='bbox 264 3874 1401 3944; x_wconf 49' lang='lat' dir='ltr'><strong>mmnhmfflm,woffiowmtwmuwmnRmmnanmedemffl</strong></span> 
     </span>
     <span class='ocr_line' id='line_1_37' title="bbox 263 3956 1399 4031; baseline -0.005 -17"><span class='ocrx_word' id='word_1_302' title='bbox 263 3967 376 4031; x_wconf 79' lang='lat' dir='ltr'><strong>zeigen,</strong></span> <span class='ocrx_word' id='word_1_303' title='bbox 395 3965 471 4014; x_wconf 84' lang='lat' dir='ltr'><strong>fiihrt</strong></span> <span class='ocrx_word' id='word_1_304' title='bbox 488 3965 533 4014; x_wconf 90' lang='lat' dir='ltr'><strong>ein</strong></span> <span class='ocrx_word' id='word_1_305' title='bbox 552 3963 656 4013; x_wconf 88' lang='lat' dir='ltr'><strong>ehmals</strong></span> <span class='ocrx_word' id='word_1_306' title='bbox 674 3960 875 4013; x_wconf 87' lang='lat' dir='ltr'><strong>vortrcfflicher</strong></span> <span class='ocrx_word' id='word_1_307' title='bbox 887 3962 1038 4028; x_wconf 64' lang='lat' dir='ltr'><strong>Steinmg,</strong></span> <span class='ocrx_word' id='word_1_308' title='bbox 1058 3963 1086 4011; x_wconf 90' lang='lat' dir='ltr'><strong>irr</strong></span> <span class='ocrx_word' id='word_1_309' title='bbox 1099 3961 1197 4011; x_wconf 80' lang='lat' dir='ltr'><strong>Stufcn</strong></span> <span class='ocrx_word' id='word_1_310' title='bbox 1214 3972 1311 4010; x_wconf 82' lang='lat' dir='ltr'><strong>wovou</strong></span> <span class='ocrx_word' id='word_1_311' title='bbox 1329 3956 1399 4009; x_wconf 85' lang='lat' dir='ltr'><strong>noch</strong></span> 
     </span>
     <span class='ocr_line' id='line_1_38' title="bbox 262 4042 1399 4113; baseline -0.004 -13"><span class='ocrx_word' id='word_1_312' title='bbox 262 4051 320 4100; x_wconf 83' lang='lat' dir='ltr'><strong>vicl</strong></span> <span class='ocrx_word' id='word_1_313' title='bbox 337 4049 464 4101; x_wconf 87' lang='lat' dir='ltr'><strong>erhalten</strong></span> <span class='ocrx_word' id='word_1_314' title='bbox 481 4051 531 4113; x_wconf 84' lang='lat' dir='ltr'><strong>ist,</strong></span> <span class='ocrx_word' id='word_1_315' title='bbox 551 4049 627 4099; x_wconf 84' lang='lat' dir='ltr'><strong>sanft</strong></span> <span class='ocrx_word' id='word_1_316' title='bbox 644 4048 756 4109; x_wconf 71' lang='lat' dir='ltr'><strong>hircant,</strong></span> <span class='ocrx_word' id='word_1_317' title='bbox 773 4047 932 4098; x_wconf 81' lang='lat' dir='ltr'><strong>undantem</strong></span> <span class='ocrx_word' id='word_1_318' title='bbox 950 4063 993 4096; x_wconf 87' lang='lat' dir='ltr'><strong>am</strong></span> <span class='ocrx_word' id='word_1_319' title='bbox 1006 4047 1085 4096; x_wconf 87' lang='lat' dir='ltr'><strong>Raud</strong></span> <span class='ocrx_word' id='word_1_320' title='bbox 1103 4042 1163 4096; x_wconf 79' lang='lat' dir='ltr'><strong>sind</strong></span> <span class='ocrx_word' id='word_1_321' title='bbox 1177 4046 1205 4094; x_wconf 89' lang='lat' dir='ltr'><strong>in</strong></span> <span class='ocrx_word' id='word_1_322' title='bbox 1217 4045 1262 4094; x_wconf 89' lang='lat' dir='ltr'><strong>die</strong></span> <span class='ocrx_word' id='word_1_323' title='bbox 1274 4043 1399 4110; x_wconf 78' lang='lat' dir='ltr'><strong>niedrlga</strong></span> 
     </span>
     <span class='ocr_line' id='line_1_39' title="bbox 262 4129 1398 4202; baseline -0.007 -15"><span class='ocrx_word' id='word_1_324' title='bbox 262 4152 324 4187; x_wconf 81' lang='lat' dir='ltr'><strong>zum</strong></span> <span class='ocrx_word' id='word_1_325' title='bbox 341 4135 422 4186; x_wconf 85' lang='lat' dir='ltr'><strong>Theil</strong></span> <span class='ocrx_word' id='word_1_326' title='bbox 439 4136 658 4202; x_wconf 82' lang='lat' dir='ltr'><strong>einigormassen</strong></span> <span class='ocrx_word' id='word_1_327' title='bbox 675 4134 819 4184; x_wconf 80' lang='lat' dir='ltr'><strong>behaucuc</strong></span> <span class='ocrx_word' id='word_1_328' title='bbox 835 4132 982 4183; x_wconf 77' lang='lat' dir='ltr'><strong>Felswand</strong></span> <span class='ocrx_word' id='word_1_329' title='bbox 999 4132 1064 4182; x_wconf 90' lang='lat' dir='ltr'><strong>oder</strong></span> <span class='ocrx_word' id='word_1_330' title='bbox 1082 4147 1130 4181; x_wconf 86' lang='lat' dir='ltr'><strong>aus</strong></span> <span class='ocrx_word' id='word_1_331' title='bbox 1149 4129 1192 4180; x_wconf 89' lang='lat' dir='ltr'><strong>ihr</strong></span> <span class='ocrx_word' id='word_1_332' title='bbox 1209 4129 1309 4180; x_wconf 78' lang='lat' dir='ltr'><strong>herous</strong></span> <span class='ocrx_word' id='word_1_333' title='bbox 1326 4130 1398 4179; x_wconf 84' lang='lat' dir='ltr'><strong>Exe-</strong></span> 
     </span>
     <span class='ocr_line' id='line_1_40' title="bbox 263 4213 1399 4286; baseline -0.007 -14"><span class='ocrx_word' id='word_1_334' title='bbox 263 4221 331 4272; x_wconf 89' lang='lat' dir='ltr'><strong>dren</strong></span> <span class='ocrx_word' id='word_1_335' title='bbox 349 4220 539 4286; x_wconf 79' lang='lat' dir='ltr'><strong>ausgchauen,</strong></span> <span class='ocrx_word' id='word_1_336' title='bbox 558 4236 612 4271; x_wconf 84' lang='lat' dir='ltr'><strong>von</strong></span> <span class='ocrx_word' id='word_1_337' title='bbox 629 4220 719 4269; x_wconf 87' lang='lat' dir='ltr'><strong>denen</strong></span> <span class='ocrx_word' id='word_1_338' title='bbox 738 4234 787 4269; x_wconf 90' lang='lat' dir='ltr'><strong>aus</strong></span> <span class='ocrx_word' id='word_1_339' title='bbox 805 4234 870 4267; x_wconf 87' lang='lat' dir='ltr'><strong>man</strong></span> <span class='ocrx_word' id='word_1_340' title='bbox 888 4218 937 4269; x_wconf 90' lang='lat' dir='ltr'><strong>das</strong></span> <span class='ocrx_word' id='word_1_341' title='bbox 955 4217 1036 4267; x_wconf 83' lang='lat' dir='ltr'><strong>weite</strong></span> <span class='ocrx_word' id='word_1_342' title='bbox 1049 4214 1120 4265; x_wconf 86' lang='lat' dir='ltr'><strong>Thai</strong></span> <span class='ocrx_word' id='word_1_343' title='bbox 1138 4217 1188 4264; x_wconf 89' lang='lat' dir='ltr'><strong>mit</strong></span> <span class='ocrx_word' id='word_1_344' title='bbox 1205 4215 1266 4264; x_wconf 91' lang='lat' dir='ltr'><strong>dem</strong></span> <span class='ocrx_word' id='word_1_345' title='bbox 1279 4214 1331 4263; x_wconf 83' lang='lat' dir='ltr'><strong>See</strong></span> <span class='ocrx_word' id='word_1_346' title='bbox 1344 4213 1399 4264; x_wconf 87' lang='lat' dir='ltr'><strong>und</strong></span> 
     </span>
     <span class='ocr_line' id='line_1_41' title="bbox 255 4286 1399 4372; baseline -0.009 -15"><span class='ocrx_word' id='word_1_347' title='bbox 255 4286 324 4357; x_wconf 47' lang='lat' dir='ltr'><strong>&#39;dem</strong></span> <span class='ocrx_word' id='word_1_348' title='bbox 342 4308 479 4372; x_wconf 77' lang='lat' dir='ltr'><strong>miissigen</strong></span> <span class='ocrx_word' id='word_1_349' title='bbox 496 4306 623 4371; x_wconf 83' lang='lat' dir='ltr'><strong>Bergzug</strong></span> <span class='ocrx_word' id='word_1_350' title='bbox 640 4304 800 4370; x_wconf 80' lang='lat' dir='ltr'><strong>geganiibcr</strong></span> <span class='ocrx_word' id='word_1_351' title='bbox 823 4318 893 4367; x_wconf 79' lang='lat' dir='ltr'><strong>ganz</strong></span> <span class='ocrx_word' id='word_1_352' title='bbox 918 4300 1087 4368; x_wconf 85' lang='lat' dir='ltr'><strong>gemiithlich</strong></span> <span class='ocrx_word' id='word_1_353' title='bbox 1107 4298 1258 4365; x_wconf 87' lang='lat' dir='ltr'><strong>plaudcrnd</strong></span> <span class='ocrx_word' id='word_1_354' title='bbox 1281 4298 1399 4362; x_wconf 84' lang='lat' dir='ltr'><strong>hequem</strong></span> 
     </span>
     <span class='ocr_line' id='line_1_42' title="bbox 263 4382 1398 4450; baseline -0.01 -8"><span class='ocrx_word' id='word_1_355' title='bbox 263 4391 452 4442; x_wconf 86' lang='lat' dir='ltr'><strong>iibcrschauen</strong></span> <span class='ocrx_word' id='word_1_356' title='bbox 470 4387 593 4441; x_wconf 76' lang='lat' dir='ltr'><strong>konnta’</strong></span> <span class='ocrx_word' id='word_1_357' title='bbox 629 4390 671 4439; x_wconf 80' lang='lat' dir='ltr'><strong>cf.</strong></span> <span class='ocrx_word' id='word_1_358' title='bbox 691 4383 1156 4439; x_wconf 75' lang='lat' dir='ltr'><strong>llossi&#39;r‘lteiscn11.Rciscroutcn&#39;</strong></span> <span class='ocrx_word' id='word_1_359' title='bbox 1175 4402 1201 4450; x_wconf 88' lang='lat' dir='ltr'><strong>p.</strong></span> <span class='ocrx_word' id='word_1_360' title='bbox 1215 4385 1247 4433; x_wconf 76' lang='lat' dir='ltr'><strong>at</strong></span> <span class='ocrx_word' id='word_1_361' title='bbox 1266 4400 1315 4447; x_wconf 70' lang='lat' dir='ltr'><strong>sq,</strong></span> <span class='ocrx_word' id='word_1_362' title='bbox 1330 4382 1398 4432; x_wconf 81' lang='lat' dir='ltr'><strong>Car-</strong></span> 
     </span>
    </p>
   </div>
   <div class='ocr_carea' id='block_1_5' title="bbox 262 4476 661 4544">
    <p class='ocr_par' dir='ltr' id='par_1_10' title="bbox 262 4476 661 4544">
     <span class='ocr_line' id='line_1_43' title="bbox 262 4476 661 4544; baseline -0.01 -16"><span class='ocrx_word' id='word_1_363' title='bbox 262 4480 296 4528; x_wconf 83' lang='lat' dir='ltr'><strong>tii</strong></span> <span class='ocrx_word' id='word_1_364' title='bbox 311 4479 462 4543; x_wconf 86' lang='lat' dir='ltr'><strong>Peloponn.</strong></span> <span class='ocrx_word' id='word_1_365' title='bbox 480 4478 493 4528; x_wconf 95' lang='lat' dir='ltr'>I</span> <span class='ocrx_word' id='word_1_366' title='bbox 510 4494 535 4544; x_wconf 90' lang='lat' dir='ltr'><strong>p.</strong></span> <span class='ocrx_word' id='word_1_367' title='bbox 553 4476 604 4526; x_wconf 76' lang='lat'><strong>204</strong></span> <span class='ocrx_word' id='word_1_368' title='bbox 621 4490 661 4539; x_wconf 89' lang='lat' dir='ltr'><strong>sq.</strong></span> 
     </span>
    </p>
   </div>
   <div class='ocr_carea' id='block_1_6' title="bbox 0 0 1602 5004">
    <p class='ocr_par' dir='ltr' id='par_1_11' title="bbox 0 0 1602 5004">
     <span class='ocr_line' id='line_1_44' title="bbox 0 0 1602 5004; baseline 0 5"><span class='ocrx_word' id='word_1_369' title='bbox 0 0 1602 5004; x_wconf 95' lang='lat' dir='ltr'><strong> </strong></span> 
     </span>
    </p>
   </div>
  </div>
 </body>
</html>
