3202 4998
238 396 301 453 450
574 408 797 458 ovtirtsriosns
816 407 1041 449 svrrroumsas

241 572 345 642 cerpta
372 562 480 620 ceteris
502 560 629 619 testibus
654 538 797 619 adhibitis
824 559 1014 618 emendasse.
1057 558 1275 617 Aldhelniiana
1301 558 1380 615 enirn

242 667 377 725 ordinem
402 663 620 724 Suetouiauum
646 683 707 720 non
735 673 858 721 servant
886 682 953 719 cum
983 660 1032 719 hic
1062 660 1101 718 ad
1131 660 1308 739 animalium.
1327 678 1379 734 ge-

241 789 316 827 nera
337 787 428 826 voces
452 765 634 842 disposuerit
655 764 685 820 in
708 766 768 823 illis
794 786 866 823 vero
895 764 934 821 ad
956 763 1073 821 litteras
1101 782 1156 820 eae
1176 764 1380 841 proferantur.

241 891 341 948 neque
359 868 468 927 desunt
483 867 514 924 in
525 867 571 923 liis
585 886 663 945 quae
675 877 780 945 aperte
798 866 1007 945 interpolatori
1020 864 1178 937 debentur,
1196 884 1294 923 cuma
1311 883 1382 922 con-

242 971 309 1030 silio
329 968 455 1028 Santoni
470 988 562 1026 voces
585 966 781 1025 animantium
802 969 989 1026 recensentis
1011 967 1106 1025 haece
1124 948 1263 1046 prolecto
1283 968 1384 1025 aliena

243 1074 319 1132 sint:
347 1092 430 1128 arara
446 1080 581 1143 crepant,
598 1088 647 1127 aes
666 1074 760 1137 tinnit,
779 1071 920 1143 amphora
933 1071 1059 1142 profusa
1074 1073 1177 1138 bilibit,
1193 1073 1323 1127 citharae
1337 1088 1382 1127 so·

243 1185 329 1243 narrt,
345 1150 458 1245 Iupiter
473 1182 552 1230 toncrt
570 1182 600 1230 nt
614 1174 732 1246 sabatae
748 1175 875 1245 firmant,
895 1173 1024 1245 infantes
1040 1176 1173 1244 irapinnt,
1190 1177 1286 1231 littora
1306 1192 1383 1230 mnr-

245 1285 376 1347 murant,
396 1280 487 1333 sitriae
502 1283 650 1346 strepunt,
668 1279 747 1331 nenti
756 1279 830 1347 stertit
848 1278 895 1332 net
910 1277 1236 1344 transistrianorum,
1259 1278 1386 1333 homines

245 1384 417 1453 loqccantnr,
435 1381 538 1434 rustici
551 1380 679 1433 iubilant.

332 1479 420 1555 Quae
436 1479 634 1553 grammatica
649 1486 802 1555 pratorum
819 1477 935 1535 indoles
949 1480 1110 1537 manifesto
1129 1477 1279 1536 indicatur
1295 1478 1386 1535 etiam

248 1581 427 1640 differentiis
456 1579 517 1638 illis
538 1598 707 1637 sermonum
730 1599 805 1657 quas
831 1598 868 1637 ex
889 1579 995 1638 codice
1017 1580 1087 1638 olim
1112 1580 1286 1638 Balreriano
1307 1597 1388 1635 nnnc

248 1682 517 1761 Montepessulano
527 1681 695 1740 Dorvillius
709 1681 738 1737 in
751 1681 876 1738 miscell.
891 1679 954 1738 obs.
970 1680 1034 1739 erit.
1049 1701 1118 1738 nov.
1129 1681 1225 1740 VIIII
1231 1688 1389 1760 p.977sqq.

249 1785 363 1865 publici
380 1786 452 1843 iuris
467 1784 550 1841 fecit.
581 1801 709 1861 quanam
724 1783 754 1839 in
770 1783 829 1840 fine
850 1783 962 1841 diserte
978 1790 1096 1861 pratum
1120 1780 1246 1841 Suetoni
1263 1784 1387 1841 citatur:

250 1892 368 1961 explicit
381 1890 583 1959 praescriptae
595 1888 749 1943 acerborum
763 1888 944 1958 differentiae
959 1902 999 1941 ea
1014 1888 1085 1941 libro
1101 1886 1220 1943 Suctoni
1237 1888 1262 1943 T
1260 1888 1390 1958 rarrqnit-

249 1995 301 2048 tini
311 1995 362 2063 qui
373 1990 539 2046 inscribitur
553 1996 679 2058 praticae.
705 1987 752 2043 cui
765 2006 883 2044 omnem
895 1986 959 2044 fere
973 1985 1064 2043 fidem
1076 1985 1235 2061 derogavit
1250 1985 1390 2043 Ritsclre-

250 2092 309 2150 lius
328 2110 448 2169 parerg.
466 2089 480 2146 Ι
497 2109 526 2166 p.
544 2093 604 2150 oll.
640 2108 740 2188 neqpe
759 2096 860 2166 potest
875 2088 981 2165 negari
999 2087 1096 2146 multa
1110 2089 1141 2144 in
1156 2086 1210 2170 his,
1225 2087 1287 2163 legi
1312 2105 1390 2165 quae

253 2193 399 2254 Suetonio
420 2191 539 2249 omnino
565 2188 690 2265 indigna
709 2189 881 2249 videantur.
916 2189 1010 2248 nihilo
1033 2191 1131 2246 minus
1161 2187 1301 2267 equidem
1326 2207 1393 2245 curn

253 2292 407 2370 explicare
436 2311 497 2349 non
523 2310 644 2368 possem
675 2291 726 2368 qui
757 2292 871 2350 factum
897 2302 980 2351 esset
1006 2300 1039 2349 ut
1061 2291 1131 2349 talis
1157 2288 1338 2368 subscriptio
1361 2289 1393 2346 in

253 2394 313 2451 fine
344 2392 580 2451 differentiarum
602 2391 771 2468 legeretur,
803 2395 828 2451 si
849 2395 881 2451 in
902 2395 946 2453 eis
969 2394 1044 2455 nibil
1066 2392 1272 2454 Suetonianae
1294 2390 1393 2449 erudi-

255 2495 345 2553 tionis
364 2514 454 2572 super
472 2501 568 2564 esset,
586 2493 617 2550 in
630 2514 693 2551 rem
708 2496 880 2553 accuratius
898 2496 1051 2575 inquirere
1065 2497 1164 2554 statui.
1190 2493 1396 2552 inscribuntur

255 2598 345 2673 igitur
368 2595 426 2653 hae
449 2594 639 2653 differentiae
662 2597 719 2655 sic:
758 2601 899 2670 incipiunt
922 2601 1104 2671 differentiae
1126 2615 1289 2655 sermonum
1313 2596 1398 2652 Remi

255 2701 417 2758 Polemonis
434 2714 472 2754 ca
488 2700 560 2754 libro
576 2699 703 2755 Stratoni.
730 2698 789 2756 iam
803 2720 877 2757 vero
895 2700 1014 2757 Remini
1027 2700 1221 2759 Palaemonis
1237 2700 1293 2757 has
1310 2697 1396 2755 diffe-

256 2801 370 2861 rentias
386 2819 447 2857 non
462 2817 529 2857 esse
545 2819 604 2857 uno
620 2800 675 2858 sed
692 2800 744 2857 vix
763 2800 954 2877 infringendo
971 2801 1143 2859 testimonio
1164 2802 1312 2876 efficitur3
1343 2799 1395 2857 ad-

257 2904 404 2981 scriptum
417 2901 495 2959 enim
512 2908 559 2957 est
573 2900 653 2978 aliud
666 2901 886 2980 Hieronymum
901 2904 1065 2961 memoriae
1078 2903 1197 2961 Remmi
1204 2900 1398 2961 Palaemonis

258 3003 447 3083 grammatici
460 3001 502 3081 (p.
517 3010 619 3080 llsssq.
633 3000 717 3079 adn.)
733 3002 790 3059 boa
808 3002 1055 3076 additamentum,
1068 3003 1149 3084 quod
1162 3004 1200 3063 ab
1208 3006 1398 3080 Hieronymo
1464 3045 1470 3050 -

259 3104 454 3167 Suetonianis
479 3106 632 3182 excerptis
653 3103 807 3163 adiectum
827 3103 962 3163 videtur:
1002 3111 1053 3179 qni
1071 3111 1213 3180 qrraactanr
1238 3110 1399 3180 interrupe-

260 3218 306 3267 tns
321 3211 391 3281 quid
407 3210 483 3263 inter
499 3198 604 3264 slittanr
627 3217 655 3265 et
672 3216 782 3281 puttam
804 3211 967 3278 interesset,
985 3210 1092 3281 ‘mitta'
1109 3212 1200 3281 iriqnit
1222 3216 1308 3276 ‘stat‚
1324 3210 1403 3264 stilla

259 3310 360 3369 cadit'
380 3317 486 3366 contra
501 3308 532 3365 in
548 3309 595 3367 bis
611 3308 790 3367 differentiis
805 3327 835 3386 p.
852 3316 903 3369 292
915 3307 991 3367 haec
1006 3309 1161 3385 leguntur:
1177 3298 1258 3384 pattci
1269 3313 1401 3367 imbriam

261 3420 319 3481 est,
335 3413 413 3467 stilla
428 3414 483 3467 otei
496 3413 544 3467 nel
561 3414 642 3468 aceti.
676 3408 730 3469 sed
754 3410 845 3469 etiam
862 3407 997 3469 indicare
1013 3411 1086 3469 licet
1102 3410 1176 3491 quid
1193 3431 1297 3470 ansam
1312 3410 1402 3467 huius

262 3512 470 3591 inscriptionis
482 3511 643 3587 fingendae
655 3511 838 3591 praebuerit.
856 3530 894 3569 ex
910 3513 1085 3591 apographo
1098 3515 1178 3571 enim
1192 3512 1298 3570 barum
1317 3510 1402 3569 diffe-

263 3614 427 3673 rentiarum
446 3633 464 3671 a
482 3612 648 3672 Duebnero
673 3614 753 3672 facto
777 3614 861 3671 cuius
882 3632 969 3670 usum
986 3613 1172 3673 Ritsclrelius
1191 3614 1403 3674 liberalissime

264 3715 336 3774 milri
352 3716 504 3774 concessit
523 3714 616 3773 didici
632 3726 702 3774 ante
718 3716 773 3774 has
790 3714 976 3774 differentias
993 3717 1021 3772 iu
1037 3715 1143 3774 eodem
1162 3717 1281 3789 codice,
1295 3715 1347 3795 qui
1359 3715 1404 3774 di-

264 3818 455 3876 versissimas
463 3816 701 3876 differentiarum
713 3818 919 3875 conlectiones
927 3818 1062 3876 continet
1075 3815 1128 3894 (cf.
1139 3818 1299 3897 catalogue
1311 3818 1402 3895 gend-

265 3918 311 3977 ral
324 3917 378 3976 des
390 3938 524 3977 manusc.
538 3918 592 3978 des
608 3918 745 3977 biblioth.
763 3918 817 3977 des
830 3918 947 3997 (tripart.
961 3917 1162 3998 1p.4oosq.),
1179 3920 1406 3979 adnotationem

265 4020 350 4080 illam
357 4019 539 4098 Hieronymi
551 4023 594 4078 sic
601 4022 707 4081 referri
718 4043 723 4079 :
734 4024 867 4094 palemon
880 4025 1023 4081 oiceteans
1036 4021 1069 4093 (i.
1079 4042 1104 4080 e.
1122 4025 1276 4096 Vicetinus)
1289 4025 1407 4096 insipnis

265 4125 472 4197 prammaticas
487 4122 568 4181 romei
582 4126 705 4182 liabetur
719 4127 769 4196 qai
779 4126 921 4195 quarratam
940 4128 1133 4199 interropatus
1149 4145 1176 4183 e.
1194 4144 1223 4203 q.
1240 4144 1263 4182 s.
1296 4121 1407 4181 deinde

268 4224 421 4301 sequitur:
451 4228 591 4296 incipiant
607 4223 788 4299 differentiae
804 4226 888 4281 Remi
900 4227 1063 4283 Paternonis
1078 4244 1117 4284 cn:
1131 4229 1203 4284 libra
1222 4227 1347 4283 Suetoni.
1375 4231 1409 4281 ut

270 4324 418 4403 adpareat
433 4326 514 4383 hune
529 4325 661 4384 indicem
673 4328 782 4405 partim
792 4345 830 4384 ex
841 4325 899 4384 hae
913 4327 1057 4385 memoria
1071 4328 1181 4405 partini
1201 4345 1239 4383 ex
1257 4324 1410 4402 subscrip

269 4427 351 4486 tione
361 4428 415 4487 illa
428 4436 586 4487 consutum
600 4447 679 4487 esse.
694 4430 753 4486 iam
764 4448 838 4489 vero
850 4429 933 4508 ipsas
946 4428 1133 4487 differentias
1144 4436 1352 4506 perscrutatus
1364 4426 1409 4483 in-
