3218 5000
280 365 343 431 204
782 380 913 423 enarra

278 552 299 593 a
318 537 439 617 puncto
461 528 617 611 efficitur,
641 531 746 594 denuo
768 529 855 617 quod
877 537 1000 594 motum
1023 552 1065 593 cx
1083 550 1118 593 se
1139 528 1272 611 habeat,
1296 527 1414 594 deinde

278 633 364 719 quod
387 639 497 695 eareat
523 633 544 708 †
566 631 688 697 iudicio
716 630 924 717 angulorum,
953 641 986 695 et
1013 630 1101 719 quod
1127 632 1161 695 in
1186 654 1220 696 se
1248 628 1413 695 stellarum

278 733 400 820 figuras
417 756 529 798 ornnes
551 733 713 815 includat,
737 742 770 798 et
790 733 877 820 quod
905 744 1026 799 motum
1048 732 1255 797 inerrabilem
1278 730 1413 817 habeat3

278 838 305 900 si
323 836 454 923 quidem
477 856 536 899 sex
557 835 612 898 alii
634 845 741 899 motus
758 835 914 899 errabiles
933 846 1022 900 sunt:
1046 846 1121 899 ante
1142 857 1163 898 a
1186 846 1277 921 tergo
1298 835 1414 900 dextra

277 938 437 1025 laeuaque
459 959 585 1001 sursum
608 937 840 1025 deorsumque,
860 947 1024 1024 postremo
1047 946 1078 1002 ct
1105 936 1193 1025 quod
1219 939 1435 1002 necessitates

278 1040 453 1121 efficiatur,
473 1053 510 1104 ut
529 1040 611 1104 baec
631 1040 705 1103 axis
726 1039 813 1104 ultra
829 1040 986 1105 circulum
1005 1039 1082 1104 duci
1101 1062 1164 1104 non
1184 1042 1299 1126 possit.
1337 1038 1413 1103 Duo

277 1152 354 1206 sunt
380 1151 488 1206 autem
512 1142 532 1220 †
559 1163 639 1205 axes
669 1142 787 1229 quibus
809 1142 934 1207 eaelum
958 1141 1116 1206 uoluitur:
1160 1157 1413 1230 nonnusquam
1477 1218 1483 1229 1

276 1267 336 1309 εοε
358 1260 579 1321 aevlneurvn
600 1266 753 1308 uoeamus
776 1282 817 1294 -
837 1244 889 1308 hic
909 1236 1024 1327 ἄρκτοι
1046 1253 1122 1309 sunt
1146 1244 1180 1310 id
1204 1253 1253 1307 est
1276 1253 1413 1331 septem·

276 1347 416 1437 triones,
453 1348 508 1434 qui
534 1347 628 1410 nobis
658 1368 785 1434 semper
812 1355 971 1433 apparent
1000 1385 1037 1396 -
1064 1349 1117 1412 cni
1151 1347 1334 1411 contrarius
1364 1355 1413 1410 cst

277 1521 341 1586 quia
357 1521 455 1570 dentre
472 1519 546 1569 caeli
563 1519 662 1569 altiora
679 1526 755 1583 sunt,
778 1510 874 1586 pre'ssa
886 1520 996 1574 Austri)
1021 1521 1067 1572 37:
1086 1521 1138 1570 ‘Dc
1156 1519 1311 1570 cardinibus
1329 1518 1411 1569 caeli.

278 1588 412 1638 Cardines
426 1588 497 1638 caeli
511 1593 650 1637 extremae
664 1594 756 1654 partes
769 1596 832 1639 sunt
845 1590 912 1642 axis.
938 1595 966 1639 et
978 1590 1070 1639 dictae
1084 1589 1210 1638 cardines
1223 1606 1268 1649 θο,
1283 1587 1353 1652 quod
1365 1604 1414 1653 per

278 1673 325 1706 eos
338 1657 453 1706 uertitur
465 1655 582 1715 caelum,
594 1656 639 1703 uel
654 1659 718 1721 quia
730 1657 801 1707 sieut
814 1674 861 1707 cor
873 1656 1037 1707 uoluuntur!
1062 1656 1107 1706 38:
1122 1657 1173 1707 ‘Dc
1186 1657 1316 1705 connexis
1330 1654 1410 1705 caeli.

278 1724 408 1774 Conrrena
427 1729 517 1775 autern
536 1723 607 1773 caeli
627 1730 748 1774 extrema
767 1725 825 1775 eius
842 1732 918 1787 sunt,
939 1742 956 1776 a
975 1727 1109 1775 cumitete
1128 1726 1216 1785 dicta,
1234 1729 1264 1772 ut
1277 1728 1318 1771 est
1331 1722 1410 1772 illud:

277 1792 434 1843 Consanum
452 1792 558 1858 quoties
577 1791 680 1842 claudit
697 1810 750 1843 nos
768 1793 877 1843 humida
896 1793 1011 1843 caelum.
1038 1794 1194 1843 Contrexnm
1213 1791 1283 1840 enim
1302 1806 1411 1841 curuum

278 1868 327 1923 est,
341 1862 419 1925 qnasi
433 1875 593 1910 conrrersum
606 1876 655 1909 seu
668 1861 828 1910 inclinatura
843 1867 868 1910 et
883 1862 1036 1911 admodum
1050 1861 1144 1911 circuli
1158 1858 1276 1910 flexum)
1300 1857 1346 1909 39:
1362 1860 1413 1909 ‘De

276 1929 365 1978 ianuis
379 1927 460 1978 caeli.
485 1928 588 1977 Ianuae
603 1928 673 1978 caeli
687 1930 757 1979 duae
770 1936 841 1992 seint,
855 1930 943 1979 oriens
957 1935 985 1979 ct
997 1938 1121 1979 occasus.
1139 1945 1202 1979 nam
1215 1944 1269 1977 una
1282 1934 1360 1993 porta
1373 1927 1413 1976 sol

276 1997 403 2062 procedit
424 1996 481 2045 alia
498 2012 528 2044 se
546 1996 666 2060 recipit)
702 1998 748 2046 40:
769 2000 820 2047 ‘De
838 1998 949 2063 gemina
967 1999 1042 2047 facie
1061 1996 1141 2046 caeli.
1167 1996 1268 2046 Facies
1281 1995 1412 2045 caeliuel

277 2071 361 2131 caput
375 2064 519 2114 orientalis
536 2066 614 2129 regio
633 2071 688 2127 est,
711 2065 809 2115 ultima
821 2065 1055 2131 septentrionalis.
1081 2066 1114 2114 de
1133 2081 1186 2130 qua
1203 2066 1346 2114 laricanus:
1366 2064 1413 2113 Sic

276 2134 368 2183 mundi
382 2148 447 2197 pars
460 2133 515 2181 ime
527 2132 612 2195 iacet,
632 2150 711 2198 quam
725 2150 794 2183 aona
812 2133 914 2182 niualis
927 2135 1136 2199 Perpetuaeque
1149 2138 1275 2198 premunt
1287 2129 1411 2181 hiemes'

275 2201 321 2251 41:
341 2200 397 2250 ‘De
412 2206 540 2265 qrrattuor
552 2202 685 2264 partibas.
712 2202 825 2252 elimata
843 2202 915 2251 caeli
938 2201 966 2251 id
984 2209 1026 2251 est
1048 2202 1149 2267 plagae
1169 2200 1214 2250 uel
1228 2206 1320 2267 partes
1334 2206 1411 2265 quat·

275 2275 422 2331 tuoruum,
437 2285 470 2317 ea
484 2268 582 2333 quibus
594 2270 683 2333 prima
696 2287 760 2334 pars
778 2270 923 2320 orientalis
938 2286 950 2318 r
989 2271 1014 2319 io
1028 2275 1084 2331 est,
1104 2269 1175 2318 unde
1189 2268 1301 2333 aliquae
1314 2268 1412 2318 stellae

275 2339 407 2387 oriuntur.
433 2336 555 2385 secunda
572 2337 769 2401 occidentalis,
787 2339 834 2387 nbi
852 2339 931 2387 nobis
950 2353 967 2387 a
980 2339 1060 2402 iquae
1077 2337 1178 2387 stellae
1196 2337 1333 2386 occidunt.
1359 2343 1411 2385 ter·

275 2406 316 2455 iia
329 2404 563 2469 septentrionalis,
577 2404 624 2453 ubi
637 2405 676 2456 sol
690 2407 818 2471 peruenit
829 2408 858 2455 in
870 2406 967 2455 diebus
980 2406 1138 2455 maioribus.
1163 2412 1261 2471 quarta
1273 2405 1412 2465 australis,

274 2474 321 2523 ubi
336 2473 376 2522 sol
389 2472 518 2537 peruenit
530 2473 657 2522 noctibus
670 2475 827 2524 maioribus.
852 2476 944 2523 oriens
958 2480 1048 2523 autern
1068 2474 1102 2523 ab
1122 2478 1183 2523 ortu
1202 2473 1267 2522 solis
1287 2477 1329 2522 est
1346 2488 1412 2521 nun-

276 2548 400 2607 cupatus.
412 2539 542 2591 occidens
556 2541 625 2605 qrrod
638 2542 711 2591 diem
724 2544 794 2592 facit
807 2543 934 2593 occidere
949 2549 1031 2606 atque
1045 2543 1167 2591 interire.
1182 2541 1328 2590 abscondit
1340 2542 1412 2590 enim

275 2609 366 2659 lumen
379 2609 478 2659 mundo
492 2613 519 2657 et
532 2609 660 2659 tenebras
674 2611 870 2674 superinducit.
895 2611 1047 2675 septentrio
1061 2617 1151 2679 autern
1166 2626 1183 2658 a
1201 2616 1307 2673 septem
1324 2608 1413 2658 stellis

276 2679 336 2727 asia
349 2682 473 2737 uocatus,
494 2691 563 2740 quae
578 2678 606 2725 in
621 2679 679 2741 ipso
693 2677 834 2728 reuolutae
848 2683 979 2728 rotantur.
1003 2678 1049 2727 bic
1067 2679 1176 2743 proprie
1193 2677 1294 2726 dicitur
1312 2683 1340 2726 et
1351 2693 1410 2725 uer·

276 2752 320 2794 tex
335 2762 367 2792 eo
381 2745 451 2809 «lired
463 2745 588 2792 uertitur.
608 2746 736 2794 meridios
750 2753 842 2796 autem
855 2753 956 2795 uocata
969 2746 1013 2795 irel
1027 2746 1092 2810 quia
1106 2746 1143 2795 ibi
1157 2745 1198 2794 sol
1211 2745 1282 2794 facit
1294 2746 1412 2794 medinm

275 2814 347 2862 diem
361 2812 440 2877 qriasi
453 2812 596 2873 medidies,
610 2814 653 2862 uel
669 2816 734 2877 quia
746 2820 811 2863 tnnc
825 2815 918 2878 purius
931 2816 1015 2863 micat
1028 2814 1139 2875 aether;
1158 2829 1259 2863 merum
1279 2814 1351 2862 enim
1364 2828 1412 2878 pu·

275 2897 332 2930 rum
345 2880 456 2929 dicitnr.
469 2886 533 2928 saint
545 2886 573 2929 et
586 2880 643 2930 alia
655 2882 706 2931 VII
720 2882 834 2931 climata
852 2881 924 2931 caeli
949 2882 1027 2946 quasi
1041 2883 1093 2930 VII
1110 2882 1202 2931 lineae
1216 2881 1250 2931 ab
1264 2883 1369 2931 oriente
1385 2883 1412 2930 in

274 2949 461 3007 occidentem,
480 2947 530 2996 sub
549 2948 647 3012 quibus
666 2954 693 2999 ct
710 2966 798 2999 mores
815 2949 952 3001 hominurn
966 2950 1091 3015 dispares
1104 2955 1187 3014 atque
1200 2949 1333 2998 animalia
1351 2966 1412 3014 spc-

274 3017 385 3066 cialiter
398 3016 509 3064 diuersa
520 3022 679 3079 nascuntur,
694 3033 764 3081 quae
778 3024 938 3083 nuncupata
950 3024 1013 3067 sunt
1030 3034 1047 3068 a
1063 3016 1132 3068 locis
1146 3018 1306 3081 quibusdam
1326 3019 1411 3067 sarno-

274 3087 321 3147 sis,
340 3099 451 3149 quorum
463 3083 567 3148 primus
581 3092 624 3134 est
636 3086 747 3147 Merois,
761 3086 897 3135 secundus
911 3086 1009 3148 Syene,
1032 3087 1131 3136 tertius
1144 3085 1314 3135 Catacboras
1328 3086 1355 3135 id
1370 3090 1412 3135 est

272 3154 378 3213 Africa,
398 3156 511 3216 quartus
524 3152 643 3214 Rhodus,
657 3155 767 3218 quintas
780 3154 991 3218 Hellespontus,
1013 3160 1106 3203 sextus
1118 3155 1309 3219 Mesopontus‚
1327 3155 1411 3219 septi-

273 3237 332 3271 mus
351 3218 556 3270 Bornstbenes.’
580 3222 625 3270 42:
650 3223 701 3272 ‘De
719 3222 937 3287 hemisphaeriis.
967 3221 1330 3287 llemisplraeriumdimidie
1348 3238 1411 3287 pars

273 3290 408 3356 sphaerae
428 3292 477 3336 est.
503 3287 724 3355 hemisphaerion
737 3306 820 3356 supra
833 3296 933 3338 terram
952 3298 995 3340 cst
1012 3306 1046 3340 oa
1059 3306 1122 3355 pers
1135 3289 1221 3353 caeli,
1241 3305 1310 3354 quac
1335 3306 1352 3338 a
1364 3307 1411 3339 no·

273 3358 316 3407 bis
335 3362 395 3407 tota
412 3354 536 3405 uidetur:
555 3356 777 3424 hemisphaerion
796 3358 845 3406 sub
864 3362 938 3407 terra
956 3363 1012 3421 est,
1037 3374 1107 3422 quae
1128 3358 1217 3407 uideri
1238 3373 1291 3408 non
1309 3363 1411 3423 potest,

273 3425 401 3490 quamdin
421 3424 470 3471 snb
489 3428 563 3473 terra
582 3426 683 3476 suerit!
716 3427 759 3475 Cf.
789 3426 909 3475 Isidorus
930 3427 1016 3491 origg.
1041 3426 1141 3476 x1115
1163 3426 1353 3476 Cassiodorius
1377 3427 1410 3475 de

273 3494 380 3543 artibus
399 3508 433 3541 ac
450 3492 605 3557 disciplinis
623 3494 780 3544 liberalium
798 3494 952 3545 litterarum
970 3511 1032 3561 cap.
1044 3495 1120 3544 VIII.
1139 3522 1171 3529 —
1195 3494 1322 3558 Hyginus
1334 3496 1364 3545 Ρ.
1378 3495 1409 3545 Α.

274 3598 362 3607 -—·--
371 3598 400 3604 m*

355 3645 500 3708 diudicio
524 3652 577 3707 AB
598 3650 745 3708 incisione
766 3653 837 3708 coni.
858 3652 984 3709 Grialr'as
1003 3649 1113 3708 indicio
1136 3653 1275 3707 Areoelus
1291 3646 1304 3729 11
1319 3670 1410 3726 ange·

272 3735 367 3793 lerum
385 3730 422 3791 Α2
438 3731 451 3813 11
466 3754 499 3791 εθ
512 3754 564 3793 om.
578 3739 602 3791 A
617 3728 630 3816 11
645 3734 801 3793 stellanrm
818 3738 872 3792 AB
886 3739 953 3793 libri
965 3754 1062 3793 omnes
1078 3738 1170 3793 Griuli
1190 3742 1307 3793 ceteras
1330 3739 1412 3810 vulpe

273 3818 315 3899 113
333 3819 495 3879 inerrabile
516 3816 551 3877 A'
573 3819 781 3879 inennarabile
804 3816 842 3877 A²
868 3819 1101 3880 inenarrabilem
1121 3823 1148 3876 Β
1163 3813 1208 3900 114
1226 3828 1323 3878 motos
1343 3818 1382 3877 B¹
1397 3818 1410 3899 11

271 3903 450 3967 inerrabiles
476 3905 500 3962 Β
522 3925 601 3962 *ε*
625 3902 735 3963 rabilss
754 3909 778 3962 A
799 3905 1039 3965 iuennarrabilcs
1056 3902 1093 3962 A²
1104 3900 1121 4025 11
1138 3906 1198 3964 sint
1218 3900 1356 3986 Allante
1381 3916 1412 3963 at

272 3993 380 4067 ergoA
396 4000 467 4050 ante
484 4009 556 4065 ergo
573 3984 627 4070 Β11
643 4002 787 4069 sauream
805 3996 827 4049 A
843 3988 856 4069 11
872 3991 1051 4049 deorsumue
1075 3993 1103 4047 B
1139 3990 1279 4049 deorsum
1302 3996 1409 4048 Areaa-

270 4082 315 4135 lus
335 4072 349 4156 11
368 4084 552 4154 postremum
578 4078 605 4132 B
628 4084 874 4156 postremumque
895 4082 919 4134 A
949 4071 962 4158 11
978 4077 1181 4135 neccessitate
1204 4068 1257 4155 All
1271 4085 1288 4138 6
1303 4073 1349 4153 ut]
1367 4098 1410 4132 aa

270 4170 304 4219 ut
328 4165 355 4218 B
371 4169 405 4218 ut
427 4161 453 4219 da
472 4163 496 4217 A
515 4153 529 4239 11
551 4179 585 4217 ec
607 4158 645 4217 ΒῙ
667 4156 680 4242 11
703 4168 792 4221 extra
819 4159 857 4219 B¹
878 4156 927 4241 117
954 4181 1028 4219 axes
1056 4164 1134 4220 ΑΒΘ
1162 4161 1223 4239 poli
1246 4158 1407 4241 Arcoulasll

271 4246 395 4305 horrens
417 4249 442 4303 A
461 4244 571 4303 boreas
591 4249 618 4302 Β
633 4240 677 4326 118
699 4246 841 4327 aquiloni¹
859 4242 949 4304 eA²0
970 4240 983 4327 11
1002 4246 1071 4304 hic·
1093 4252 1117 4303 A
1142 4245 1213 4305 hinc
1230 4249 1252 4304 0
1272 4240 1286 4326 11
1308 4255 1410 4304 arctoe

272 4335 299 4389 B
310 4342 394 4390 arcte
410 4327 445 4388 Α1
467 4330 549 4389 θεοῖο
568 4327 606 4389 A²
627 4330 758 4390 ardnaO
773 4327 786 4413 11
802 4341 871 4390 sunt
893 4334 920 4389 Β
941 4334 970 4388 in
988 4350 1046 4389 rus.
1063 4325 1077 4414 11
1092 4331 1124 4390 id
1146 4326 1408 4411 estA¹ide1nA²lf

271 4417 486 4497 septentrionis
501 4419 527 4474 A
