3218 5000
461 694 590 753 LIBER
618 694 677 753 DE
702 692 833 753 virus
857 694 1185 756 CORPORALIBVS

146 847 215 917 ΠΟ
339 858 470 905 savius
490 842 613 927 pingue
642 841 776 924 durum,
805 842 893 928 quod
913 853 964 906 est
983 844 1070 907 inter
1090 852 1198 907 cutem
1220 853 1253 905 et
1271 842 1394 905 uiscus.

254 942 312 1005 alii
334 944 469 1006 aruinse
490 944 621 1006 nomine
644 942 784 1006 laridum
805 943 928 1008 dicunt.

145 1140 210 1211 l'li
337 1161 461 1221 nlaqvt
485 1143 651 1209 oculorum
673 1144 805 1230 anguli.-

144 1352 214 1423 172
338 1363 431 1410 vous
456 1347 636 1411 secundum
663 1349 746 1413 alios
771 1349 941 1436 utriusque
963 1370 1079 1413 manus
1103 1348 1252 1412 extensio
1276 1356 1325 1412 est
1347 1369 1395 1411 se·

252 1448 394 1511 cundum
415 1449 497 1512 alios
519 1448 664 1513 cubitus:
707 1449 796 1536 quod
816 1452 921 1534 magis
943 1472 1057 1514 uorum
1081 1458 1146 1528 est,
1170 1450 1247 1535 quia
1269 1448 1416 1515 Graecei

203 1615 205 1618 ,
253 1539 360 1631 ὠλένη
382 1548 502 1613 dicitur
523 1550 668 1626 cubitus,
691 1549 778 1614 unde
799 1559 832 1614 et
853 1545 1061 1627 λευκώλενος
1072 1541 1171 1633 Ἥρη.

279 1782 280 1787 =
340 1750 388 1805 llil
413 1753 764 1812 Serviushen.V1162“l:
788 1754 957 1807 ‘Secundum
975 1756 1135 1806 Suetonium
1157 1758 1186 1805 in
1208 1754 1278 1806 libro
1302 1755 1335 1804 de
1352 1756 1394 1804 ui·

253 1822 301 1871 tiis
320 1823 509 1888 corporalibus
527 1825 650 1873 aruino
669 1830 711 1874 est
729 1826 856 1888 pingue
875 1823 1005 1873 durum’
1026 1840 1050 1873 e.
1070 1840 1094 1888 q.
1114 1839 1137 1873 a.
1167 1823 1289 1873 Isidorus
1308 1822 1394 1938 origg.

252 1890 291 1941 xl
313 1890 323 1938 Ι
344 1891 399 1953 i‘de
416 1890 527 1941 homine
546 1897 575 1940 et
592 1892 717 1957 partibus
736 1890 826 1955 eius’),
845 1891 892 1939 81:
922 1892 1034 1940 ‘Aruina
1053 1898 1096 1941 est
1114 1890 1253 1956 pinguedo
1272 1892 1330 1939 cuti
1347 1904 1365 1939 a
1385 1917 1395 1926 ·

250 1957 389 2007 haerena)
406 1980 441 1992 ·-
469 1959 573 2008 Paulus
591 1959 670 2008 Festi
688 1976 714 2025 p.
733 1959 780 2008 20:
805 1959 921 2008 ‘Arbilla
939 1961 1052 2021 aruino,
1071 1959 1099 2008 id
1118 1965 1162 2008 est
1179 1959 1318 2024 pinguedo
1337 1972 1395 2006 cor·

251 2025 345 2092 poris.’
381 2025 512 2076 Placidus
535 2027 619 2092 gloss.
641 2043 667 2091 p.
690 2026 741 2076 428
764 2027 844 2075 Mai:
869 2027 980 2076 ‘arbilla
1004 2024 1160 2091 pinguedo)
1197 2025 1286 2075 Glosa.
1305 2025 1394 2075 Labb.

251 2109 277 2159 p.
297 2094 360 2143 201:
382 2095 489 2143 ‘aruina
508 2094 591 2152 λίπος
613 2083 686 2144 ἄνευ
708 2086 826 2157 σαρκός,
850 2083 1003 2159 ὄξύγγιον.’
1043 2111 1070 2159 p.
1094 2092 1157 2143 200:
1185 2092 1295 2143 ‘arbina
1312 2082 1395 2156 ὀξύγ-

251 2176 324 2228 ypov.
345 2188 376 2198 -
395 2162 566 2225 Hesychius:
589 2152 730 2228 ἆρβίννη·
748 2155 844 2227 κρέας,
864 2160 989 2212 Σικελοί.

339 2227 383 2282 iil
411 2230 522 2279 Servius
551 2230 639 2295 eclog.
663 2231 706 2280 111
729 2230 758 2278 8:
800 2230 973 2279 'l‘ransuersa
1000 2230 1142 2279 tuentibus
1169 2226 1263 2293 hircis]
1289 2228 1395 2279 ‘hircos

252 2298 270 2347 i.
291 2314 314 2347 e.
334 2313 433 2363 capros
451 2296 603 2348 libidinosa
626 2303 739 2348 constat
761 2312 822 2347 esse
847 2298 988 2346 animalia.
1031 2296 1103 2346 iurde
1122 2297 1269 2346 Horatius:
1288 2296 1394 2345 Libidi-

252 2380 334 2415 nosns
357 2366 543 2415 immolabitur
567 2381 650 2431 caper
674 2370 702 2414 et
724 2380 798 2430 agna
821 2366 1043 2430 tempestatibus.
1085 2365 1156 2428 quod
1179 2365 1265 2413 etiam
1287 2364 1395 2413 Plinius

251 2434 394 2483 Secundus
412 2434 495 2482 dicit:
519 2434 599 2482 Hirci
618 2434 641 2483 si
660 2448 727 2482 casn
751 2433 845 2497 aliquo
863 2441 994 2482 coeuntes
1018 2432 1128 2493 uident,
1154 2433 1224 2481 odeo
1247 2431 1394 2495 indignan-

251 2508 309 2563 tur,
332 2502 409 2550 utin
427 2517 580 2566 eoapaone
600 2501 731 2565 impetum
749 2501 866 2550 iaciant.
906 2501 971 2550 hinc
990 2507 1044 2549 est:
1064 2501 1237 2550 Tranauersa
1255 2499 1395 2549 tuentibus

251 2569 335 2619 hircis
359 2570 378 2617 i.
404 2584 428 2617 e.
451 2575 571 2618 uestram
594 2569 792 2632 turpitudinem
819 2567 1038 2633 indignantibus.
1084 2568 1134 2616 alii
1161 2567 1212 2617 hoc
1240 2567 1396 2632 improbant

252 2642 281 2686 et
304 2637 401 2702 legunt
422 2636 537 2701 hirquis.
577 2635 694 2700 hirqui
718 2642 811 2685 autem
829 2642 893 2686 sunt
911 2636 1084 2685 oculorum
1108 2634 1227 2701 anguli
1246 2634 1395 2684 secundum

251 2705 412 2754 Suetonium
430 2703 621 2768 Tranquillum
645 2704 674 2753 in
697 2705 775 2753 uitiis
794 2704 998 2768 corporalibus,
1023 2710 1053 2752 ut
1071 2704 1108 2752 sit
1125 2717 1236 2752 sensus:
1263 2703 1394 2752 Nouimus

253 2770 299 2836 qui
322 2777 350 2819 te
369 2773 523 2835 corruperit
544 2770 650 2835 hirquis
673 2776 834 2821 transuersa
858 2771 1022 2829 tuentibus3·
1042 2776 1070 2819 et
1093 2776 1136 2819 est
1159 2770 1308 2835 hypallage
1331 2785 1393 2834 pro:

253 2839 341 2889 oculis
360 2840 388 2886 in
407 2837 518 2902 hirquos
537 2839 658 2899 retortis,
678 2854 760 2903 quam
778 2855 835 2888 rem
853 2839 925 2888 solet
942 2838 1028 2887 libido
1046 2838 1188 2903 perlicere.
1224 2838 1393 2887 undsluue·

251 2907 339 2956 nolis:
362 2906 519 2970 Oculosque
543 2906 571 2955 in
595 2906 647 2956 tine
671 2909 825 2956 trementis.
866 2907 990 2956 Persius:
1015 2906 1143 2955 Patranti
1161 2907 1267 2955 fractus
1285 2904 1393 2954 ocello.'

251 2973 373 3024 Isidorus
391 2974 479 3038 origg.
497 2974 552 3023 XII
572 2973 601 3036 l,
622 2972 666 3023 14:
686 2974 797 3024 ‘Hircns
814 2975 949 3024 lasciuum
968 2974 1071 3023 animal
1090 2980 1118 3023 et
1135 2973 1277 3037 petulcum
1294 2978 1322 3022 et
1340 2974 1394 3022 ier·

251 3056 320 3091 nens
344 3056 452 3106 semper
470 3041 506 3091 ad
524 3042 639 3091 coitum:
664 3042 742 3091 cuius
761 3042 835 3091 oculi
854 3042 889 3091 ad
907 3042 1051 3091 libidinem
1067 3042 1099 3090 in
1116 3047 1302 3091 transuersum
1321 3040 1393 3105 aspi·

252 3110 343 3171 ciunt,
372 3108 444 3158 uride
469 3114 497 3158 et
513 3125 613 3159 nomon
635 3111 729 3159 traxit.
772 3125 835 3159 nam
863 3110 953 3159 hirci
981 3115 1045 3158 sunt
1072 3109 1245 3159 oculorum
1274 3108 1395 3173 anguli

251 3177 400 3227 secundum
424 3177 593 3227 Suetonium.
630 3178 708 3226 cuius
726 3172 826 3227 natura
849 3179 920 3227 adeo
939 3177 1111 3227 calidissima
1135 3183 1187 3238 ost,
1208 3182 1239 3225 ut
1263 3177 1392 3226 adaman-

250 3251 307 3295 tem
329 3245 463 3308 lapidem,
490 3260 571 3310 quem
593 3261 646 3295 nec
670 3245 744 3310 ignis
767 3261 820 3295 nec
844 3246 912 3295 ferri
934 3245 1013 3294 ualet
1035 3245 1146 3295 domare
1169 3244 1301 3305 materia,
1320 3243 1394 3293 solua

250 3312 331 3361 huius
350 3327 430 3362 cruor
447 3312 589 3363 dissoluat.
626 3314 745 3362 maiores
763 3312 832 3362 hirei
848 3312 978 3378 Cinyphii
996 3313 1125 3362 dicuntur
1143 3328 1160 3361 a
1172 3313 1255 3362 fluuio
1268 3311 1394 3376 Cinyphe

164 3422 169 3431 .
250 3381 280 3430 in
297 3380 397 3443 Libya,
416 3381 464 3430 ubi
482 3381 601 3446 grandes
619 3380 788 3430 noscuntur)

336 3446 386 3499 112
404 3448 516 3498 Servius
534 3464 628 3514 georg.
647 3447 764 3497 111355:
795 3448 907 3514 Septem
925 3449 1047 3514 assurgit
1069 3449 1098 3497 in
1116 3444 1209 3511 ulnas]
1229 3447 1346 3497 ‘crescit
1364 3447 1393 3495 in

250 3523 355 3581 septem
385 3514 472 3566 ulnas.
512 3515 593 3565 ulna
617 3521 709 3565 autem
732 3522 761 3564 ut
784 3516 903 3566 diximus
930 3516 1115 3566 secundnm
1144 3513 1246 3564 alios¹
1272 3531 1296 3565 e.
1321 3530 1346 3579 q.
1371 3529 1392 3563 a.

250 3584 363 3634 Servius
387 3583 476 3648 eclog.
495 3583 538 3633 Ili
559 3582 617 3633 105:
646 3584 709 3633 Tris
732 3589 830 3647 pateat
853 3584 925 3634 coeli
948 3584 1068 3648 spatium
1090 3599 1145 3633 non
1168 3582 1286 3647 amplius
1303 3578 1392 3645 ulnas]

252 3652 327 3701 ‘ulna
347 3653 459 3731 proprie
479 3653 668 3716 catapotium,
687 3652 715 3700 in
734 3656 941 3715 qnantumutra
961 3667 994 3700 ne
1008 3651 1165 3700 extenditur
1177 3665 1281 3726 margus.
1318 3649 1395 3698 diota

249 3719 316 3769 ulna
333 3712 392 3769 απὸ
410 3716 467 3767 τῶν
483 3708 596 3768 diendo
617 3719 636 3768 i.
661 3736 685 3769 e.
710 3735 727 3768 a
745 3719 880 3781 brachiis,
909 3667 1027 3768 undeet
1049 3711 1222 3774 λευκώλενος
1241 3717 1306 3782 Hpq
1326 3716 1394 3766 dioi-

250 3793 302 3836 tur.
334 3788 401 3836 licet
422 3787 568 3837 Suetonius
590 3787 703 3836 ulnam
727 3786 820 3850 (nuum
839 3788 942 3851 Daniel)
967 3786 1120 3837 cubitum
1142 3785 1210 3835 uelit
1229 3801 1304 3835 esse
1323 3790 1394 3834 tan-

250 3852 435 3904 tummodo)
459 3853 580 3905 Isidorus
598 3855 686 3920 origg.
705 3855 743 3903 Xl
764 3853 787 3915 l,
806 3852 853 3903 ot:
878 3855 959 3904 ‘Vina
976 3854 1127 3904 secundum
1145 3853 1275 3917 quosdam
1293 3852 1393 3901 utrius·

251 3938 303 3986 que
322 3936 419 3972 manns
437 3923 562 3973 extensio
576 3929 628 3983 eat,
647 3923 796 3971 secundum
815 3922 885 3973 alios
904 3922 1022 3983 cubitus,
1043 3921 1113 3986 quod
1128 3922 1216 3987 magis
1228 3934 1323 3970 uerum
1342 3924 1393 3981 est,

251 3991 317 4054 quia
330 3989 438 4040 Graece
455 3979 559 4048 ὄλενος
578 3990 687 4040 cubitus
705 3989 825 4040 dieitur?

338 4242 349 4291 l
364 4187 468 4289 uisdiiir
481 4231 559 4302 Lips.
575 4223 589 4309 11
604 4228 737 4305 Sanguli
750 4229 905 4289 oculorum
918 4230 1021 4303 Rapio.
1038 4235 1114 4287 1495
1128 4223 1142 4310 11
1156 4237 1173 4291 6
1186 4217 1293 4306 ὠλένη]
1307 4232 1394 4283 otnoc

251 4315 346 4374 Poris.
359 4320 433 4373 7959
444 4313 550 4372 olenos
575 4315 636 4372 Vct.
649 4320 724 4372 3317
738 4332 761 4373 s.
773 4317 823 4373 XI
834 4309 848 4395 11
864 4323 894 4373 et
909 4317 1029 4387 scripsi:
1044 4324 1091 4373 ost
1103 4317 1170 4371 libri
1182 4307 1196 4391 ll
1213 4303 1393 4380 λεικώλενος.

250 4400 280 4457 h.
298 4421 326 4479 p.
342 4400 371 4457 h.
388 4401 483 4455 Puris.
503 4403 576 4456 7959
591 4405 771 4469 aeykaaenoo
788 4399 861 4477 hph.
883 4401 945 4457 Ver.
962 4403 1039 4456 3317
