3202 4998
695 452 800 497 (ssrrrr
825 457 847 494 11
1283 439 1345 499 449

201 605 385 681 legoriarrun
397 603 656 663 studiurninitium
667 606 748 681 cepit
762 625 780 662 a
794 605 950 663 Melitonis
968 606 1104 682 episcopi
1118 604 1280 669 Sardensis
1292 611 1344 688 qui

202 706 385 784 temporibus
398 704 495 763 lilarci
505 706 613 763 Aureli
625 706 703 763 vixit
716 706 806 777 clavi,
820 725 908 783 quem
920 705 1029 763 librum
1040 708 1153 785 primus
1165 709 1245 769 idem
1257 711 1343 770 Pitra

202 809 222 866 l.
237 830 261 867 c.
272 808 387 886 publici
400 808 471 864 iuris
485 807 568 864 fecit.
581 827 711 885 quocum
724 808 885 866 coniuncta
898 816 957 877 est,
975 818 1008 865 ut
1020 808 1164 883 diximus,
1179 812 1342 889 explicatio

202 912 296 988 ipsius
312 909 458 968 naturalis
472 908 631 967 verborum
656 908 840 968 intellectus.
876 910 1142 987 interpretationes
1163 921 1265 970 antem
1283 935 1343 972 non

201 1012 241 1071 ad
258 1012 373 1069 litteras
390 1011 583 1088 proferuntur
600 1009 654 1068 sed
672 1020 826 1088 percerte
849 1021 1092 1085 argumentorum
1109 1032 1224 1088 genera
1244 1014 1342 1073 distri-

200 1112 291 1171 butae
311 1120 390 1172 sunt.
428 1132 488 1191 qua
507 1113 623 1170 ratione
653 1118 868 1189 expresserunt
889 1110 932 1169 illi
947 1122 1100 1189 pratorum
1116 1116 1289 1188 consilium,
1312 1118 1343 1175 in

200 1215 310 1294 quibus
321 1212 353 1272 id
368 1213 497 1272 maxime
510 1214 572 1290 egit
587 1214 750 1273 Suetonius
764 1223 798 1271 ut
814 1215 846 1271 in
864 1214 996 1291 ipsorum
1011 1224 1255 1290 argumentorum
1272 1238 1342 1276 con·

200 1318 367 1376 tinuatione
391 1314 551 1381 verborum
574 1317 791 1394 proprietatem
816 1314 963 1394 adpositis
984 1325 1142 1393 poetarum
1164 1327 1194 1375 et
1215 1321 1341 1398 scripto·

200 1438 264 1476 rum
278 1418 353 1476 locis
368 1417 552 1475 inlustraret.
584 1416 665 1495 quod
680 1417 849 1474 institutum
864 1435 1045 1495 quamquam
1064 1415 1103 1475 ab
1117 1417 1236 1476 Isidoro
1255 1421 1343 1500 quasi

199 1519 332 1600 quodam
364 1518 542 1577 cruditionis
569 1517 638 1575 odio
668 1517 805 1595 plurimis
836 1517 911 1575 locis
934 1516 1141 1577 oblitteratum
1168 1508 1341 1580 esttamen

199 1632 305 1700 apeme
332 1623 422 1679 etiam
446 1639 526 1679 nuuc
552 1620 745 1695 cognoscitur
762 1639 806 1677 ex
822 1620 992 1695 fragmento
1013 1628 1075 1692 tsi,
1096 1619 1148 1679 ubi
1168 1623 1342 1704 Tranquilli

199 1723 295 1782 verba
309 1743 343 1781 se
357 1723 495 1802 proferre
515 1720 627 1781 diserte
642 1719 776 1780 Isidorus
794 1729 933 1780 testatur.
962 1721 994 1779 in
1014 1720 1123 1800 quibus
1142 1726 1273 1783 maxime
1295 1734 1342 1784 est

200 1824 342 1883 notabilis
354 1844 519 1882 consensus
536 1843 603 1881 cum
620 1823 708 1881 Verri
722 1822 831 1881 Flacci
845 1822 1144 1901 interpretationibus
1153 1805 1191 1883 'in
1203 1825 1287 1885 libris
1303 1827 1341 1885 dc

195 1926 360 1986 'verborum
376 1926 596 2002 significatione
612 1924 786 2002 propositis.
810 1942 938 2001 quocum
951 1922 1222 1983 contendas'veliur
1234 1928 1339 2004 fragm.

203 2037 248 2091 127
258 2030 275 2066 *
286 2049 315 2106 p.
328 2037 387 2089 202.
405 2036 511 2084 contra
523 2025 626 2083 deleta
636 2034 705 2082 sunt
723 2034 881 2103 poetarum
893 2017 1105 2084 testimoniam
1118 2026 1194 2084 libro
1207 2028 1245 2086 de
1262 2049 1340 2087 anuo
1385 2076 1393 2086 .
1457 2060 1462 2075 ·

199 2130 403 2223 Romanorum
421 2129 590 2203 fragmento
616 2126 702 2198 111*,
732 2146 799 2183 cum
819 2127 944 2184 Verrius
966 2126 1097 2185 Flaccus
1114 2137 1259 2205 quantum
1275 2130 1340 2208 qui·

200 2230 268 2289 dem
293 2227 341 2289 ex'
354 2229 504 2305 excerptis
528 2229 592 2286 eius
613 2227 802 2303 intellegitur
822 2225 861 2284 ad
875 2210 989 2303 ’eadem
1010 2227 1126 2287 dierum
1147 2231 1270 2287 nomina
1289 2251 1339 2289 ex·

198 2330 354 2410 plananda
364 2337 523 2408 poctarum
532 2328 704 2387 testimonia
714 2348 774 2385 non
787 2326 962 2405 repudiarit.
981 2328 1062 2408 quod
1073 2331 1267 2408 proprietatis
1276 2340 1338 2391 stu·

200 2433 282 2492 dium
294 2440 328 2491 ut
340 2429 599 2491 accommodatum
613 2439 659 2487 est
674 2429 713 2488 ad
729 2436 824 2487 totam
838 2429 1010 2508 Tranquilli
1028 2451 1118 2509 quam
1134 2451 1226 2510 supra
1243 2454 1272 2511 p.
1287 2442 1340 2496 406
1427 2491 1431 2496 ,

198 2534 399 2593 indicavimus
414 2536 561 2591 rationem
577 2532 619 2588 ita
635 2529 767 2588 debebat
784 2529 941 2589 Beckerus
956 2551 985 2609 p.
1003 2530 1065 2589 XV
1080 2533 1140 2590 rion
1154 2534 1339 2594 confundere

199 2656 267 2694 cum
279 2635 516 2715 antiquariorum
526 2631 674 2692 Hadriani
688 2632 802 2690 sacculi
815 2627 935 2690 studiis.
948 2633 1037 2690 immo
1049 2634 1190 2692 vercillis
1202 2655 1234 2694 sc
1248 2655 1339 2713 oppo-

200 2739 297 2796 suisse
310 2740 401 2796 etiam
418 2737 448 2794 iu
460 2744 613 2814 pratorum
631 2732 715 2791 libris
735 2731 915 2791 iudicandus
932 2741 992 2805 est,
1009 2754 1084 2813 quos
1104 2756 1164 2794 uon
1180 2736 1339 2796 thesauros

199 2839 391 2917 antiquarum
404 2838 526 2915 liuguae
539 2837 702 2894 formarum
714 2833 889 2892 essevoluit
904 2834 960 2893 sed
973 2836 1115 2914 propriae
1129 2848 1282 2918 notaeque
1296 2840 1339 2897 la·

199 2940 325 2998 tinitatis
340 2939 467 3000 iudices.
487 2940 591 3018 itaque
603 2956 660 2996 nee
672 2935 806 3012 vulgaris
818 2936 900 2993 vitae
914 2956 1084 2996 sermonem
1098 2951 1277 3017 aspernatus
1293 2951 1341 2999 est

198 3041 279 3100 unde
294 3043 432 3121 proprias
447 3062 547 3101 rerum
559 3039 794 3117 significationes
804 3048 1007 3115 recuperaret.
1035 3041 1078 3098 sic
1094 3042 1338 3121 exemplumque

199 3163 285 3201 usum
298 3144 384 3203 caeci
399 3143 507 3202 fluctus
520 3142 642 3219 (fragm.
657 3140 729 3201 rot*
743 3159 773 3217 p.
788 3136 852 3214 214)
870 3141 1046 3200 enuclearet
1063 3161 1100 3200 ex
1113 3142 1245 3219 Augusti
1259 3144 1338 3221 epis-

198 3245 268 3304 tulis
283 3245 408 3324 repetit,
430 3266 520 3325 quern
538 3241 700 3321 antiquarii
716 3247 797 3298 certe
817 3239 976 3298 fastidiose
994 3237 1138 3320 spernere
1157 3242 1319 3304 debebant.

283 3348 360 3405 Item
378 3347 606 3423 grammaticum
621 3363 654 3402 se
670 3339 771 3419 prodit
786 3338 817 3396 in
834 3340 960 3401 vocibus
971 3343 1168 3402 animantium
1183 3344 1337 3420 conligen-

199 3449 245 3507 dis
271 3447 393 3526 (fragm.
418 3446 496 3523 161),
518 3464 646 3525 quarum
666 3442 800 3518 singulas
818 3462 884 3500 ¹non
906 3442 1009 3501 dubito
1033 3445 1106 3522 quin
1130 3443 1169 3502 de
1183 3444 1337 3502 veteribus

198 3549 414 3629 adprobaverit
427 3546 480 3626 (ef.
492 3546 670 3623 Spartianus
684 3544 764 3603 Geta
776 3539 823 3621 5),
841 3546 898 3602 etsi
914 3545 1014 3603 omnia
1029 3545 1203 3604 testimonia
1217 3544 1337 3605 brevia-

199 3662 295 3710 torum
321 3660 393 3729 puto
415 3648 550 3708 taedium
571 3645 713 3706 resecuit.
748 3665 857 3723 nempe
879 3646 992 3722 Vgutio
1008 3666 1101 3705 voces
1117 3647 1292 3706 animalium
1306 3648 1338 3706 in

197 3764 285 3831 parte
303 3762 420 3812 tanturn
436 3772 470 3810 se
488 3770 601 3830 ponere
619 3747 776 3826 profitetur
793 3756 826 3803 ut
843 3747 932 3804 ctiam
951 3766 1061 3804 vocum
1076 3747 1186 3805 multas
1201 3757 1336 3825 praeter-

198 3853 317 3911 misisse
333 3873 401 3911 eum
417 3854 481 3911 iure
498 3849 671 3910 concludas.
690 3869 819 3927 quocum
832 3849 897 3906 fere
913 3848 1106 3906 consentiunt
1119 3848 1270 3925 glossaria
1283 3848 1338 3908 illa
1424 3872 1428 3877 ·

199 3974 277 4032 quae
298 3955 383 4032 siglis
400 3960 423 4012 Α
439 3959 467 4012 F
483 3960 505 4013 G
522 3956 553 4011 H
565 3957 596 4010 K
607 3955 635 4009 P
647 3952 776 4027 signavi.
813 3950 902 4028 plura
916 3969 977 4007 nou
990 3969 1154 4028 numquam
1170 3949 1285 4009 babent
1299 3971 1338 4009 ea

199 4066 343 4134 excerpta
359 4077 437 4136 quae
458 4057 537 4114 notis
554 4057 582 4111 B
589 4056 718 4112 CDEM
734 4053 879 4129 insignita
894 4061 973 4110 suut.
1004 4070 1083 4129 quac
1099 4053 1199 4110 omnia
1218 4070 1255 4110 ex
1275 4071 1336 4109 uno

197 4158 353 4216 Aldhelmi
373 4161 424 4238 qui
447 4179 525 4217 anuo
546 4163 597 4220 709
611 4166 743 4214 mortuus
767 4164 814 4213 est
834 4154 973 4233 exemplo
992 4152 1048 4233 (B)
1068 4172 1215 4232 expressa
1229 4153 1335 4211 riden-

198 4267 254 4317 tur.
271 4258 353 4319 hunc
362 4280 434 4318 vero
451 4269 482 4317 et
492 4261 590 4337 ipsum
603 4256 730 4316 Suetoni
739 4255 777 4315 de
788 4257 903 4315 naturis
915 4275 1014 4313 rerum
1027 4254 1136 4312 librum
1146 4254 1259 4313 adiisse
1271 4255 1336 4313 eius

197 4358 292 4418 verba
309 4359 352 4438 (p.
373 4370 425 4421 2⁴8
446 4359 529 4437 adu.)
552 4367 715 4418 testantur:
745 4362 879 4431 exemplu
904 4361 982 4415 111111
1001 4358 1141 4428 confusae
1161 4360 1196 4413 dc
1215 4360 1337 4413 (litterata

197 4465 431 4535 resurrecturis
453 4471 596 4535 crrapcsm.
642 4460 697 4519 sed
722 4471 823 4520 tamen
844 4466 1004 4517 contentus
1025 4458 1068 4515 sui
1096 4457 1254 4531 Vgutionis
1282 4475 1335 4514 ex·

249 4575 367 4609 srsrour
387 4575 449 4608 asc.
759 4610 762 4614 Α
1094 4559 1132 4613 Ill
1186 4598 1198 4616 .
