3202 4998
667 433 787 481 ,osrvr
802 432 841 475 ιιι
1265 408 1329 472 475

192 612 253 652 uon
271 589 498 672 qnod-Varroni
514 587 666 647 contraria
677 586 813 646 docuerit
827 585 992 646 Suetonius
1005 610 1048 628 ε-
1063 583 1152 643 immo
1166 601 1240 642 vero
1251 582 1329 642 Var-

192 695 351 754 ronianam
366 690 566 751 eruditionem
583 689 748 769 praecipue
762 687 889 748 Suetoni
911 706 1006 765 opere
1027 685 1157 766 posteris
1177 694 1328 745 servatam

193 815 262 857 esse
279 793 487 854 contenderim
501 825 544 837 -
560 791 614 852 sed
631 780 703 873 quia
716 791 880 853 Suetonius
896 798 926 849 et
936 789 1077 849 faciliora
1091 787 1130 848 ad
1146 787 1329 865 intellegor·

194 896 264 956 dum
281 906 405 977 proptor
419 897 516 976 ipsam
535 894 716 954 brevitatem
727 901 759 953 et
778 890 1050 952 accommodatiora
1067 890 1108 950 ad
1130 898 1250 970 captum
1275 890 1328 950 ho·

192 1020 257 1060 rum
274 1008 442 1078 temporum
456 996 607 1057 tradebat.
635 996 774 1056 nimirum
789 994 871 1076 quod
889 993 1011 1053 facilius
1030 1012 1069 1053 ex
1085 994 1231 1054 Suetonio
1252 993 1328 1052 anti·

192 1122 274 1183 quae
288 1099 468 1184 eruditionis
482 1100 588 1178 copias
604 1096 823 1158 hauriebantur
838 1096 983 1157 Varronis
1000 1095 1071 1168 libri
1087 1116 1148 1156 non
1168 1099 1260 1155 edam
1275 1093 1336 1155 ad.

193 1204 281 1264 bibiti
297 1212 376 1287 sunt.
412 1222 472 1282 qua
491 1222 527 1262 re
549 1210 784 1261 cousentaneum
805 1208 865 1272 est,
886 1218 954 1260 oum
968 1198 1115 1259 Varronis
1136 1200 1248 1277 scripta
1266 1217 1329 1257 ma·

79 1308 85 1319 “
193 1309 240 1385 gis
254 1305 411 1384 magisque
426 1304 663 1382 neglegerentur
673 1311 705 1362 et
718 1322 792 1362 vero
803 1302 947 1382 perirent,
963 1320 999 1360 eo
1018 1300 1132 1360 maiore
1148 1301 1329 1360 auctoritate

194 1407 374 1468 Suetonium
381 1405 526 1466 valuisse.
543 1407 587 1465 sic
598 1413 706 1485 quarto
719 1404 844 1464 saeculo
853 1404 1071 1484 Hieronymus,
1083 1411 1117 1462 ut
1127 1402 1281 1471 biswriam
1292 1402 1328 1461 il·

192 1510 253 1569 lam
274 1508 422 1568 bellorum
445 1508 579 1567 ciuilium
605 1509 753 1580 omittam,
775 1507 851 1566 libro
871 1506 909 1566 de
931 1504 1108 1565 inlustribus
1125 1504 1216 1578 viria,
1238 1522 1330 1584 quem

192 1614 258 1691 ipse
276 1612 409 1670 imitatus
427 1618 474 1671 est
495 1611 641 1691 cuiusque
664 1610 798 1687 singulas
818 1607 984 1687 particulas
1007 1611 1067 1667 iarn
1089 1615 1160 1667 anto
1180 1626 1329 1684 gramma·

191 1714 245 1775 tici
267 1714 364 1773 veluti
387 1713 527 1773 Donatus
545 1713 726 1795 Hieronymi
746 1712 892 1789 magister
907 1720 941 1771 ut
958 1711 1081 1770 scholiis
1099 1709 1331 1790 praemitterent

193 1835 361 1896 excerpere
388 1815 470 1876 soliti
494 1824 595 1888 crant,
624 1815 655 1873 in
675 1813 891 1874 additamentis
914 1812 953 1872 ad
975 1812 1143 1872 Eusebium
1169 1831 1243 1872 usus
1269 1821 1328 1871 cst:

193 1918 362 2000 eodemque
389 1917 455 1977 iere
479 1925 614 1995 ternpore
636 1916 761 1976 Servius
781 1914 961 1975 Suetonium
985 1916 1015 1974 in
1037 1935 1122 1975 snum
1150 1934 1235 1975 usum
1258 1934 1326 1973 con·

192 2022 285 2080 vertit
316 2020 412 2080 veluti
443 2019 536 2080 libros
568 2017 705 2077 ludicrae
733 2017 879 2076 historiae
909 2025 941 2076 et
968 2026 1073 2095 prata,
1100 2034 1179 2096 quae
1207 2014 1330 2096 quidem

192 2123 260 2201 ipsa
285 2136 447 2200 numquam
477 2121 614 2179 nominat
637 2128 670 2179 ut
700 2120 762 2179 ism
792 2127 853 2177 tum
884 2117 1019 2196 singulas
1045 2126 1198 2197 pratorum
1226 2127 1329 2197 partes

192 2242 326 2284 seorsum
347 2221 517 2302 descriptas
535 2240 603 2280 esse
620 2220 774 2298 conligere
794 2220 898 2280 liceat.
929 2239 1111 2301 quamquam
1131 2220 1163 2279 in
1180 2239 1327 2280 commen·

192 2325 278 2385 tariis
299 2322 473 2397 sessionis,
498 2304 611 2403 quippe
638 2342 712 2403 quos
732 2322 786 2382 ille
809 2342 848 2381 cx
874 2321 1094 2406 antiquioribus
1114 2323 1329 2403 hypomnema-

192 2429 231 2487 tis
240 2427 401 2486 maximam
412 2434 528 2504 partem
541 2425 750 2504 conpilaverit,
763 2442 837 2483 usus
849 2424 1103 2485 Suetonianorum
1113 2423 1256 2483 librorum
1268 2446 1329 2485 non
1406 2453 1409 2460 ·

193 2538 253 2589 tam
266 2527 427 2588 manifesto
442 2526 581 2607 proditur
597 2547 686 2607 quam
700 2526 731 2586 in
748 2526 871 2587 scholiis
883 2525 1132 2625 Berneqsibuss
1123 2546 1155 2585 ιιι
1165 2526 1268 2605 primis
1284 2528 1329 2586 eis

193 2630 272 2711 quiae
288 2629 327 2689 ad
343 2629 485 2706 Iunilium
505 2628 536 2688 id
552 2638 599 2688 est
611 2629 824 2710 Philargyrum
839 2594 1022 2689 rsPeruntur.
1051 2628 1092 2688 cf.
1112 2648 1215 2706 georg.
1230 2628 1263 2687 II
1280 2636 1330 2691 158

193 2734 314 2813 (fragm.
331 2733 403 2795 157*
415 2730 486 2793 adn.
500 2728 580 2809 sup)
596 2732 716 2790 Irruils'su
732 2740 759 2789 et
772 2733 949 2806 Tranquillus
964 2749 1066 2808 georg
1081 2730 1190 2793 111151
1207 2728 1330 2809 (fragm.

195 2830 282 2912 ιθο*)
302 2837 446 2893 Suetonius
471 2843 496 2892 et
519 2835 646 2892 Iunilius.
677 2833 738 2891 iam
756 2852 831 2891 vcro
853 2832 962 2892 eadem
981 2841 1083 2893 aetate
1102 2831 1235 2892 studium
1258 2852 1328 2892 con·

193 2938 320 3017 spiritur
351 2936 441 2995 etiam
470 2934 678 2994 Suetouienao
713 2933 891 2996 eruditionis
917 2935 950 2994 in
976 2936 1133 3015 angustius
1162 2934 1328 3015 cogendae,

193 3041 279 3099 onius
302 3040 348 3098 rei
372 3037 543 3117 exemplum
563 3037 678 3098 habeas
698 3039 853 3099 metricam
874 3036 999 3098 Paulini
1018 3039 1132 3099 Nolani
1152 3038 1191 3100 de
1205 3039 1329 3118 regibus

193 3141 362 3220 epitomum.
404 3140 494 3200 huius
522 3149 624 3199 autem
650 3142 802 3200 mentione
830 3139 1038 3215 admonemur,
1070 3151 1104 3202 nt
1127 3140 1209 3222 quod
1238 3162 1329 3222 supra

191 3244 381 3323 promisimus
400 3236 532 3302 studium
553 3241 630 3302 illud
651 3264 709 3323 quo
730 3250 831 3302 aetate
848 3245 1008 3321 posteriori
1031 3243 1238 3304 Suetoniansc
1261 3264 1330 3303 eru·

193 3345 316 3409 ditionis
339 3345 488 3424 reliquiae
510 3345 649 3404 versibus
670 3334 933 3405 conscriberentur
960 3345 1012 3423 (ct.
1033 3366 1063 3427 p.
1085 3354 1136 3409 297
1149 3346 1232 3427 sqq.)
1251 3366 1326 3425 pau·

132 3522 140 3532 ι
193 3449 236 3507 cis
252 3448 454 3507 inlustremur.
499 3447 530 3505 in
546 3467 607 3527 qua
620 3465 654 3504 re
670 3445 890 3506 discernendae
906 3455 977 3507 sunt
990 3447 1069 3507 dnae
1087 3457 1214 3521 aetates,
1231 3447 1330 3508 altera

192 3549 326 3623 Ausoni,
341 3548 439 3608 altera
451 3548 547 3627 ipsius
571 3547 664 3608 medii
683 3549 762 3608 aovi.
794 3546 946 3609 Ausonius
968 3550 1047 3608 enirn
1070 3549 1193 3608 Paulini
1215 3550 1331 3610 amiens

194 3650 359 3711 Caesarum
370 3650 463 3710 libros
477 3649 657 3709 brevissimo
670 3651 803 3710 carmine
818 3650 851 3709 in
867 3652 1027 3730 epitomam
1042 3660 1201 3732 coegerat,
1218 3649 1328 3713 eidem-

141 3772 144 3777 *
192 3768 253 3834 que
268 3753 363 3814 aetati
379 3750 565 3812 vindicanda
578 3751 721 3811 videntur
735 3753 870 3812 carmina
886 3753 954 3828 illa,
972 3772 1052 3832 quae
1069 3753 1100 3813 iu
1115 3754 1232 3815 Ansoui
1246 3753 1328 3814 codi-

194 3855 278 3915 cibus
299 3855 442 3933 leguntur
464 3854 502 3915 de
521 3853 691 3915 nominibus
712 3864 829 3934 septem
850 3854 965 3915 dierum
982 3864 1013 3915 et
1025 3856 1173 3916 mensium
1195 3876 1214 3915 a
1230 3858 1328 3937 poetis

193 3956 285 4016 medii
308 3958 378 4017 aevi
398 3958 519 4037 saepius
532 3955 677 4017 imitando
690 3976 846 4035 expressa.
867 3957 915 4017 his
927 3967 1026 4018 autem
1040 3959 1115 4037 ipsis
1126 3957 1329 4020 adtribuends.

193 4066 263 4118 sunt
273 4059 407 4118 carmina
419 4059 457 4119 de
470 4058 629 4118 duodecim
640 4060 740 4140 ventis
749 4078 865 4150 -nam
881 4070 1003 4138 praetor
1013 4059 1083 4119 illos
1098 4064 1252 4138 Tranquilli
1254 4066 1328 4139 phy·

112 4165 115 4170 ’
192 4164 244 4220 εἰεί
256 4180 377 4235 versus,
394 4181 470 4242 qnos
490 4163 549 4221 iam
566 4160 722 4221 Beeksrus
742 4162 902 4241 praeclare
917 4162 977 4223 buc
991 4164 1145 4242 pertinere
1164 4164 1328 4238 intellexit,

194 4260 278 4322 aliud
294 4263 326 4321 in
342 4257 516 4342 anthologia
530 4263 643 4323 Latina
658 4284 778 4323 carmen
791 4264 926 4324 eiusdem
942 4266 1111 4345 argumenti
1127 4275 1230 4341 extat,
1245 4266 1329 4347 quod

195 4364 319 4443 egregie
335 4383 403 4423 oum
415 4364 596 4446 Tranquillo
608 4367 747 4443 congruit
763 4400 805 4411 -
822 4365 933 4428 deinde
949 4387 1053 4428 versus
1070 4367 1109 4429 de
1122 4367 1250 4429 vocibus
1263 4370 1327 4427 ani·

143 4528 146 4537 ,
193 4465 351 4543 muntium,
375 4468 541 4546 conpositio
564 4465 696 4551 danique
711 4468 870 4555 horologii.
903 4471 1020 4557 spirant
1033 4472 1113 4535 euim
1130 4470 1209 4534 bueo
1226 4472 1327 4536 omnia
