3220 5022
268 402 330 465 372
603 417 827 468 uvsesrrosas
846 416 1072 458 sauromathae

263 594 329 632 rum
345 572 441 631 altera
457 572 659 630 Romanorum
674 570 739 627 ludi
760 567 1007 628 inlustrabantur.
1040 587 1168 646 quocum
1184 586 1244 624 non
1266 566 1403 643 congruit

264 677 342 734 ratic
360 674 447 732 huius
465 672 742 742 6616166616116616,
764 691 824 750 qua
841 671 981 730 Graecae
1004 668 1092 727 simul
1113 677 1143 727 et
1156 667 1285 725 Latinae
1302 667 1404 743 poesis

264 793 380 853 genera
396 782 426 831 et
444 774 575 850 origines
597 783 830 851 pertractentur.
864 773 894 830 in
911 773 1006 830 aronis
1025 780 1125 827 autem
1141 769 1241 846 poesis
1258 767 1403 842 originem

264 875 395 936 vidimus
404 874 581 934 Suetonium
595 877 703 951 fragm.
718 882 735 934 1
747 875 909 953 inquirere,
922 873 1003 931 6616
1017 872 1116 929 1661116
1132 879 1197 928 6161
1208 870 1352 927 transitus
1363 867 1405 925 'ad

265 977 450 1054 singulorum
463 997 608 1053 generum
622 977 716 1035 initia.
733 975 883 1055 inquibus
898 973 1030 1033 debebat
1042 972 1181 1032 Graecae
1194 969 1334 1048 poeticae
1345 969 1406 1028 his·

265 1080 371 1137 toriam
385 1079 493 1137 saltem
508 1078 697 1149 arltunbrare,
712 1097 802 1155 quarn
814 1087 865 1135 aut
877 1080 1006 1135 referret
1020 1083 1072 1132 aut
1086 1073 1123 1131 ad
1137 1073 1222 1130 cuius
1235 1071 1406 1148 exemplum

265 1182 396 1238 16161616
421 1189 505 1249 esset
525 1181 589 1239 fere
617 1188 680 1237 1616
700 1179 803 1255 poesis
823 1178 942 1237 Latina.
984 1194 1063 1255 quae
1086 1194 1153 1232 cum
1176 1174 1316 1247 11661111,
1346 1193 1407 1231 666

265 1283 325 1340 1661
338 1280 573 1356 confugiendum
586 1280 704 1339 videtur
714 1299 781 1337 cum
795 1279 897 1337 Keilio
905 1280 1001 1358 praef.
1012 1300 1041 1357 p.
1055 1278 1119 1348 LV,
1132 1295 1191 1356 quo
1205 1275 1308 1333 sedem
1325 1274 1406 1350 frag·

266 1381 361 1440 menti
372 1380 593 1453 nanciscamur,
608 1380 646 1439 ad
659 1389 813 1458 pratorum
826 1378 933 1452 libras,
951 1380 1060 1460 quihus
1077 1379 1199 1459 quidem
1211 1384 1244 1434 ut
1256 1375 1293 1435 16
1311 1375 1407 1433 omni-

266 1482 323 1541 hus
341 1481 407 1539 aliis
419 1478 511 1539 rebus
523 1483 566 1539 ita
582 1481 619 1539 de
635 1482 757 1559 poetica
769 1490 890 1559 poterat
907 1485 1027 1561 exponi.
1048 1498 1234 1561 aequavero
1251 1477 1407 1536 desidera·

267 1594 317 1642 tur
331 1582 475 1641 indicium
491 1601 551 1660 quo
565 1583 677 1639 6611166
690 1581 838 1661 adpareat
851 1605 924 1643 vere
939 1584 1116 1661 indagatum
1131 1601 1199 1640 6666
1212 1590 1242 1638 61
1255 1588 1408 1637 auctorem

269 1694 300 1742 61
310 1683 428 1753 librum,
442 1682 522 1741 unde
535 1703 590 1741 sua
603 1684 769 1744 Diomedes
780 1685 925 1745 hauserit.
947 1704 1017 1744 uam
1028 1686 1059 1742 iu
1072 1683 1288 1742 additamentis
1299 1681 1407 1739 Hiero·

267 1785 350 1867 nymi
368 1783 407 1842 61
422 1783 587 1842 chronicon
602 1784 809 1844 Eusebianum
825 1787 902 1845 hacc
918 1787 1073 1864 leguntur:
1105 1788 1229 1859 Pylades
1245 1786 1319 1841 Cilix
1334 1800 1408 1853 pan-

268 1892 410 1955 tomimus,
433 1904 498 1944 cam
518 1894 631 1943 ueteres
646 1890 704 1959 ipsi
718 1898 872 1947 6661616161
887 1894 980 1963 adque
994 1894 1150 1955 saltarent,
1171 1889 1285 1958 primas
1301 1886 1410 1941 Romae

267 1994 387 2049 chorum
402 1998 430 2046 ct
442 1991 569 2060 fistulam
584 1991 639 2046 sihi
650 1993 824 2062 praecinere
836 1993 908 2063 serit
924 1992 1044 2067 (fragm.
1056 1988 1115 2066 4²¹³).
1148 1989 1232 2068 atqui
1245 1987 1409 2046 Suetonius

269 2093 307 2151 de
328 2090 435 2150 eadem
451 2089 560 2147 artium
575 2090 783 2148 scaenicarum
798 2094 991 2170 separatione
1007 2091 1089 2170 apud
1103 2089 1284 2149 Diomedem
1303 2110 1333 2169 p.
1349 2096 1409 2159 491,

270 2193 324 2271 qui
341 2211 409 2251 eum
425 2192 608 2261 nominavit,
624 2191 769 2269 disputat.
788 2193 994 2273 Hieronymus
1004 2195 1110 2271 igitur,
1124 2213 1192 2252 eum
1208 2200 1327 2250 constet
1342 2209 1411 2249 eum

269 2293 379 2353 librum
401 2292 438 2350 16
456 2291 528 2350 viris
544 2291 722 2353 inlustribus
744 2294 920 2355 adhibuisse
936 2317 992 2355 nec
1008 2295 1100 2353 facile
1117 2295 1185 2374 quis
1203 2294 1333 2371 coniciet
1348 2291 1410 2349 1116-

269 2395 384 2454 triones
402 2395 432 2451 in
453 2412 610 2487 numerum
629 2394 798 2455 inlustrium
813 2398 945 2456 virorum
967 2398 1078 2456 relatos
1096 2415 1181 2468 6666,
1200 2393 1329 2472 Pyladis
1349 2410 1410 2452 me·

270 2499 396 2556 moriam
410 2514 447 2553 ex
457 2495 650 2572 praefatione
663 2493 732 2553 libri
745 2496 783 2555 de
796 2500 895 2576 poetis
909 2501 1063 2578 recepisse
1075 2495 1255 2558 1611666166
1269 2502 1324 2554 661.
1348 2496 1411 2553 6616

272 2597 411 2678 equidem
424 2596 643 2655 Mommsenum
664 2598 681 2655 l.
700 2618 726 2656 6.
739 2619 768 2677 p.
785 2608 837 2662 693
861 2600 932 2658 huic
948 2600 1154 2659 additamento
1173 2598 1277 2657 sedem
1289 2597 1412 2657 dedisse

270 2703 302 2759 in
323 2698 451 2758 historia
472 2696 527 2756 illa
542 2698 746 2757 Romanarum
766 2720 866 2758 rerum
888 2721 979 2780 supra
996 2709 1237 2760 commemorata.
1273 2697 1329 2757 661
1345 2718 1413 2756 cum

270 2802 362 2859 116616
378 2801 443 2857 6166
459 2806 553 2875 ponat
567 2819 700 2876 pugnam
714 2800 888 2877 Actiacam,
904 2803 982 2862 haec
1000 2801 1038 2860 de
1050 2801 1169 2881 Pylade
1184 2802 1318 2861 narratio
1334 2818 1413 2879 quae

272 2903 311 2961 ol.
325 2911 384 2972 189,
401 2911 419 2963 3
435 2898 591 2977 adscripta
603 2901 642 2957 sit
658 2919 725 2959 eum
737 2905 894 2962 terminum
909 2903 1015 2963 decern
1027 2906 1092 2963 fere
1104 2905 1191 2962 annis
1203 2900 1335 2961 6166111.
1355 2920 1412 2960 666

272 3011 405 3062 16616161
421 3021 476 3058 nos
498 2999 581 3079 quad
602 3001 682 3078 apud
698 3003 879 3063 Diomedem
896 3005 1028 3085 Pyladis
1040 3008 1153 3065 mentio
1178 3007 1262 3064 sacta
1282 3023 1343 3062 666
1364 3003 1413 3061 611.

271 3124 342 3164 nam
362 3103 419 3161 hoc
435 3102 633 3180 praefationis
650 3103 877 3181 supplemento,
901 3107 982 3187 quod
999 3127 1071 3166 casu
1087 3116 1242 3166 servatum
1257 3113 1320 3177 661,
1342 3124 1412 3163 con·

272 3206 409 3264 firmatur
426 3212 558 3274 tantum,
581 3202 663 3280 quod
681 3205 792 3286 siquis
813 3208 977 3266 attenderit
993 3209 1060 3287 ipsa
1076 3186 1233 3267 Diomedis
1250 3205 1413 3285 disputatio

271 3306 387 3387 prodit:
403 3324 513 3384 nempe
526 3313 671 3383 excerpta
682 3317 752 3367 6661
766 3327 784 3366 6
799 3308 967 3368 miserrimo
979 3311 1175 3388 grammatico
1188 3309 1254 3367 6166
1269 3308 1333 3366 6116
1348 3317 1413 3366 arte
1509 3360 1514 3365 .

274 3409 443 3489 conposita.
479 3406 535 3467 sed
557 3416 591 3465 ut
612 3409 672 3466 iam
693 3408 757 3468 dixi
778 3412 809 3469 in
831 3410 976 3489 dispersis
997 3412 1058 3470 illis
1075 3421 1105 3471 et
1120 3410 1256 3470 disiectis
1272 3408 1414 3469 membris

274 3511 391 3588 egregii
413 3509 629 3588 disputationis
645 3514 781 3589 corporis
795 3514 885 3593 quasi
900 3512 1006 3571 umbra
1020 3519 1122 3591 potest
1137 3510 1262 3590 dispici;
1285 3530 1361 3590 quas
1376 3509 1414 3567 li·

273 3631 348 3671 11666
371 3611 444 3670 66116
466 3609 627 3669 1161166166
650 3612 676 3669 si
692 3631 867 3692 sequemur,
891 3625 998 3694 suapte
1014 3622 1120 3694 sponte
1137 3633 1174 3673 ex
1190 3614 1256 3673 istis
1272 3610 1411 3671 sordibus

274 3732 323 3772 ars
335 3714 457 3790 poetica
473 3712 662 3771 Suetoniana
684 3724 831 3791 emerget.

360 3815 420 3872 Pro
437 3814 535 3891 capite
553 3814 644 3890 igitur
662 3813 875 3894 disputationis
890 3819 1038 3895 poematis
1053 3817 1162 3877 divisio
1178 3818 1208 3875 in
1223 3817 1283 3876 tria
1297 3834 1412 3893 genera

274 3912 418 3972 habenda
432 3922 487 3986 est,
503 3933 582 3992 quae
596 3914 783 3975 discribendi
794 3916 871 3975 ratio
881 3937 947 3975 cum
960 3920 1088 3996 primum
1101 3938 1119 3976 6
1132 3917 1261 3977 Platone
1274 3918 1413 3977 instituta
1434 3990 1437 3997 ι

275 4023 382 4074 666616
391 4005 596 4092 grammaticis
607 4016 736 4077 Graecis
746 4028 776 4077 et
786 4018 904 4078 Latinis
916 4019 1166 4097 amplificabatur.
1183 4025 1275 4097 atque
1288 4017 1412 4077 scholiis

275 4114 398 4194 quidem
413 4115 619 4177 bucolicorum
626 4120 783 4178 Theocriti
799 4118 953 4196 etVergili
963 4121 1162 4199 praeponitur
1172 4119 1279 4178 similis
1292 4119 1411 4198 depec-

274 4218 364 4276 matis
370 4218 534 4294 generibus
547 4221 868 4281 commentatiuncula:
881 4241 938 4279 nec
948 4221 1122 4280 oblitterata
1129 4230 1199 4280 sunt
1210 4221 1281 4279 16116
1289 4221 1413 4297 originis

275 4318 406 4395 vestigia
418 4320 447 4377 in
464 4319 650 4380 Suetoniana
660 4321 878 4401 disputatione,
898 4322 948 4380 ubi
963 4322 1123 4381 dramatici
1133 4322 1255 4400 generis
1273 4320 1414 4399 exempla

276 4438 315 4478 ex
326 4420 442 4496 eclogia
449 4419 566 4498 Vergili
578 4430 766 4502 repetuntur.
785 4422 840 4482 661
852 4442 931 4501 quas
943 4424 975 4481 in
986 4422 1110 4483 scholiis
1117 4422 1210 4482 Probi
1221 4431 1415 4504 exponuntur
