3218 5000
245 383 308 452 236
753 404 886 448 rssrvn

244 550 427 616 renitatem.
469 558 556 615 certe
578 550 604 614 si
629 550 724 615 rubet
748 553 842 637 quasi
867 573 981 616 aurum
1004 560 1119 617 uentos
1142 551 1338 616 ostendit-
1352 550 1388 616 iit

245 653 331 716 enim
346 660 463 715 uentus
479 673 522 715 ex
536 653 622 717 aeris
635 652 813 735 densitate,
832 652 1023 738 (densitate)
1037 653 1180 718 obducta
1198 653 1291 717 solet
1308 653 1388 718 luna

245 753 489 818 rubescunt-
515 754 592 818 item
620 756 649 818 si
677 776 799 819 cornua
832 756 902 818 eius
935 753 1064 819 obtecta
1099 756 1222 819 fuerint
1255 755 1386 837 nebula,

244 863 421 941 tempestas
452 854 563 919 futura
588 865 647 920 est.
702 856 826 920 Aratus
854 865 962 921 autern
995 855 1089 933 dicit,
1125 857 1154 920 si
1185 856 1386 942 aquilonium

244 978 345 1021 cornu
376 953 474 1019 lunae
507 957 550 1020 sit
582 960 779 1045 porrectius,
815 959 1000 1044 aquilonem
1031 958 1208 1036 inminere;
1253 958 1331 1021 item
1360 956 1409 1021 sis

246 1079 346 1121 cornu
369 1056 512 1123 australe
536 1061 579 1122 sit
598 1060 755 1135 erectius,
779 1068 891 1123 notum
915 1059 1084 1137 inminere.
1134 1069 1250 1144 quarta
1280 1067 1388 1122 autem

246 1158 324 1223 luna
345 1157 528 1223 suturarum
551 1159 652 1224 iudex
676 1161 859 1225 certissima
885 1160 1023 1227 habetur
1044 1182 1212 1242 aurarum,
1240 1158 1327 1224 unde
1357 1167 1389 1223 et

247 1259 426 1344 Virgilius:

372 1362 425 1425 sin
446 1368 519 1426 ortu
541 1370 670 1448 quarto,
696 1385 837 1449 namquo
859 1364 887 1426 is
904 1364 1107 1429 certissimus
1131 1371 1255 1429 auctor.
1315 1432 1317 1436 ,

246 1461 323 1523 item
348 1460 434 1524 idom
456 1461 617 1548 Virgilius
641 1464 734 1546 dicit,
764 1466 791 1528 si
822 1463 871 1527 sol
895 1466 929 1528 in
952 1474 1024 1529 ortu
1045 1486 1103 1529 suo
1132 1461 1318 1527 maculosus
1347 1462 1389 1525 sit
1401 1484 1425 1523 ro

247 1629 308 1665 eum
326 1616 464 1666 serenitas
482 1618 519 1666 sit
535 1618 618 1681 licet,
642 1619 879 1683 pluuiamtamen
901 1626 1053 1685 uentosque
1075 1619 1283 1684 significabunt.
1319 1617 1343 1666 si
1361 1617 1389 1665 in

247 1689 307 1732 ortu
332 1689 380 1733 aut
402 1685 430 1733 in
454 1700 555 1736 occasu
580 1688 718 1737 contracti
741 1693 889 1737 comentur
912 1688 999 1749 radii,
1028 1688 1150 1737 imbrem.
1187 1687 1263 1737 siin
1288 1699 1390 1735 occasu

247 1751 306 1799 eius
324 1750 401 1815 pluet
420 1757 467 1801 aut
484 1753 557 1802 radii
574 1755 674 1805 nubem
693 1755 722 1804 in
740 1771 769 1805 se
789 1756 914 1818 trahent,
943 1771 1070 1835 asperam
1093 1756 1121 1804 in
1144 1755 1294 1819 proximum
1318 1753 1391 1801 diem

247 1823 440 1883 tempestatem
459 1820 663 1885 significabunt.
700 1839 761 1872 cnm
784 1823 889 1873 oriente
912 1823 984 1873 radii
1001 1839 1055 1872 non
1074 1823 1203 1872 inlustres
1222 1821 1390 1880 eminebant,

247 1886 372 1949 quamuis
391 1888 562 1938 circumdata
584 1890 671 1939 nubes
695 1905 749 1940 non
773 1891 822 1952 sit,
846 1892 969 1956 pluuium
992 1907 1046 1940 nou
1069 1890 1242 1956 portendant.
1278 1889 1302 1937 si
1326 1892 1391 1937 ante

247 1961 369 2003 exortum
387 1955 474 2004 nubes
493 1955 691 2020 globabuntur,
710 1958 827 2008 hiemem
847 1974 974 2024 asperam
992 1958 1202 2007 denuntiabunt.
1235 1957 1258 2006 si
1278 1956 1312 2005 ab
1331 1959 1392 2004 ortu

247 2021 415 2086 repellentur
439 2030 467 2071 et
491 2024 524 2072 sd
548 2041 677 2075 occasum
700 2027 830 2091 abibunt,
854 2027 1041 2076 serenitatem.
1078 2026 1103 2075 si
1126 2026 1212 2075 nubes
1230 2023 1316 2074 solem
1339 2022 1391 2072 cir-

248 2089 436 2153 cumcludant,
461 2096 564 2154 quanto
587 2094 675 2142 miuus
694 2094 804 2145 luminis
822 2094 980 2158 relinquent
997 2100 1076 2143 tanto
1094 2093 1228 2143 turbidior
1240 2093 1392 2155 tempestas

249 2157 315 2215 crit,
339 2157 363 2205 si
380 2172 446 2207 uero
466 2159 549 2208 etiam
568 2160 668 2225 duplex
691 2162 764 2212 orbis
783 2162 880 2224 fuerit,
901 2179 933 2212 eo
952 2162 1080 2212 atrocior.
1117 2161 1188 2226 quod
1206 2160 1231 2209 si
1249 2159 1277 2208 in
1296 2161 1393 2208 exortu

248 2229 296 2273 aut
315 2225 342 2272 in
361 2241 462 2274 occasu
480 2226 541 2286 fiet,
563 2228 603 2277 ita
620 2234 650 2278 ut
668 2230 817 2280 rubescant
834 2230 931 2291 nubes,
951 2243 1077 2279 maxuma
1096 2227 1256 2278 ostendetur
1274 2232 1392 2290 tempes-

249 2297 302 2341 tas.
338 2292 361 2341 si
380 2309 433 2342 non
453 2295 597 2343 ambibunt
615 2297 664 2345 sed
681 2296 855 2358 incumbent,
881 2314 897 2347 a
915 2311 1084 2363 quocumque
1108 2302 1191 2346 uento
1208 2294 1313 2344 luerint
1331 2308 1393 2343 eum

248 2360 444 2423 portenderint,
465 2363 488 2412 si
508 2378 524 2411 a
542 2364 668 2425 meridie,
689 2370 718 2413 ct
735 2364 858 2415 imbrem.
895 2365 918 2414 si
936 2366 1028 2415 oriens
1046 2365 1174 2429 cingetur
1192 2363 1267 2423 orbe,
1287 2377 1320 2411 ex
1339 2375 1393 2425 qua

249 2434 327 2492 purte
347 2428 370 2477 is
388 2444 417 2478 se
438 2431 528 2494 aperit
546 2435 707 2495 expectetur
724 2437 832 2482 uentus.
869 2433 893 2483 si
910 2437 985 2483 totus
1003 2432 1147 2481 defluxerit
1167 2429 1331 2495 aequaliter,
1350 2444 1392 2477 se·

249 2496 396 2545 renitatem
419 2495 506 2546 dabit.
548 2499 571 2547 si
595 2499 623 2548 in
648 2504 744 2549 exortu
766 2499 850 2566 longe
875 2500 967 2550 radios
985 2516 1034 2565 per
1051 2498 1132 2549 nubis
1150 2499 1273 2564 porriget
1292 2502 1318 2545 ct
1337 2511 1392 2551 me,

249 2562 311 2611 dius
329 2563 382 2613 erit
398 2563 498 2625 inanis,
518 2564 641 2630 pluuium
659 2565 838 2631 significabit.
875 2569 899 2617 si
919 2572 984 2617 ante
1002 2573 1089 2617 ortum
1108 2566 1179 2616 radii
1193 2581 1223 2615 se
1236 2563 1392 2625 ostendant,

250 2646 350 2694 aquam
374 2638 402 2681 et
424 2637 546 2681 uentum.
587 2634 611 2683 si
635 2634 712 2683 circa
734 2635 906 2685 occidentem
931 2636 1065 2685 candidus
1083 2633 1203 2684 circulus
1222 2633 1283 2693 erit,
1303 2630 1394 2680 noctis

249 2699 339 2748 leuem
358 2703 565 2764 tempestatem,
589 2701 613 2749 si
631 2701 746 2763 nebula,
771 2702 1021 2765 uehementiorem,
1046 2703 1069 2750 si
1094 2696 1230 2751 candente
1249 2700 1308 2749 sole
1327 2714 1392 2747 ncn-

249 2772 320 2827 tnm,
344 2767 367 2816 si
392 2773 453 2816 ater
471 2767 589 2817 circulus
608 2768 705 2831 fuerit,
732 2785 765 2818 ex
789 2786 843 2835 qua
861 2772 974 2835 regione
994 2772 1017 2821 is
1036 2770 1141 2835 ruperit
1158 2785 1188 2818 se
1206 2773 1318 2817 uentum
1337 2783 1393 2815 rna·

251 2847 341 2897 gnum.
382 2835 520 2884 Proxuma
546 2836 603 2884 siut
631 2837 689 2885 iure
716 2837 800 2887 lunae
827 2838 984 2902 praesagia.
1026 2844 1152 2902 quartam
1179 2852 1240 2885 eam
1268 2849 1394 2883 maxume

251 2900 381 2951 obseruat
404 2902 555 2966 Aegyptus.
597 2902 621 2951 si
649 2904 798 2969 splendens
822 2912 917 2956 exorta
940 2922 1007 2970 puro
1025 2905 1113 2955 nitore
1138 2904 1230 2965 fulsit,
1259 2903 1393 2953 serenita-

249 2974 320 3029 tem,
344 2968 366 3017 si
386 2969 552 3032 rubicunda,
571 2974 683 3033 uentos,
708 2974 732 3021 si
755 2973 848 3037 nigra,
876 2973 984 3039 pluuias
1007 2973 1171 3038 portendere
1194 2970 1324 3022 creditur.
1365 2971 1395 3019 in

251 3036 348 3101 quinta
370 3051 474 3087 cornua
503 3039 563 3087 eius
584 3042 704 3104 optunsa
731 3039 867 3105 planiam,
899 3048 992 3091 erecta
1021 3046 1048 3091 et
1072 3040 1178 3090 infesta
1200 3044 1298 3089 uentos
1324 3053 1395 3088 sem-

336 3186 349 3236 l
372 3173 452 3233 rubit
470 3177 495 3233 Α
510 3174 573 3233 ru&
589 3177 616 3233 B
631 3179 697 3235 eod.
719 3197 796 3238 mon.
818 3176 837 3236 b
859 3195 1007 3253 superscr.
1024 3170 1037 3257 Η
1053 3187 1162 3236 uentus
1180 3172 1273 3234 AB²G
1295 3173 1395 3235 uentis

244 3254 289 3319 '13¹
306 3254 319 3338 ΙΙ
334 3268 432 3321 iares
446 3264 468 3320 G
482 3259 497 3341 ΙΙ
512 3257 673 3333 densitate,
689 3261 841 3323 densitate
853 3262 985 3322 obducta
997 3262 1101 3335 GMM),
1114 3265 1276 3336 Bipuoeus:
1294 3260 1395 3320 densi·

250 3354 314 3405 tate
328 3345 461 3405 obducta
476 3350 528 3406 ΒΕ
538 3345 689 3404 densitate
704 3346 838 3407 obducta
853 3347 1005 3407 dnmACD
1020 3340 1033 3427 ΙΙ
1048 3345 1274 3408 3robescuntG
1290 3344 1395 3404 rubes-

252 3438 324 3490 cunt
344 3429 374 3489 id
391 3429 548 3491 imminere
563 3433 590 3488 D
604 3424 618 3511 ΙΙ
633 3438 716 3490 tecta
727 3434 815 3491 EGM
824 3427 839 3514 ΙΙ
855 3431 969 3491 nubula
982 3428 1020 3489 Αι
1032 3430 1138 3491 nubila
1149 3427 1186 3488 21⁸²
1202 3425 1215 3512 ΙΙ
1229 3439 1247 3491 4
1261 3429 1319 3506 cst]
1339 3431 1397 3488 erit

252 3518 309 3574 AM
322 3510 335 3597 ΙΙ
351 3524 398 3573 est
416 3526 447 3575 et
466 3536 533 3576 cum
553 3524 655 3574 auster
670 3524 780 3576 uentus
797 3517 916 3576 flsuerit
934 3525 1036 3576 aestus
1054 3518 1111 3575 erit
1132 3519 1231 3575 ACDG
1250 3516 1306 3573 nisi
1320 3518 1398 3589 quod

251 3607 276 3659 Α
293 3610 394 3659 aestas
409 3603 460 3659 AC
472 3601 575 3661 futura
590 3600 648 3659 erit
664 3610 692 3659 et
703 3605 727 3661 G
737 3622 796 3676 pro
811 3610 915 3660 auster
924 3610 1035 3660 uentus
1046 3601 1165 3660 flauerit
1179 3602 1294 3659 exhibet
1304 3601 1397 3657 a'ireu·

250 3696 300 3744 tus
317 3684 428 3762 pluerit
443 3680 456 3765 ss
471 3688 584 3745 oratius
602 3686 629 3742 Β
643 3679 656 3763 ΙΙ
672 3689 781 3745 Aratus
797 3691 867 3745 dios.
889 3693 945 3745 785
962 3680 975 3766 ll
991 3680 1206 3765 aquiloniolurn
1219 3681 1255 3743 B¹
1272 3678 1285 3765 ll
1301 3696 1317 3746 5
1331 3704 1396 3743 eor·

250 3790 322 3828 num
337 3765 465 3828 AB¹DM
477 3764 491 3849 ll
506 3770 579 3829 luna
595 3770 617 3827 G
637 3764 651 3849 ΙΙ
673 3771 745 3833 fitA
768 3779 814 3830 est
831 3774 853 3829 G
875 3764 888 3865 fl
907 3770 1077 3849 porrectius
1097 3771 1189 3828 Senot.
1206 3773 1301 3828 Germ.
1318 3772 1338 3826 1.
1355 3788 1398 3826 c..·

253 3856 417 3913 correctius
440 3857 593 3914 ABCDEG
614 3855 785 3914 correecius
800 3857 834 3913 M
846 3849 859 3935 ll
875 3855 1024 3914 rumenirc
1042 3858 1066 3913 G
1086 3848 1100 3935 ΙΙ
1120 3851 1397 3912 item—inminere

251 3959 305 3999 om.
322 3942 348 3995 B
369 3932 383 4019 ΙΙ
403 3946 420 4002 6
438 3958 553 3998 cornua
571 3941 594 3997 G
614 3930 627 4016 ll
647 3939 772 3999 australi
789 3944 812 3999 G
833 3933 847 4018 ΙΙ
868 3941 936 3998 fita
957 3934 971 4020 ΙΙ
992 3939 1156 3998 eumantius
1171 3939 1219 3996 CI)
1232 3933 1246 4016 Η
1261 3945 1276 4000 7
1291 3939 1397 3997 certris·

253 4025 330 4082 sima
344 4024 572 4082 Maestissimus
584 4024 612 4080 Β
630 4023 643 4100 Η
666 4023 773 4083 abetnr
792 4021 830 4081 Β1
846 4020 860 4105 ΙΙ
876 4023 955 4083 unde
972 4031 1003 4082 et
1017 4022 1155 4099 uirgilius
1172 4023 1243 4081 siin
1259 4033 1326 4081 ortu
1342 4041 1396 4080 suo

252 4106 299 4167 sol
310 4108 483 4169 maculosus
497 4112 522 4165 Α
534 4112 649 4167 reliceris
664 4114 774 4167 omissis
788 4103 801 4188 ΙΙ
817 4118 928 4186 8ucrg.
940 4110 997 4166 DE
1010 4103 1024 4189 Η
1045 4111 1128 4181 Verp.
1142 4126 1238 4182 peorp.
1251 4110 1272 4166 Ι
1280 4114 1339 4165 432
1352 4101 1365 4185 ll
1381 4115 1398 4168 9

198 4268 204 4273 Ι
254 4194 299 4252 sin
316 4195 339 4251 G
355 4191 424 4249 siin
446 4194 610 4251 ABCDEM
627 4186 640 4275 ΙΙ
663 4203 730 4252 ortu
749 4195 840 4253 fuerit
858 4203 996 4273 quartum
1012 4191 1050 4251 au
1065 4195 1093 4248 B
1113 4187 1127 4273 ll
1150 4194 1295 4271 quartuG
1314 4185 1328 4270 l}
1349 4190 1397 4248 his

258 4279 343 4335 BEM
357 4277 403 4334 ins
420 4279 442 4334 G
457 4271 471 4355 ll
486 4286 592 4365 auctor
608 4289 654 4337 cst
670 4273 718 4359 Cli
736 4290 768 4341 10
782 4278 862 4337 idem
884 4298 938 4336 om.
957 4280 980 4336 G
996 4274 1009 4358 ΙΙ
1025 4296 1110 4354 uerg.
1125 4279 1152 4334 D
1167 4266 1180 4358 ll
1202 4279 1283 4350 Verp.
1300 4292 1396 4349 georg.

257 4423 275 4479 1
293 4418 352 4470 ir!
366 4430 410 4486 sq.
427 4406 441 4492 l}
454 4411 502 4470 sol
514 4369 560 4471 siir
579 4415 611 4473 M
625 4408 639 4494 ΙΙ
654 4432 708 4472 suo
724 4413 768 4472 sol
785 4414 842 4471 AM
