3202 4998
722 460 827 503 oervr
847 463 860 502 1
1160 458 1165 467 ·
1271 482 1280 495 ·
1300 442 1363 505 tat

218 632 322 693 neque
333 612 423 675 aliter
434 612 616 675 Suetonium
627 611 667 672 de
676 610 797 672 Seneca
809 614 840 672 ia
848 613 914 671 uita
924 613 991 672 eius
1002 611 1156 672 iudicasse
1165 611 1270 675 verbis
1283 632 1364 693 quae

219 716 250 773 in
269 715 393 775 Nerone
405 735 432 774 o.
444 720 485 777 '62
500 723 608 774 extant
620 712 787 774 indicatur:
809 734 827 773 o
841 718 1000 789 capradosso
1011 724 1140 773 aeteram
1153 724 1300 773 oratorem
1313 716 1363 773 Se-

110 832 118 843 ·
219 833 291 875 nece
298 826 476 892 praereptor
487 814 644 894 (evertit),
659 836 715 891 pao
727 820 869 875 distinata
880 820 1069 875 admiratione
1081 820 1287 889 ratdettaeret.
1309 834 1363 879 ve·
1389 824 1398 835 “

219 928 300 979 teres
312 930 414 979 autem
423 924 574 994 oratores,
584 926 619 978 ut
627 920 800 979 sententiae
814 938 912 978 nexus
923 916 1066 992 ostendit,
1078 917 1259 980 Ciceronem
1269 920 1363 979 nomi·

218 1021 572 1102 nateiusqueaeqnalee.
586 1039 676 1101 quem
687 1018 859 1081 haiusmodi
867 1020 1122 1081 verbommurum
1130 1029 1201 1101 apte
1207 1040 1363 1100 conponas

222 1140 290 1184 oum
314 1123 407 1183 simili
424 1125 456 1182 in
472 1122 566 1183 Probi
584 1125 649 1182 vita
666 1124 835 1196 sententia,
854 1142 945 1203 quam
962 1143 1055 1202 supra
1072 1144 1101 1202 p.
1121 1131 1173 1187 we
1189 1120 1363 1183 inlastravi·

219 1244 295 1285 arua.
329 1246 348 1284 a
362 1244 423 1305 quo
442 1244 504 1285 non
520 1222 663 1299 dissidet,
683 1224 762 1304 quod
779 1226 1058 1306 antiquissimorum
1075 1233 1233 1304 poetarum
1251 1242 1362 1284 memo·

219 1327 315 1401 riam,
335 1345 414 1407 queo
431 1347 499 1389 eam
513 1327 644 1387 Neronis
660 1336 761 1387 aetate
776 1328 898 1387 omuino
915 1326 1031 1387 abolita
1047 1334 1142 1399 esset,
1165 1345 1184 1385 a
1198 1325 1298 1386 Probo
1313 1346 1361 1388 re·

220 1430 366 1489 eueoitata
381 1437 463 1502 erat,
477 1428 622 1507 religiose
636 1428 676 1488 ad
687 1437 826 1508 posteros
840 1426 1009 1510 propagare
1025 1427 1150 1489 studuit.
1181 1448 1242 1507 qua
1251 1448 1285 1488 re
1300 1448 1363 1490 nou

220 1531 317 1608 magis
332 1549 353 1589 a
364 1531 484 1590 ratione
495 1550 552 1591 oua
566 1530 711 1603 descivit,
728 1550 818 1611 quam
832 1531 895 1592 dux
908 1540 939 1592 et
949 1540 1056 1593 auctor
1067 1531 1133 1591 eius
1145 1528 1363 1607 Quintilianus,
1380 1554 1387 1573 =

221 1633 274 1713 qui
295 1631 373 1691 libro
397 1632 514 1692 deeimo
536 1641 645 1713 poetes
668 1642 823 1694 vetustate
844 1654 949 1694 saeros
963 1633 1087 1693 silentio
1102 1648 1241 1712 premere
1256 1632 1363 1694 notaio

304 1735 416 1794 Restat
429 1744 465 1795 ut
477 1734 584 1813 paneis
603 1737 815 1817 quaestionem
834 1735 874 1796 de
893 1734 1082 1809 auctoribus,
1105 1752 1182 1814 quos
1200 1732 1363 1794 Suetonius

222 1837 387 1912 consuluit,
400 1836 567 1897 absolvam.
585 1835 733 1897 Varronis
743 1839 909 1917 praeeipne
921 1838 1034 1917 eopiis,
1047 1837 1079 1895 in
1089 1835 1138 1894 hie
1150 1834 1228 1895 libro
1240 1834 1278 1895 de
1289 1854 1362 1915 poe·

221 1940 275 2011 tis,
292 1958 381 1998 asum
402 1958 474 1997 esse
485 1938 674 1998 Ritselrelius
694 1958 812 2018 parerg.
828 1940 928 1999 Plant
944 1958 973 2017 p.
991 1947 1044 2001 622
1060 1938 1183 1997 monuit
1214 1937 1310 1997 veluti
1326 1956 1364 1996 ea

221 2058 303 2120 qaae
326 2040 366 2100 de
386 2039 490 2099 Plauti
503 2040 578 2098 vuita
602 2040 682 2120 apud
702 2041 923 2121 Hieronymum
948 2058 1039 2120 super
1060 2047 1131 2099 eunt
1151 2038 1273 2117 (fragm.
1294 2040 1364 2116 7²⁸),

222 2142 483 2202 manifestus-oum
498 2141 646 2201 Varronis
659 2142 834 2202 testimonio
849 2161 868 2200 a
884 2140 990 2202 Gellio
1005 2141 1097 2213 1113,
1113 2149 1147 2202 lt
1159 2140 1277 2217 prolato
1294 2160 1364 2200 oon·

222 2263 329 2303 senene
353 2243 426 2303 huie
447 2241 553 2301 deberi
575 2243 698 2302 eviueit
731 2263 789 2303 neo
808 2244 936 2303 rooessit
953 2262 972 2301 a
989 2240 1222 2320 diligentissimo
1238 2243 1364 2302 investi·

222 2353 329 2423 gatore
346 2344 538 2425 antiquitatis
552 2344 584 2403 iu
599 2363 679 2403 anno
695 2346 798 2404 mortis
813 2345 915 2404 Naevi
931 2342 1142 2403 constituendo
1155 2343 1276 2422 (fragmss
1292 2344 1364 2423 6*);

223 2446 261 2505 el.
280 2444 391 2506 Cicero
401 2446 484 2505 Brut
503 2457 553 2519 15,
573 2452 617 2510 60.
643 2466 702 2506 neo
718 2446 855 2507 eiusdem
870 2444 1016 2505 iudicium
1032 2445 1069 2504 de
1081 2446 1210 2505 Terenti
1224 2446 1366 2526 adelphis

224 2549 255 2608 in
278 2551 343 2607 vita
363 2556 474 2626 poetae
506 2549 679 2626 praeteriit,
706 2550 755 2608 oui
779 2548 870 2608 etiem
892 2548 1073 2607 lectissimas
1099 2546 1309 2607 adnotationes
1334 2548 1375 2607 iu.

224 2648 331 2709 eadem
347 2650 463 2729 positas
482 2650 617 2730 inprimis
638 2658 785 2730 eroerpta
801 2668 849 2709 ex.
863 2648 949 2709 libris
968 2650 1070 2709 Licini
1085 2650 1176 2710 Porti
1196 2658 1227 2708 et
1242 2649 1366 2709 Valenti

223 2749 357 2827 Sedigiti
373 2750 413 2809 de
426 2753 542 2830 poetis,
559 2752 612 2831 qui
626 2751 765 2811 versibus
781 2752 945 2829 conscripti
960 2762 1061 2826 erant,
1078 2749 1279 2811 vindicandae
1297 2770 1365 2810 esse

223 2851 423 2932 probabiliter
430 2852 618 2913 Ritseheliue
629 2854 763 2913 eooiaoit
773 2855 826 2914 to.
834 2874 866 2934 p.
873 2860 932 2915 tet.
948 2872 1054 2914 verum
1065 2872 1126 2913 non
1136 2852 1281 2914 solamde
1292 2871 1365 2934 poe-

223 2955 261 3014 tis
275 2963 305 3015 et
315 2955 464 3033 poematis
474 2956 649 3015 memoriam
660 2954 882 3016 Varronianam
896 2965 1018 3018 secutus
1028 2955 1165 3015 videtur:
1175 2957 1220 3016 sio
1236 2974 1365 3035 eaquae

224 3056 264 3116 de
276 3050 386 3116 Servio
396 3054 506 3117 Clodio
517 3058 715 3136 grammatico
729 3076 758 3139 p.
773 3067 837 3133 102,
849 3068 940 3139 tsqq.
953 3057 1060 3131 tradit,
1076 3058 1224 3119 Varronis
1237 3056 1300 3118 lide'
1310 3057 1366 3117 niti

223 3159 376 3219 Pliniauis
387 3178 417 3217 m
433 3158 461 3221 lt
478 3160 574 3220 XXV
585 3170 620 3223 at
635 3159 739 3221 verbis
751 3159 904 3221 doeemur.
932 3160 1044 3223 deiude
1062 3168 1182 3221 eeteros
1196 3159 1367 3219 inlustrium

223 3260 357 3320 virorum
367 3261 535 3341 scriptores
543 3261 698 3334 adhibuit,
715 3282 840 3342 quorum
858 3260 897 3322 de
910 3262 1056 3322 memoria
1065 3264 1145 3323 vitas
1160 3280 1231 3321 suas
1243 3262 1366 3320 oonoin·

224 3372 321 3423 naret.
340 3363 471 3424 Santrae
482 3365 660 3425 testimoniis
671 3365 703 3425 iir
714 3364 913 3424 vitaTerenti
924 3372 955 3423 et
966 3362 1365 3442 CurtiNieiaegrammatiei

224 3468 335 3543 utitur3
356 3466 487 3544 Nepotis
503 3485 576 3524 vero
593 3468 806 3527 anctoritatem
819 3466 849 3525 in
867 3465 975 3526 eedem
990 3465 1056 3524 vita
1067 3465 1196 3525 Terenti
1210 3472 1244 3523 et
1256 3465 1287 3523 in
1303 3464 1368 3523 vita

224 3566 373 3628 Voltaoili
386 3564 470 3629 Ploti
490 3565 621 3627 rhetoris
636 3576 770 3648 usurpat.
803 3568 914 3649 quibus
933 3567 1107 3627 auctoribus
1123 3564 1368 3626 adnumerandus

226 3677 273 3729 est
295 3669 439 3749 Hyginus
463 3666 501 3727 de
523 3668 702 3728 inlustribus
721 3670 809 3743 viris,
833 3671 890 3729 etsi
912 3670 945 3729 iu
966 3669 1106 3749 reliquiis
1125 3668 1237 3728 nostris
1255 3686 1366 3728 nomeu

226 3771 292 3830 eius
315 3790 376 3829 nou
398 3778 552 3848 eonparet.
589 3780 711 3851 praeter
732 3770 827 3831 libros
849 3790 924 3830 uero
945 3771 984 3831 de
997 3773 1071 3831 uita
1093 3754 1264 3830 inlustrium
1285 3769 1366 3829 vire·

225 3892 292 3932 rum
306 3870 490 3952 Tranquillo
512 3870 552 3931 ad
573 3892 680 3933 marrus
701 3873 824 3933 fuerunt
843 3874 943 3948 vitae,
966 3893 1042 3956 quas
1062 3873 1251 3951 grammatici
1274 3875 1305 3932 in
1318 3872 1367 3931 his

156 3970 163 3978 “
226 3972 344 4034 Probas
356 3973 601 4053 hypomnematis
614 3976 675 4035 suis
688 3983 875 4056 anteponere
886 3975 1035 4036 solebant.
1058 3976 1108 4034 oui
1118 3975 1248 4034 vitarum
1259 3975 1366 4052 generi

226 4075 386 4137 reddenda
399 4085 472 4155 puto
487 4076 602 4137 Asooni
614 4075 745 4137 Pediaui
759 4078 889 4155 scripta,
904 4097 983 4157 qnae
996 4077 1034 4137 de
1050 4079 1115 4137 vita
1129 4075 1256 4136 Sallusti
1271 4085 1302 4136 et
1317 4076 1367 4136 Ci-

228 4180 346 4240 oeronis
367 4177 462 4239 dedit.
498 4179 565 4241 veri
585 4181 666 4238 enim
687 4178 784 4239 simile
810 4188 857 4239 est
877 4178 1159 4240 eaoommentariis
1182 4179 1265 4238 illius
1279 4198 1367 4257 prae·

227 4285 320 4343 misse
348 4282 453 4342 luisse.
495 4291 648 4363 postremo
675 4280 884 4341 Fenestellam
911 4283 1049 4356 nomino,
1079 4280 1164 4341 onias
1191 4282 1222 4340 in
1250 4280 1366 4339 annali·

227 4383 284 4443 bus
303 4404 341 4443 ne
359 4384 529 4446 litterarum
550 4385 671 4465 quidem
693 4385 868 4443 memoriam
889 4384 1136 4463 praetermissam
1155 4403 1221 4442 esse
1238 4403 1300 4442 non
1315 4380 1367 4442 ob·

228 4505 315 4545 soors
332 4487 377 4545 eis
395 4488 561 4559 indicatur,
582 4506 661 4567 qnae
677 4485 716 4547 de
733 4487 798 4546 vita
811 4486 938 4547 Terenti
954 4476 993 4545 ab
1011 4506 1048 4546 eo
1064 4485 1176 4547 tradita
1192 4485 1286 4545 fnisse
1302 4485 1367 4566 ipse
