<?xml version="1.0" encoding="UTF-8"?>
<!DOCTYPE html PUBLIC "-//W3C//DTD XHTML 1.0 Transitional//EN"
    "http://www.w3.org/TR/xhtml1/DTD/xhtml1-transitional.dtd">
<html xmlns="http://www.w3.org/1999/xhtml" xml:lang="en" lang="en">
 <head>
  <title>
</title>
<meta http-equiv="Content-Type" content="text/html;charset=utf-8" />
  <meta name='ocr-system' content='tesseract 3.04.00' />
  <meta name='ocr-capabilities' content='ocr_page ocr_carea ocr_par ocr_line ocrx_word'/>
</head>
<body>
  <div class='ocr_page' id='page_1' title='image "./csuetonitranqui01ritsgoog_0497.png"; bbox 0 0 3202 4998; ppageno 0'>
   <div class='ocr_carea' id='block_1_1' title="bbox 246 372 1049 447">
    <p class='ocr_par' dir='ltr' id='par_1_1' title="bbox 246 372 1049 447">
     <span class='ocr_line' id='line_1_1' title="bbox 246 372 1049 447; baseline -0.009 -5"><span class='ocrx_word' id='word_1_1' title='bbox 246 372 308 442; x_wconf 76' lang='grc'>468</span> <span class='ocrx_word' id='word_1_2' title='bbox 578 388 799 447; x_wconf 71' lang='lat' dir='ltr'>oversrrortns</span> <span class='ocrx_word' id='word_1_3' title='bbox 824 396 1049 438; x_wconf 73' lang='lat' dir='ltr'>svsrosrssrs</span> 
     </span>
    </p>
   </div>
   <div class='ocr_carea' id='block_1_2' title="bbox 183 534 1428 3786">
    <p class='ocr_par' dir='ltr' id='par_1_2' title="bbox 245 534 1428 1032">
     <span class='ocr_line' id='line_1_2' title="bbox 246 534 1383 635; baseline -0.004 -27"><span class='ocrx_word' id='word_1_4' title='bbox 246 540 402 635; x_wconf 72' lang='grc' dir='ltr'><strong><em>ξονδρεός,</em></strong></span> <span class='ocrx_word' id='word_1_5' title='bbox 417 537 546 627; x_wconf 67' lang='grc' dir='ltr'>γεγονὼς</span> <span class='ocrx_word' id='word_1_6' title='bbox 555 537 603 607; x_wconf 73' lang='grc' dir='ltr'>ἐπ’</span> <span class='ocrx_word' id='word_1_7' title='bbox 612 538 773 607; x_wconf 79' lang='grc' dir='ltr'><strong><em>Ἀντωνίου</em></strong></span> <span class='ocrx_word' id='word_1_8' title='bbox 784 544 1010 623; x_wconf 72' lang='lat' dir='ltr'>nantniposvor&#39;</span> <span class='ocrx_word' id='word_1_9' title='bbox 1018 542 1073 617; x_wconf 78' lang='grc' dir='ltr'>ἕως</span> <span class='ocrx_word' id='word_1_10' title='bbox 1084 534 1262 624; x_wconf 75' lang='grc' dir='ltr'><strong><em>Αὐγούστου</em></strong></span> <span class='ocrx_word' id='word_1_11' title='bbox 1273 567 1300 605; x_wconf 88' lang='lat' dir='ltr'>e.</span> <span class='ocrx_word' id='word_1_12' title='bbox 1314 567 1344 626; x_wconf 87' lang='lat' dir='ltr'>q.</span> <span class='ocrx_word' id='word_1_13' title='bbox 1359 566 1383 605; x_wconf 85' lang='lat' dir='ltr'>s.</span> 
     </span>
     <span class='ocr_line' id='line_1_3' title="bbox 246 647 1382 730; baseline -0.003 -21"><span class='ocrx_word' id='word_1_14' title='bbox 246 670 327 730; x_wconf 84' lang='lat' dir='ltr'>quse</span> <span class='ocrx_word' id='word_1_15' title='bbox 354 650 466 729; x_wconf 88' lang='lat' dir='ltr'>optime</span> <span class='ocrx_word' id='word_1_16' title='bbox 491 651 543 709; x_wconf 84' lang='lat' dir='ltr'>Fr.</span> <span class='ocrx_word' id='word_1_17' title='bbox 570 651 707 710; x_wconf 79' lang='lat' dir='ltr'>liitterus</span> <span class='ocrx_word' id='word_1_18' title='bbox 738 672 767 730; x_wconf 89' lang='lat' dir='ltr'>p.</span> <span class='ocrx_word' id='word_1_19' title='bbox 793 661 810 713; x_wconf 82' lang='grc'>3</span> <span class='ocrx_word' id='word_1_20' title='bbox 835 683 875 694; x_wconf 94' lang='grc'>--</span> <span class='ocrx_word' id='word_1_21' title='bbox 901 650 1014 709; x_wconf 76' lang='lat' dir='ltr'>bustra</span> <span class='ocrx_word' id='word_1_22' title='bbox 1037 651 1116 709; x_wconf 86' lang='lat' dir='ltr'>enim</span> <span class='ocrx_word' id='word_1_23' title='bbox 1141 647 1314 729; x_wconf 81' lang='lat' dir='ltr'><strong>obloquitur</strong></span> <span class='ocrx_word' id='word_1_24' title='bbox 1340 648 1382 706; x_wconf 87' lang='lat' dir='ltr'>M.</span> 
     </span>
     <span class='ocr_line' id='line_1_4' title="bbox 246 751 1384 831; baseline -0.001 -21"><span class='ocrx_word' id='word_1_25' title='bbox 246 751 431 812; x_wconf 74' lang='lat' dir='ltr'>Schmidtiue</span> <span class='ocrx_word' id='word_1_26' title='bbox 448 752 486 812; x_wconf 91' lang='lat' dir='ltr'>de</span> <span class='ocrx_word' id='word_1_27' title='bbox 500 751 704 812; x_wconf 79' lang='lat' dir='ltr'>Chalcentero</span> <span class='ocrx_word' id='word_1_28' title='bbox 720 773 748 831; x_wconf 89' lang='lat' dir='ltr'>p.</span> <span class='ocrx_word' id='word_1_29' title='bbox 765 762 819 814; x_wconf 80' lang='lat'>400</span> <span class='ocrx_word' id='word_1_30' title='bbox 831 753 932 812; x_wconf 81' lang='lat' dir='ltr'>—sic</span> <span class='ocrx_word' id='word_1_31' title='bbox 947 752 1164 830; x_wconf 82' lang='lat' dir='ltr'>interpretetus</span> <span class='ocrx_word' id='word_1_32' title='bbox 1182 759 1241 810; x_wconf 83' lang='lat' dir='ltr'>est:</span> <span class='ocrx_word' id='word_1_33' title='bbox 1271 754 1384 809; x_wconf 78' lang='lat' dir='ltr'>Aritonic</span> 
     </span>
     <span class='ocr_line' id='line_1_5' title="bbox 245 855 1428 929; baseline -0.003 -18"><span class='ocrx_word' id='word_1_34' title='bbox 245 856 378 912; x_wconf 67' lang='lat' dir='ltr'>nonam</span> <span class='ocrx_word' id='word_1_35' title='bbox 398 859 572 929; x_wconf 65' lang='lat' dir='ltr'>proripientes</span> <span class='ocrx_word' id='word_1_36' title='bbox 590 863 641 922; x_wconf 81' lang='lat' dir='ltr'>est,</span> <span class='ocrx_word' id='word_1_37' title='bbox 663 864 693 913; x_wconf 84' lang='lat' dir='ltr'>nt</span> <span class='ocrx_word' id='word_1_38' title='bbox 713 856 851 912; x_wconf 76' lang='lat' dir='ltr'>Cicerones</span> <span class='ocrx_word' id='word_1_39' title='bbox 872 858 984 913; x_wconf 69' lang='lat' dir='ltr'>conniis</span> <span class='ocrx_word' id='word_1_40' title='bbox 1005 858 1177 912; x_wconf 81' lang='lat' dir='ltr'>strationem</span> <span class='ocrx_word' id='word_1_41' title='bbox 1197 855 1385 928; x_wconf 64' lang='lat' dir='ltr'>capessendae</span> <span class='ocrx_word' id='word_1_42' title='bbox 1420 888 1428 907; x_wconf 90' lang='lat'><strong>.</strong></span> 
     </span>
     <span class='ocr_line' id='line_1_6' title="bbox 246 959 725 1032; baseline 0 -20"><span class='ocrx_word' id='word_1_43' title='bbox 246 959 426 1030; x_wconf 76' lang='lat' dir='ltr'>reipublicae</span> <span class='ocrx_word' id='word_1_44' title='bbox 442 974 496 1015; x_wconf 81' lang='lat' dir='ltr'>sen</span> <span class='ocrx_word' id='word_1_45' title='bbox 509 959 586 1014; x_wconf 72' lang='lat' dir='ltr'>libris</span> <span class='ocrx_word' id='word_1_46' title='bbox 602 962 725 1032; x_wconf 80' lang='lat' dir='ltr'>opitcret.</span> 
     </span>
    </p>

    <p class='ocr_par' dir='ltr' id='par_1_3' title="bbox 183 1055 1385 2567">
     <span class='ocr_line' id='line_1_7' title="bbox 332 1055 1384 1138; baseline -0.003 -21"><span class='ocrx_word' id='word_1_47' title='bbox 332 1056 395 1118; x_wconf 79' lang='lat' dir='ltr'>Sex</span> <span class='ocrx_word' id='word_1_48' title='bbox 410 1058 503 1136; x_wconf 84' lang='lat' dir='ltr'>igitur</span> <span class='ocrx_word' id='word_1_49' title='bbox 517 1058 594 1116; x_wconf 89' lang='lat' dir='ltr'>libri</span> <span class='ocrx_word' id='word_1_50' title='bbox 614 1077 689 1138; x_wconf 86' lang='lat' dir='ltr'>quos</span> <span class='ocrx_word' id='word_1_51' title='bbox 710 1055 861 1138; x_wconf 79' lang='lat' dir='ltr'><strong>Didymus</strong></span> <span class='ocrx_word' id='word_1_52' title='bbox 881 1057 1041 1135; x_wconf 76' lang='lat' dir='ltr'>scripsisse</span> <span class='ocrx_word' id='word_1_53' title='bbox 1058 1055 1250 1135; x_wconf 73' lang='lat' dir='ltr'><strong>perhibetur,</strong></span> <span class='ocrx_word' id='word_1_54' title='bbox 1266 1056 1293 1114; x_wconf 90' lang='lat' dir='ltr'>si</span> <span class='ocrx_word' id='word_1_55' title='bbox 1307 1055 1384 1115; x_wconf 78' lang='lat' dir='ltr'>boec</span> 
     </span>
     <span class='ocr_line' id='line_1_8' title="bbox 246 1157 1383 1239; baseline -0.002 -22"><span class='ocrx_word' id='word_1_56' title='bbox 246 1162 391 1218; x_wconf 80' lang='lat' dir='ltr'>memoris</span> <span class='ocrx_word' id='word_1_57' title='bbox 406 1180 473 1219; x_wconf 87' lang='lat' dir='ltr'>cum</span> <span class='ocrx_word' id='word_1_58' title='bbox 492 1158 606 1219; x_wconf 84' lang='lat' dir='ltr'>Suidae</span> <span class='ocrx_word' id='word_1_59' title='bbox 621 1159 710 1219; x_wconf 89' lang='lat' dir='ltr'>titulo</span> <span class='ocrx_word' id='word_1_60' title='bbox 725 1168 922 1237; x_wconf 81' lang='lat' dir='ltr'>conparetur,</span> <span class='ocrx_word' id='word_1_61' title='bbox 940 1167 1047 1239; x_wconf 88' lang='lat' dir='ltr'>aperte</span> <span class='ocrx_word' id='word_1_62' title='bbox 1061 1157 1200 1217; x_wconf 86' lang='lat' dir='ltr'>indicant</span> <span class='ocrx_word' id='word_1_63' title='bbox 1212 1158 1383 1236; x_wconf 82' lang='lat' dir='ltr'>grammati·</span> 
     </span>
     <span class='ocr_line' id='line_1_9' title="bbox 183 1258 1383 1340; baseline -0.002 -21"><span class='ocrx_word' id='word_1_64' title='bbox 183 1323 194 1339; x_wconf 55' lang='grc'><strong>,</strong></span> <span class='ocrx_word' id='word_1_65' title='bbox 246 1278 315 1319; x_wconf 87' lang='lat' dir='ltr'>eum</span> <span class='ocrx_word' id='word_1_66' title='bbox 341 1261 425 1321; x_wconf 86' lang='lat' dir='ltr'>illum</span> <span class='ocrx_word' id='word_1_67' title='bbox 443 1261 649 1322; x_wconf 86' lang='lat' dir='ltr'>doctissimum</span> <span class='ocrx_word' id='word_1_68' title='bbox 670 1262 702 1320; x_wconf 87' lang='lat' dir='ltr'>in</span> <span class='ocrx_word' id='word_1_69' title='bbox 724 1280 780 1320; x_wconf 85' lang='lat' dir='ltr'>sex</span> <span class='ocrx_word' id='word_1_70' title='bbox 797 1259 955 1321; x_wconf 75' lang='lat' dir='ltr'>Ciceronis</span> <span class='ocrx_word' id='word_1_71' title='bbox 979 1258 1018 1319; x_wconf 89' lang='lat' dir='ltr'>de</span> <span class='ocrx_word' id='word_1_72' title='bbox 1029 1279 1063 1319; x_wconf 93' lang='lat' dir='ltr'>re</span> <span class='ocrx_word' id='word_1_73' title='bbox 1077 1259 1202 1340; x_wconf 87' lang='lat' dir='ltr'>publica</span> <span class='ocrx_word' id='word_1_74' title='bbox 1224 1258 1316 1320; x_wconf 89' lang='lat' dir='ltr'>libros</span> <span class='ocrx_word' id='word_1_75' title='bbox 1339 1260 1383 1317; x_wconf 85' lang='lat' dir='ltr'>in·</span> 
     </span>
     <span class='ocr_line' id='line_1_10' title="bbox 247 1359 1383 1444; baseline -0.002 -23"><span class='ocrx_word' id='word_1_76' title='bbox 247 1370 369 1422; x_wconf 85' lang='lat' dir='ltr'>vectum</span> <span class='ocrx_word' id='word_1_77' title='bbox 384 1382 463 1423; x_wconf 89' lang='lat' dir='ltr'>esse.</span> <span class='ocrx_word' id='word_1_78' title='bbox 494 1384 573 1444; x_wconf 90' lang='lat' dir='ltr'>quae</span> <span class='ocrx_word' id='word_1_79' title='bbox 596 1372 697 1423; x_wconf 87' lang='lat' dir='ltr'>autem</span> <span class='ocrx_word' id='word_1_80' title='bbox 713 1363 807 1423; x_wconf 84' lang='lat' dir='ltr'>fuerit</span> <span class='ocrx_word' id='word_1_81' title='bbox 821 1361 1001 1443; x_wconf 79' lang='lat' dir='ltr'>Didymiani</span> <span class='ocrx_word' id='word_1_82' title='bbox 1022 1361 1091 1421; x_wconf 87' lang='lat' dir='ltr'>libri</span> <span class='ocrx_word' id='word_1_83' title='bbox 1106 1372 1215 1423; x_wconf 84' lang='lat' dir='ltr'>nature</span> <span class='ocrx_word' id='word_1_84' title='bbox 1236 1372 1268 1423; x_wconf 91' lang='lat' dir='ltr'>et</span> <span class='ocrx_word' id='word_1_85' title='bbox 1282 1359 1383 1421; x_wconf 69' lang='lat' dir='ltr'>conili-</span> 
     </span>
     <span class='ocr_line' id='line_1_11' title="bbox 247 1449 1384 1544; baseline 0 -22"><span class='ocrx_word' id='word_1_86' title='bbox 247 1464 294 1522; x_wconf 92' lang='lat' dir='ltr'>cio</span> <span class='ocrx_word' id='word_1_87' title='bbox 306 1484 362 1525; x_wconf 86' lang='lat' dir='ltr'>nes</span> <span class='ocrx_word' id='word_1_88' title='bbox 377 1465 519 1542; x_wconf 75' lang='lat' dir='ltr'>ignorare</span> <span class='ocrx_word' id='word_1_89' title='bbox 536 1464 696 1524; x_wconf 84' lang='lat' dir='ltr'>fatendum</span> <span class='ocrx_word' id='word_1_90' title='bbox 713 1474 774 1538; x_wconf 81' lang='lat' dir='ltr'>est,</span> <span class='ocrx_word' id='word_1_91' title='bbox 790 1466 849 1524; x_wconf 86' lang='lat' dir='ltr'>nisi</span> <span class='ocrx_word' id='word_1_92' title='bbox 861 1463 943 1544; x_wconf 80' lang='lat' dir='ltr'>quod</span> <span class='ocrx_word' id='word_1_93' title='bbox 957 1464 1134 1525; x_wconf 76' lang='lat' dir='ltr'>Ammianus</span> <span class='ocrx_word' id='word_1_94' title='bbox 1148 1485 1216 1525; x_wconf 85' lang='lat' dir='ltr'>cnm</span> <span class='ocrx_word' id='word_1_95' title='bbox 1230 1461 1269 1523; x_wconf 80' lang='lat' dir='ltr'>atl</span> <span class='ocrx_word' id='word_1_96' title='bbox 1281 1449 1384 1523; x_wconf 83' lang='lat' dir='ltr'>docta·</span> 
     </span>
     <span class='ocr_line' id='line_1_12' title="bbox 246 1564 1384 1647; baseline 0.001 -23"><span class='ocrx_word' id='word_1_97' title='bbox 246 1585 313 1624; x_wconf 87' lang='lat' dir='ltr'>rum</span> <span class='ocrx_word' id='word_1_98' title='bbox 334 1567 451 1625; x_wconf 88' lang='lat' dir='ltr'>aurium</span> <span class='ocrx_word' id='word_1_99' title='bbox 465 1565 616 1626; x_wconf 86' lang='lat' dir='ltr'>iudicium</span> <span class='ocrx_word' id='word_1_100' title='bbox 641 1575 788 1645; x_wconf 85' lang='lat' dir='ltr'>provocet</span> <span class='ocrx_word' id='word_1_101' title='bbox 809 1564 926 1627; x_wconf 88' lang='lat' dir='ltr'>indicat</span> <span class='ocrx_word' id='word_1_102' title='bbox 946 1566 1154 1647; x_wconf 78' lang='lat' dir='ltr'>eloquentiam</span> <span class='ocrx_word' id='word_1_103' title='bbox 1176 1565 1384 1627; x_wconf 81' lang='lat' dir='ltr'>Ciceronisin</span> 
     </span>
     <span class='ocr_line' id='line_1_13' title="bbox 246 1665 1383 1749; baseline 0.001 -23"><span class='ocrx_word' id='word_1_104' title='bbox 246 1666 309 1726; x_wconf 90' lang='lat' dir='ltr'>illis</span> <span class='ocrx_word' id='word_1_105' title='bbox 330 1667 415 1728; x_wconf 87' lang='lat' dir='ltr'>libris</span> <span class='ocrx_word' id='word_1_106' title='bbox 441 1668 491 1728; x_wconf 91' lang='lat' dir='ltr'>hic</span> <span class='ocrx_word' id='word_1_107' title='bbox 511 1668 576 1728; x_wconf 90' lang='lat' dir='ltr'>illic</span> <span class='ocrx_word' id='word_1_108' title='bbox 601 1668 817 1749; x_wconf 77' lang='lat' dir='ltr'>perstrinxisse</span> <span class='ocrx_word' id='word_1_109' title='bbox 842 1665 992 1728; x_wconf 82' lang='lat' dir='ltr'>Graecum</span> <span class='ocrx_word' id='word_1_110' title='bbox 1015 1670 1254 1747; x_wconf 81' lang='lat' dir='ltr'>grammaticum.</span> <span class='ocrx_word' id='word_1_111' title='bbox 1302 1666 1383 1749; x_wconf 82' lang='lat' dir='ltr'>quoti</span> 
     </span>
     <span class='ocr_line' id='line_1_14' title="bbox 247 1767 1384 1852; baseline 0.001 -24"><span class='ocrx_word' id='word_1_112' title='bbox 247 1769 274 1828; x_wconf 87' lang='lat' dir='ltr'>si</span> <span class='ocrx_word' id='word_1_113' title='bbox 288 1769 481 1849; x_wconf 75' lang='lat' dir='ltr'>probaveris,</span> <span class='ocrx_word' id='word_1_114' title='bbox 496 1788 564 1831; x_wconf 88' lang='lat' dir='ltr'>cum</span> <span class='ocrx_word' id='word_1_115' title='bbox 572 1769 610 1833; x_wconf 87' lang='grc' dir='ltr'>Ο.</span> <span class='ocrx_word' id='word_1_116' title='bbox 620 1770 727 1829; x_wconf 86' lang='lat' dir='ltr'>Iabnio</span> <span class='ocrx_word' id='word_1_117' title='bbox 744 1767 824 1848; x_wconf 83' lang='lat' dir='ltr'>apud</span> <span class='ocrx_word' id='word_1_118' title='bbox 842 1769 1035 1831; x_wconf 87' lang='lat' dir='ltr'>Ammianum</span> <span class='ocrx_word' id='word_1_119' title='bbox 1050 1780 1119 1852; x_wconf 88' lang='lat' dir='ltr'>post</span> <span class='ocrx_word' id='word_1_120' title='bbox 1131 1774 1300 1847; x_wconf 77' lang='lat' dir='ltr'>imperfecte,</span> <span class='ocrx_word' id='word_1_121' title='bbox 1318 1788 1384 1829; x_wconf 88' lang='lat' dir='ltr'>cum</span> 
     </span>
     <span class='ocr_line' id='line_1_15' title="bbox 247 1857 1383 1953; baseline 0.002 -23"><span class='ocrx_word' id='word_1_122' title='bbox 247 1891 302 1930; x_wconf 88' lang='lat' dir='ltr'>non</span> <span class='ocrx_word' id='word_1_123' title='bbox 323 1890 472 1948; x_wconf 74' lang='lat' dir='ltr'>nnnprion</span> <span class='ocrx_word' id='word_1_124' title='bbox 491 1874 650 1948; x_wconf 76' lang='lat' dir='ltr'>inperfecte</span> <span class='ocrx_word' id='word_1_125' title='bbox 669 1874 847 1947; x_wconf 77' lang='lat' dir='ltr'>reprehendit</span> <span class='ocrx_word' id='word_1_126' title='bbox 867 1872 1020 1933; x_wconf 79' lang='lat' dir='ltr'>Ammisni</span> <span class='ocrx_word' id='word_1_127' title='bbox 1040 1857 1243 1953; x_wconf 64' lang='lat' dir='ltr'>indignationi</span> <span class='ocrx_word' id='word_1_128' title='bbox 1257 1893 1318 1933; x_wconf 88' lang='lat' dir='ltr'>uon</span> <span class='ocrx_word' id='word_1_129' title='bbox 1337 1891 1383 1933; x_wconf 89' lang='lat' dir='ltr'>sa-</span> 
     </span>
     <span class='ocr_line' id='line_1_16' title="bbox 246 1968 1384 2055; baseline 0.002 -23"><span class='ocrx_word' id='word_1_130' title='bbox 246 1974 287 2033; x_wconf 90' lang='lat' dir='ltr'>tis</span> <span class='ocrx_word' id='word_1_131' title='bbox 306 1974 415 2048; x_wconf 81' lang='lat' dir='ltr'>faciat,</span> <span class='ocrx_word' id='word_1_132' title='bbox 437 1968 611 2034; x_wconf 81' lang='lat' dir='ltr'>addendum</span> <span class='ocrx_word' id='word_1_133' title='bbox 632 1973 690 2033; x_wconf 89' lang='lat' dir='ltr'>erit</span> <span class='ocrx_word' id='word_1_134' title='bbox 702 1968 868 2053; x_wconf 77' lang='lat' dir='ltr'>loentum*).</span> <span class='ocrx_word' id='word_1_135' title='bbox 886 1975 962 2034; x_wconf 73' lang='lat' dir='ltr'>iam</span> <span class='ocrx_word' id='word_1_136' title='bbox 978 1992 1051 2035; x_wconf 87' lang='lat' dir='ltr'>vero</span> <span class='ocrx_word' id='word_1_137' title='bbox 1071 1974 1161 2037; x_wconf 90' lang='lat' dir='ltr'>etiam</span> <span class='ocrx_word' id='word_1_138' title='bbox 1182 1975 1384 2055; x_wconf 73' lang='lat' dir='ltr'>antiquarium</span> 
     </span>
     <span class='ocr_line' id='line_1_17' title="bbox 247 2057 1383 2158; baseline 0.001 -24"><span class='ocrx_word' id='word_1_139' title='bbox 247 2075 377 2156; x_wconf 82' lang='lat' dir='ltr'>Didymi</span> <span class='ocrx_word' id='word_1_140' title='bbox 390 2075 501 2135; x_wconf 85' lang='lat' dir='ltr'>librum</span> <span class='ocrx_word' id='word_1_141' title='bbox 518 2076 612 2136; x_wconf 89' lang='lat' dir='ltr'>fuisse</span> <span class='ocrx_word' id='word_1_142' title='bbox 627 2094 667 2135; x_wconf 82' lang='lat' dir='ltr'>ex</span> <span class='ocrx_word' id='word_1_143' title='bbox 687 2073 791 2136; x_wconf 89' lang='lat' dir='ltr'>indole</span> <span class='ocrx_word' id='word_1_144' title='bbox 809 2073 1003 2137; x_wconf 73' lang='lat' dir='ltr'>ciceroniani</span> <span class='ocrx_word' id='word_1_145' title='bbox 1023 2075 1123 2155; x_wconf 88' lang='lat' dir='ltr'>operis</span> <span class='ocrx_word' id='word_1_146' title='bbox 1139 2057 1220 2137; x_wconf 78' lang='lat' dir='ltr'>band</span> <span class='ocrx_word' id='word_1_147' title='bbox 1242 2068 1383 2158; x_wconf 83' lang='lat' dir='ltr'>inprobe-</span> 
     </span>
     <span class='ocr_line' id='line_1_18' title="bbox 248 2175 1385 2260; baseline 0.002 -25"><span class='ocrx_word' id='word_1_148' title='bbox 248 2175 350 2236; x_wconf 87' lang='lat' dir='ltr'>biliter</span> <span class='ocrx_word' id='word_1_149' title='bbox 365 2177 564 2238; x_wconf 86' lang='lat' dir='ltr'>concluditur.</span> <span class='ocrx_word' id='word_1_150' title='bbox 593 2176 674 2257; x_wconf 90' lang='lat' dir='ltr'>quod</span> <span class='ocrx_word' id='word_1_151' title='bbox 691 2187 793 2238; x_wconf 86' lang='lat' dir='ltr'>autem</span> <span class='ocrx_word' id='word_1_152' title='bbox 809 2178 988 2238; x_wconf 86' lang='lat' dir='ltr'>Ammianus</span> <span class='ocrx_word' id='word_1_153' title='bbox 1001 2177 1165 2260; x_wconf 88' lang='lat' dir='ltr'>Didymum</span> <span class='ocrx_word' id='word_1_154' title='bbox 1182 2178 1385 2258; x_wconf 80' lang='lat' dir='ltr'>sillographos</span> 
     </span>
     <span class='ocr_line' id='line_1_19' title="bbox 248 2278 1384 2360; baseline 0.002 -22"><span class='ocrx_word' id='word_1_155' title='bbox 248 2279 396 2338; x_wconf 76' lang='lat' dir='ltr'>inritatum</span> <span class='ocrx_word' id='word_1_156' title='bbox 411 2298 480 2340; x_wconf 89' lang='lat' dir='ltr'>ease</span> <span class='ocrx_word' id='word_1_157' title='bbox 495 2278 617 2354; x_wconf 76' lang='lat' dir='ltr'>scribit,</span> <span class='ocrx_word' id='word_1_158' title='bbox 631 2288 716 2339; x_wconf 89' lang='lat' dir='ltr'>recte</span> <span class='ocrx_word' id='word_1_159' title='bbox 731 2280 980 2341; x_wconf 82' lang='lat' dir='ltr'>Wacbsmuthius</span> <span class='ocrx_word' id='word_1_160' title='bbox 992 2279 1032 2341; x_wconf 87' lang='lat' dir='ltr'>de</span> <span class='ocrx_word' id='word_1_161' title='bbox 1042 2281 1172 2341; x_wconf 76' lang='lat' dir='ltr'>Timone</span> <span class='ocrx_word' id='word_1_162' title='bbox 1187 2300 1216 2360; x_wconf 90' lang='lat' dir='ltr'>p.</span> <span class='ocrx_word' id='word_1_163' title='bbox 1233 2290 1268 2344; x_wconf 78' lang='grc'>38</span> <span class='ocrx_word' id='word_1_164' title='bbox 1282 2281 1326 2340; x_wconf 92' lang='lat' dir='ltr'>sic</span> <span class='ocrx_word' id='word_1_165' title='bbox 1340 2283 1384 2340; x_wconf 90' lang='lat' dir='ltr'>in·</span> 
     </span>
     <span class='ocr_line' id='line_1_20' title="bbox 247 2382 1384 2464; baseline 0.001 -23"><span class='ocrx_word' id='word_1_166' title='bbox 247 2390 433 2460; x_wconf 82' lang='lat' dir='ltr'>terpretatur</span> <span class='ocrx_word' id='word_1_167' title='bbox 453 2392 499 2442; x_wconf 89' lang='lat' dir='ltr'>est</span> <span class='ocrx_word' id='word_1_168' title='bbox 521 2390 556 2442; x_wconf 89' lang='lat' dir='ltr'>ut</span> <span class='ocrx_word' id='word_1_169' title='bbox 578 2382 779 2462; x_wconf 80' lang='lat' dir='ltr'>sillographos</span> <span class='ocrx_word' id='word_1_170' title='bbox 793 2383 848 2442; x_wconf 91' lang='lat' dir='ltr'>ille</span> <span class='ocrx_word' id='word_1_171' title='bbox 869 2384 1047 2464; x_wconf 87' lang='lat' dir='ltr'>simpliciter</span> <span class='ocrx_word' id='word_1_172' title='bbox 1061 2403 1116 2463; x_wconf 89' lang='lat' dir='ltr'>pro</span> <span class='ocrx_word' id='word_1_173' title='bbox 1135 2383 1276 2461; x_wconf 85' lang='lat' dir='ltr'>exemplo</span> <span class='ocrx_word' id='word_1_174' title='bbox 1292 2383 1384 2442; x_wconf 86' lang='lat' dir='ltr'>male·</span> 
     </span>
     <span class='ocr_line' id='line_1_21' title="bbox 196 2483 1384 2567; baseline -0.002 -22"><span class='ocrx_word' id='word_1_175' title='bbox 196 2538 200 2545; x_wconf 92' lang='lat'>.</span> <span class='ocrx_word' id='word_1_176' title='bbox 248 2483 383 2544; x_wconf 75' lang='lat' dir='ltr'>dicerem</span> <span class='ocrx_word' id='word_1_177' title='bbox 397 2484 579 2563; x_wconf 84' lang='lat' dir='ltr'>scriptorum</span> <span class='ocrx_word' id='word_1_178' title='bbox 594 2484 738 2564; x_wconf 84' lang='lat' dir='ltr'>posuerit.</span> <span class='ocrx_word' id='word_1_179' title='bbox 758 2501 760 2504; x_wconf 83' lang='lat'>·</span> <span class='ocrx_word' id='word_1_180' title='bbox 776 2495 938 2566; x_wconf 87' lang='lat' dir='ltr'>praeterea</span> <span class='ocrx_word' id='word_1_181' title='bbox 953 2504 990 2545; x_wconf 92' lang='lat' dir='ltr'>eo</span> <span class='ocrx_word' id='word_1_182' title='bbox 1008 2483 1089 2565; x_wconf 85' lang='lat' dir='ltr'>quod</span> <span class='ocrx_word' id='word_1_183' title='bbox 1103 2484 1255 2567; x_wconf 85' lang='lat' dir='ltr'>Didymus</span> <span class='ocrx_word' id='word_1_184' title='bbox 1273 2504 1384 2545; x_wconf 89' lang='lat' dir='ltr'>sermo·</span> 
     </span>
    </p>

    <p class='ocr_par' dir='ltr' id='par_1_4' title="bbox 246 2583 1385 2871">
     <span class='ocr_line' id='line_1_22' title="bbox 247 2583 1385 2665; baseline 0.003 -21"><span class='ocrx_word' id='word_1_185' title='bbox 247 2604 318 2645; x_wconf 86' lang='lat' dir='ltr'>uem</span> <span class='ocrx_word' id='word_1_186' title='bbox 337 2583 495 2647; x_wconf 84' lang='lat' dir='ltr'>Oiceronie</span> <span class='ocrx_word' id='word_1_187' title='bbox 524 2585 676 2647; x_wconf 87' lang='lat' dir='ltr'>interdum</span> <span class='ocrx_word' id='word_1_188' title='bbox 699 2588 913 2665; x_wconf 83' lang='lat' dir='ltr'>exagitaverat</span> <span class='ocrx_word' id='word_1_189' title='bbox 933 2606 995 2649; x_wconf 90' lang='lat' dir='ltr'>non</span> <span class='ocrx_word' id='word_1_190' title='bbox 1022 2587 1153 2646; x_wconf 84' lang='lat' dir='ltr'>efficitur</span> <span class='ocrx_word' id='word_1_191' title='bbox 1180 2606 1250 2648; x_wconf 89' lang='lat' dir='ltr'>eum</span> <span class='ocrx_word' id='word_1_192' title='bbox 1273 2588 1385 2647; x_wconf 87' lang='lat' dir='ltr'>Latine</span> 
     </span>
     <span class='ocr_line' id='line_1_23' title="bbox 246 2670 1385 2771; baseline 0 -25"><span class='ocrx_word' id='word_1_193' title='bbox 246 2689 413 2769; x_wconf 83' lang='lat' dir='ltr'>scripsisse.</span> <span class='ocrx_word' id='word_1_194' title='bbox 436 2686 511 2768; x_wconf 87' lang='lat' dir='ltr'>quid</span> <span class='ocrx_word' id='word_1_195' title='bbox 526 2687 630 2748; x_wconf 79' lang='lat' dir='ltr'>enim?</span> <span class='ocrx_word' id='word_1_196' title='bbox 644 2708 747 2748; x_wconf 89' lang='lat' dir='ltr'>nonne</span> <span class='ocrx_word' id='word_1_197' title='bbox 763 2687 844 2748; x_wconf 87' lang='lat' dir='ltr'>idem</span> <span class='ocrx_word' id='word_1_198' title='bbox 857 2685 925 2767; x_wconf 76' lang='grc' dir='ltr'><strong><em>περὶ</em></strong></span> <span class='ocrx_word' id='word_1_199' title='bbox 936 2670 939 2676; x_wconf 43' lang='grc'><strong>”</strong></span> <span class='ocrx_word' id='word_1_200' title='bbox 950 2687 1001 2765; x_wconf 75' lang='grc' dir='ltr'>τῆς</span> <span class='ocrx_word' id='word_1_201' title='bbox 1022 2678 1102 2769; x_wconf 70' lang='grc' dir='ltr'>παρὰ</span> <span class='ocrx_word' id='word_1_202' title='bbox 1112 2675 1263 2771; x_wconf 73' lang='grc' dir='ltr'><strong><em>Ῥωμαίοις</em></strong></span> <span class='ocrx_word' id='word_1_203' title='bbox 1278 2680 1385 2748; x_wconf 65' lang='lat' dir='ltr'>ennio-</span> 
     </span>
     <span class='ocr_line' id='line_1_24' title="bbox 247 2787 736 2871; baseline 0.004 -24"><span class='ocrx_word' id='word_1_204' title='bbox 247 2787 314 2867; x_wconf 59' lang='lat' dir='ltr'>pter</span> <span class='ocrx_word' id='word_1_205' title='bbox 329 2790 438 2850; x_wconf 87' lang='lat' dir='ltr'>librom</span> <span class='ocrx_word' id='word_1_206' title='bbox 454 2788 575 2851; x_wconf 87' lang='lat' dir='ltr'>Graece</span> <span class='ocrx_word' id='word_1_207' title='bbox 591 2790 736 2871; x_wconf 76' lang='lat' dir='ltr'>scripsit?</span> 
     </span>
    </p>

    <p class='ocr_par' dir='ltr' id='par_1_5' title="bbox 233 2891 1387 3786">
     <span class='ocr_line' id='line_1_25' title="bbox 264 2891 1384 2972; baseline 0.003 -21"><span class='ocrx_word' id='word_1_208' title='bbox 264 2909 268 2918; x_wconf 90' lang='grc'><em>’</em></span> <span class='ocrx_word' id='word_1_209' title='bbox 333 2895 375 2951; x_wconf 83' lang='lat' dir='ltr'>De</span> <span class='ocrx_word' id='word_1_210' title='bbox 390 2895 475 2951; x_wconf 81' lang='lat' dir='ltr'>rebus</span> <span class='ocrx_word' id='word_1_211' title='bbox 490 2897 579 2951; x_wconf 80' lang='lat' dir='ltr'>uariis</span> <span class='ocrx_word' id='word_1_212' title='bbox 592 2892 806 2972; x_wconf 82' lang='lat' dir='ltr'>Tranquillum</span> <span class='ocrx_word' id='word_1_213' title='bbox 822 2893 980 2972; x_wconf 87' lang='lat' dir='ltr'>scripsisse</span> <span class='ocrx_word' id='word_1_214' title='bbox 992 2891 1114 2953; x_wconf 78' lang='lat' dir='ltr'>Charisi</span> <span class='ocrx_word' id='word_1_215' title='bbox 1134 2893 1307 2954; x_wconf 87' lang='lat' dir='ltr'>testimonio</span> <span class='ocrx_word' id='word_1_216' title='bbox 1327 2895 1384 2954; x_wconf 89' lang='lat' dir='ltr'>sci·</span> 
     </span>
     <span class='ocr_line' id='line_1_26' title="bbox 248 2992 1385 3076; baseline 0.002 -23"><span class='ocrx_word' id='word_1_217' title='bbox 248 3012 330 3065; x_wconf 88' lang='lat' dir='ltr'>mne,-</span> <span class='ocrx_word' id='word_1_218' title='bbox 347 2993 400 3072; x_wconf 89' lang='lat' dir='ltr'>qui</span> <span class='ocrx_word' id='word_1_219' title='bbox 414 2992 543 3053; x_wconf 84' lang='lat' dir='ltr'>Suetoni</span> <span class='ocrx_word' id='word_1_220' title='bbox 563 2995 746 3055; x_wconf 89' lang='lat' dir='ltr'>sententiam</span> <span class='ocrx_word' id='word_1_221' title='bbox 762 2994 800 3055; x_wconf 78' lang='lat' dir='ltr'>(le</span> <span class='ocrx_word' id='word_1_222' title='bbox 823 3012 948 3053; x_wconf 88' lang='lat' dir='ltr'>numero</span> <span class='ocrx_word' id='word_1_223' title='bbox 968 2995 1226 3076; x_wconf 86' lang='lat' dir='ltr'>praepositionum</span> <span class='ocrx_word' id='word_1_224' title='bbox 1251 2994 1385 3057; x_wconf 81' lang='lat' dir='ltr'>Graeca·</span> 
     </span>
     <span class='ocr_line' id='line_1_27' title="bbox 247 3080 1386 3175; baseline 0.004 -21"><span class='ocrx_word' id='word_1_225' title='bbox 247 3114 315 3154; x_wconf 90' lang='lat' dir='ltr'>rum</span> <span class='ocrx_word' id='word_1_226' title='bbox 329 3104 361 3154; x_wconf 90' lang='lat' dir='ltr'>et</span> <span class='ocrx_word' id='word_1_227' title='bbox 375 3095 554 3155; x_wconf 76' lang='lat' dir='ltr'>Latinarum</span> <span class='ocrx_word' id='word_1_228' title='bbox 574 3097 618 3156; x_wconf 90' lang='lat' dir='ltr'>sic</span> <span class='ocrx_word' id='word_1_229' title='bbox 639 3097 768 3175; x_wconf 86' lang='lat' dir='ltr'>profert:</span> <span class='ocrx_word' id='word_1_230' title='bbox 799 3097 884 3155; x_wconf 82' lang='lat' dir='ltr'>Gnins</span> <span class='ocrx_word' id='word_1_231' title='bbox 899 3098 988 3156; x_wconf 84' lang='lat' dir='ltr'>Iulius</span> <span class='ocrx_word' id='word_1_232' title='bbox 1003 3098 1147 3157; x_wconf 65' lang='lat' dir='ltr'>Rombrns</span> <span class='ocrx_word' id='word_1_233' title='bbox 1157 3101 1192 3157; x_wconf 76' lang='lat' dir='ltr'>rie</span> <span class='ocrx_word' id='word_1_234' title='bbox 1203 3080 1386 3173; x_wconf 77' lang='lat' dir='ltr'>praepositio·</span> 
     </span>
     <span class='ocr_line' id='line_1_28' title="bbox 234 3185 1387 3277; baseline 0.003 -22"><span class='ocrx_word' id='word_1_235' title='bbox 234 3199 329 3257; x_wconf 59' lang='lat' dir='ltr'>vrn&#39;bsn</span> <span class='ocrx_word' id='word_1_236' title='bbox 348 3200 416 3256; x_wconf 79' lang='lat' dir='ltr'>libro</span> <span class='ocrx_word' id='word_1_237' title='bbox 434 3185 581 3277; x_wconf 68' lang='grc' dir='ltr'>ἀφορμῶν</span> <span class='ocrx_word' id='word_1_238' title='bbox 599 3204 638 3257; x_wconf 83' lang='lat' dir='ltr'>ite</span> <span class='ocrx_word' id='word_1_239' title='bbox 658 3201 757 3275; x_wconf 73' lang='lat' dir='ltr'>referi.</span> <span class='ocrx_word' id='word_1_240' title='bbox 789 3200 933 3259; x_wconf 66' lang='lat' dir='ltr'>Senensis</span> <span class='ocrx_word' id='word_1_241' title='bbox 951 3201 1128 3274; x_wconf 76' lang='lat' dir='ltr'>Tranqm&#39;iins</span> <span class='ocrx_word' id='word_1_242' title='bbox 1147 3203 1182 3258; x_wconf 79' lang='lat' dir='ltr'>cir</span> <span class='ocrx_word' id='word_1_243' title='bbox 1202 3202 1284 3259; x_wconf 80' lang='lat' dir='ltr'>rebrn</span> <span class='ocrx_word' id='word_1_244' title='bbox 1299 3206 1387 3259; x_wconf 82' lang='lat' dir='ltr'>rnriis</span> 
     </span>
     <span class='ocr_line' id='line_1_29' title="bbox 243 3298 1386 3377; baseline 0.003 -21"><span class='ocrx_word' id='word_1_245' title='bbox 243 3303 464 3375; x_wconf 75' lang='lat' dir='ltr'>praepositiones</span> <span class='ocrx_word' id='word_1_246' title='bbox 478 3306 564 3376; x_wconf 80' lang='lat' dir='ltr'>inperii</span> <span class='ocrx_word' id='word_1_247' title='bbox 576 3318 670 3360; x_wconf 84' lang='lat' dir='ltr'>ornnes</span> <span class='ocrx_word' id='word_1_248' title='bbox 692 3305 800 3360; x_wconf 80' lang='lat' dir='ltr'>omnino</span> <span class='ocrx_word' id='word_1_249' title='bbox 813 3310 877 3377; x_wconf 82' lang='lat' dir='ltr'>enni</span> <span class='ocrx_word' id='word_1_250' title='bbox 898 3298 1024 3359; x_wconf 81' lang='lat' dir='ltr'>Graecae</span> <span class='ocrx_word' id='word_1_251' title='bbox 1038 3304 1234 3377; x_wconf 74' lang='lat' dir='ltr'>dnodenspinti,</span> <span class='ocrx_word' id='word_1_252' title='bbox 1262 3308 1309 3377; x_wconf 80' lang='lat' dir='ltr'>qni</span> <span class='ocrx_word' id='word_1_253' title='bbox 1334 3321 1386 3360; x_wconf 89' lang='lat' dir='ltr'>nn-</span> 
     </span>
     <span class='ocr_line' id='line_1_30' title="bbox 233 3404 1386 3478; baseline 0.003 -19"><span class='ocrx_word' id='word_1_254' title='bbox 233 3418 342 3460; x_wconf 74' lang='lat' dir='ltr'>nnncs</span> <span class='ocrx_word' id='word_1_255' title='bbox 356 3405 427 3467; x_wconf 80' lang='lat' dir='ltr'>inter</span> <span class='ocrx_word' id='word_1_256' title='bbox 443 3416 536 3461; x_wconf 85' lang='lat' dir='ltr'>omnes</span> <span class='ocrx_word' id='word_1_257' title='bbox 550 3407 659 3461; x_wconf 71' lang='lat' dir='ltr'>enisos</span> <span class='ocrx_word' id='word_1_258' title='bbox 676 3407 869 3478; x_wconf 80' lang='lat' dir='ltr'>prnmmoticor</span> <span class='ocrx_word' id='word_1_259' title='bbox 883 3404 1013 3478; x_wconf 76' lang='lat' dir='ltr'>profecto</span> <span class='ocrx_word' id='word_1_260' title='bbox 1034 3407 1172 3475; x_wconf 76' lang='lat' dir='ltr'>conuertit,</span> <span class='ocrx_word' id='word_1_261' title='bbox 1194 3412 1306 3462; x_wconf 71' lang='lat' dir='ltr'>norbae</span> <span class='ocrx_word' id='word_1_262' title='bbox 1319 3420 1386 3463; x_wconf 84' lang='lat' dir='ltr'>nero</span> 
     </span>
     <span class='ocr_line' id='line_1_31' title="bbox 248 3506 1387 3581; baseline 0 -18"><span class='ocrx_word' id='word_1_263' title='bbox 248 3506 386 3563; x_wconf 74' lang='lat' dir='ltr'>cesenas:</span> <span class='ocrx_word' id='word_1_264' title='bbox 426 3507 462 3562; x_wconf 85' lang='lat' dir='ltr'>nb</span> <span class='ocrx_word' id='word_1_265' title='bbox 488 3508 527 3562; x_wconf 74' lang='lat' dir='ltr'>cii</span> <span class='ocrx_word' id='word_1_266' title='bbox 549 3513 664 3579; x_wconf 84' lang='lat' dir='ltr'>praeter</span> <span class='ocrx_word' id='word_1_267' title='bbox 693 3525 748 3580; x_wconf 89' lang='lat' dir='ltr'>pro</span> <span class='ocrx_word' id='word_1_268' title='bbox 769 3522 844 3581; x_wconf 84' lang='lat' dir='ltr'>prce</span> <span class='ocrx_word' id='word_1_269' title='bbox 866 3522 958 3579; x_wconf 84' lang='lat' dir='ltr'>prope</span> <span class='ocrx_word' id='word_1_270' title='bbox 983 3510 1013 3562; x_wconf 85' lang='lat' dir='ltr'>in</span> <span class='ocrx_word' id='word_1_271' title='bbox 1044 3522 1081 3564; x_wconf 81' lang='lat' dir='ltr'>en</span> <span class='ocrx_word' id='word_1_272' title='bbox 1106 3508 1156 3563; x_wconf 82' lang='lat' dir='ltr'>snb</span> <span class='ocrx_word' id='word_1_273' title='bbox 1183 3522 1268 3580; x_wconf 81' lang='lat' dir='ltr'>snper</span> <span class='ocrx_word' id='word_1_274' title='bbox 1295 3508 1387 3563; x_wconf 80' lang='lat' dir='ltr'>subter</span> 
     </span>
     <span class='ocr_line' id='line_1_32' title="bbox 250 3604 1387 3687; baseline 0 -23"><span class='ocrx_word' id='word_1_275' title='bbox 250 3605 370 3685; x_wconf 70' lang='lat' dir='ltr'>(fragm.</span> <span class='ocrx_word' id='word_1_276' title='bbox 384 3604 467 3684; x_wconf 73' lang='lat' dir='ltr'>itte).</span> <span class='ocrx_word' id='word_1_277' title='bbox 486 3607 516 3666; x_wconf 90' lang='lat' dir='ltr'>in</span> <span class='ocrx_word' id='word_1_278' title='bbox 536 3606 645 3687; x_wconf 85' lang='lat' dir='ltr'>quibus</span> <span class='ocrx_word' id='word_1_279' title='bbox 660 3626 741 3666; x_wconf 86' lang='lat' dir='ltr'>nuuc</span> <span class='ocrx_word' id='word_1_280' title='bbox 757 3607 904 3685; x_wconf 76' lang='lat' dir='ltr'>intellego</span> <span class='ocrx_word' id='word_1_281' title='bbox 925 3615 997 3667; x_wconf 89' lang='lat' dir='ltr'>ante</span> <span class='ocrx_word' id='word_1_282' title='bbox 1012 3616 1123 3665; x_wconf 85' lang='lat' dir='ltr'>nostrus</span> <span class='ocrx_word' id='word_1_283' title='bbox 1139 3607 1190 3667; x_wconf 79' lang='lat' dir='ltr'>rel</span> <span class='ocrx_word' id='word_1_284' title='bbox 1209 3616 1279 3687; x_wconf 82' lang='lat' dir='ltr'>poet</span> <span class='ocrx_word' id='word_1_285' title='bbox 1294 3610 1387 3665; x_wconf 79' lang='lat' dir='ltr'>sraebtrr</span> 
     </span>
     <span class='ocr_line' id='line_1_33' title="bbox 248 3706 1387 3786; baseline 0.001 -20"><span class='ocrx_word' id='word_1_286' title='bbox 248 3706 443 3767; x_wconf 86' lang='lat' dir='ltr'>intercidisse</span> <span class='ocrx_word' id='word_1_287' title='bbox 457 3725 559 3786; x_wconf 81' lang='lat' dir='ltr'>pauco</span> <span class='ocrx_word' id='word_1_288' title='bbox 577 3728 634 3768; x_wconf 88' lang='lat' dir='ltr'>nec</span> <span class='ocrx_word' id='word_1_289' title='bbox 651 3718 734 3770; x_wconf 87' lang='lat' dir='ltr'>recte</span> <span class='ocrx_word' id='word_1_290' title='bbox 753 3730 801 3770; x_wconf 91' lang='lat' dir='ltr'>me</span> <span class='ocrx_word' id='word_1_291' title='bbox 815 3709 835 3769; x_wconf 90' lang='lat' dir='ltr'>l.</span> <span class='ocrx_word' id='word_1_292' title='bbox 855 3728 880 3767; x_wconf 92' lang='lat' dir='ltr'>c.</span> <span class='ocrx_word' id='word_1_293' title='bbox 894 3708 1047 3786; x_wconf 80' lang='lat' dir='ltr'>verbaqni</span> <span class='ocrx_word' id='word_1_294' title='bbox 1062 3727 1196 3769; x_wconf 77' lang='lat' dir='ltr'>nnmersn</span> <span class='ocrx_word' id='word_1_295' title='bbox 1205 3714 1278 3769; x_wconf 86' lang='lat' dir='ltr'>inter</span> <span class='ocrx_word' id='word_1_296' title='bbox 1295 3726 1387 3767; x_wconf 81' lang='lat' dir='ltr'>ornnes</span> 
     </span>
    </p>
   </div>
   <div class='ocr_carea' id='block_1_3' title="bbox 236 3924 1388 4501">
    <p class='ocr_par' dir='ltr' id='par_1_6' title="bbox 236 3924 1388 4501">
     <span class='ocr_line' id='line_1_34' title="bbox 317 3924 1386 3997; baseline 0.001 -20"><span class='ocrx_word' id='word_1_297' title='bbox 317 3924 652 3995; x_wconf 77' lang='lat' dir='ltr'>*)cteelliusxv111,</span> <span class='ocrx_word' id='word_1_298' title='bbox 669 3928 695 3978; x_wconf 88' lang='lat' dir='ltr'>l:</span> <span class='ocrx_word' id='word_1_299' title='bbox 720 3936 746 3979; x_wconf 84' lang='lat' dir='ltr'>at</span> <span class='ocrx_word' id='word_1_300' title='bbox 759 3932 858 3997; x_wconf 83' lang='lat' dir='ltr'>qnidam</span> <span class='ocrx_word' id='word_1_301' title='bbox 867 3931 973 3991; x_wconf 80' lang='lat' dir='ltr'>suerunt</span> <span class='ocrx_word' id='word_1_302' title='bbox 989 3934 1104 3980; x_wconf 79' lang='lat' dir='ltr'>monstra</span> <span class='ocrx_word' id='word_1_303' title='bbox 1120 3930 1252 3987; x_wconf 77' lang='lat' dir='ltr'>boninum,</span> <span class='ocrx_word' id='word_1_304' title='bbox 1271 3930 1340 3996; x_wconf 79' lang='lat' dir='ltr'>qnod</span> <span class='ocrx_word' id='word_1_305' title='bbox 1354 3930 1386 3979; x_wconf 79' lang='lat' dir='ltr'>rie</span> 
     </span>
     <span class='ocr_line' id='line_1_35' title="bbox 250 4012 1385 4081; baseline 0.003 -19"><span class='ocrx_word' id='word_1_306' title='bbox 250 4013 291 4062; x_wconf 83' lang='lat' dir='ltr'>dir</span> <span class='ocrx_word' id='word_1_307' title='bbox 298 4012 474 4065; x_wconf 76' lang='lat' dir='ltr'>inmortalibus</span> <span class='ocrx_word' id='word_1_308' title='bbox 485 4016 575 4079; x_wconf 77' lang='lat' dir='ltr'>irupins</span> <span class='ocrx_word' id='word_1_309' title='bbox 584 4015 717 4081; x_wconf 73' lang='lat' dir='ltr'>sanaeque</span> <span class='ocrx_word' id='word_1_310' title='bbox 728 4018 860 4080; x_wconf 74' lang='lat' dir='ltr'>opiniones</span> <span class='ocrx_word' id='word_1_311' title='bbox 868 4017 1052 4079; x_wconf 67' lang='lat' dir='ltr'>prediceretur,</span> <span class='ocrx_word' id='word_1_312' title='bbox 1064 4017 1102 4065; x_wconf 84' lang='lat' dir='ltr'>iio</span> <span class='ocrx_word' id='word_1_313' title='bbox 1113 4019 1224 4066; x_wconf 70' lang='lat' dir='ltr'>muniti</span> <span class='ocrx_word' id='word_1_314' title='bbox 1233 4022 1286 4065; x_wconf 81' lang='lat' dir='ltr'>iarn</span> <span class='ocrx_word' id='word_1_315' title='bbox 1296 4015 1385 4080; x_wconf 83' lang='lat' dir='ltr'>prodi-</span> 
     </span>
     <span class='ocr_line' id='line_1_36' title="bbox 248 4099 1386 4167; baseline 0.001 -19"><span class='ocrx_word' id='word_1_316' title='bbox 248 4100 316 4163; x_wconf 80' lang='lat' dir='ltr'>piost</span> <span class='ocrx_word' id='word_1_317' title='bbox 325 4105 425 4164; x_wconf 76' lang='lat' dir='ltr'>tmpre</span> <span class='ocrx_word' id='word_1_318' title='bbox 436 4102 560 4152; x_wconf 80' lang='lat' dir='ltr'>secordes</span> <span class='ocrx_word' id='word_1_319' title='bbox 571 4101 727 4165; x_wconf 67' lang='lat' dir='ltr'>enimn,</span> <span class='ocrx_word' id='word_1_320' title='bbox 743 4102 770 4150; x_wconf 87' lang='lat' dir='ltr'>in</span> <span class='ocrx_word' id='word_1_321' title='bbox 787 4101 875 4167; x_wconf 78' lang='lat' dir='ltr'>quibrn</span> <span class='ocrx_word' id='word_1_322' title='bbox 889 4108 947 4151; x_wconf 84' lang='lat' dir='ltr'>enni</span> <span class='ocrx_word' id='word_1_323' title='bbox 961 4101 1046 4152; x_wconf 78' lang='lat' dir='ltr'>Gaitns</span> <span class='ocrx_word' id='word_1_324' title='bbox 1064 4101 1169 4151; x_wconf 81' lang='lat' dir='ltr'>Aeinirn</span> <span class='ocrx_word' id='word_1_325' title='bbox 1179 4106 1205 4151; x_wconf 83' lang='lat' dir='ltr'>et</span> <span class='ocrx_word' id='word_1_326' title='bbox 1217 4101 1330 4166; x_wconf 73' lang='lat' dir='ltr'>Lorpim</span> <span class='ocrx_word' id='word_1_327' title='bbox 1341 4099 1386 4149; x_wconf 69' lang='lat' dir='ltr'>[s</span> 
     </span>
     <span class='ocr_line' id='line_1_37' title="bbox 250 4183 1388 4250; baseline 0.002 -19"><span class='ocrx_word' id='word_1_328' title='bbox 250 4183 333 4241; x_wconf 75' lang='lat' dir='ltr'>sinin,</span> <span class='ocrx_word' id='word_1_329' title='bbox 348 4185 418 4233; x_wconf 82' lang='lat' dir='ltr'>cuins</span> <span class='ocrx_word' id='word_1_330' title='bbox 428 4184 493 4235; x_wconf 83' lang='lat' dir='ltr'>iiber</span> <span class='ocrx_word' id='word_1_331' title='bbox 504 4190 578 4236; x_wconf 84' lang='lat' dir='ltr'>etiarn</span> <span class='ocrx_word' id='word_1_332' title='bbox 586 4186 673 4250; x_wconf 78' lang='lat' dir='ltr'>fertur</span> <span class='ocrx_word' id='word_1_333' title='bbox 684 4186 789 4250; x_wconf 74' lang='lat' dir='ltr'>infantie</span> <span class='ocrx_word' id='word_1_334' title='bbox 800 4188 871 4237; x_wconf 84' lang='lat' dir='ltr'>titulo</span> <span class='ocrx_word' id='word_1_335' title='bbox 886 4186 1080 4245; x_wconf 64' lang='lat' dir='ltr'>(irnonrcstie,</span> <span class='ocrx_word' id='word_1_336' title='bbox 1098 4193 1125 4237; x_wconf 86' lang='lat' dir='ltr'>nt</span> <span class='ocrx_word' id='word_1_337' title='bbox 1141 4186 1254 4236; x_wconf 74' lang='lat' dir='ltr'>scribere</span> <span class='ocrx_word' id='word_1_338' title='bbox 1267 4189 1323 4235; x_wconf 78' lang='grc' dir='ltr'>οοοί</span> <span class='ocrx_word' id='word_1_339' title='bbox 1337 4186 1388 4234; x_wconf 85' lang='lat' dir='ltr'>sint</span> 
     </span>
     <span class='ocr_line' id='line_1_38' title="bbox 252 4266 1386 4337; baseline 0.001 -21"><span class='ocrx_word' id='word_1_340' title='bbox 252 4266 290 4316; x_wconf 81' lang='lat' dir='ltr'>M.</span> <span class='ocrx_word' id='word_1_341' title='bbox 305 4266 448 4318; x_wconf 84' lang='lat' dir='ltr'>Ciceronem</span> <span class='ocrx_word' id='word_1_342' title='bbox 460 4287 569 4334; x_wconf 82' lang='lat' dir='ltr'>parurn</span> <span class='ocrx_word' id='word_1_343' title='bbox 584 4272 711 4336; x_wconf 81' lang='lat' dir='ltr'>intepre</span> <span class='ocrx_word' id='word_1_344' title='bbox 724 4278 818 4337; x_wconf 81' lang='lat' dir='ltr'>nique</span> <span class='ocrx_word' id='word_1_345' title='bbox 835 4274 1010 4336; x_wconf 82' lang='lat' dir='ltr'>inproprie</span> <span class='ocrx_word' id='word_1_346' title='bbox 1029 4278 1124 4337; x_wconf 82' lang='lat' dir='ltr'>ntqne</span> <span class='ocrx_word' id='word_1_347' title='bbox 1143 4272 1386 4321; x_wconf 82' lang='lat' dir='ltr'>inconsiderate</span> 
     </span>
     <span class='ocr_line' id='line_1_39' title="bbox 236 4344 1388 4422; baseline 0.003 -23"><span class='ocrx_word' id='word_1_348' title='bbox 236 4354 391 4401; x_wconf 77' lang='lat' dir='ltr'>&#39;iorrrtune</span> <span class='ocrx_word' id='word_1_349' title='bbox 416 4354 525 4420; x_wconf 87' lang='lat' dir='ltr'>scripsit</span> <span class='ocrx_word' id='word_1_350' title='bbox 538 4344 629 4405; x_wconf 82' lang='lat' dir='ltr'>aulem</span> <span class='ocrx_word' id='word_1_351' title='bbox 642 4354 772 4405; x_wconf 83' lang='lat' dir='ltr'>Claudius</span> <span class='ocrx_word' id='word_1_352' title='bbox 785 4355 891 4405; x_wconf 79' lang='lat' dir='ltr'>Ceessr</span> <span class='ocrx_word' id='word_1_353' title='bbox 907 4357 966 4422; x_wconf 91' lang='lat' dir='ltr'>ipso</span> <span class='ocrx_word' id='word_1_354' title='bbox 985 4355 1115 4405; x_wconf 82' lang='lat' dir='ltr'>Suetonio</span> <span class='ocrx_word' id='word_1_355' title='bbox 1134 4360 1205 4405; x_wconf 87' lang='lat' dir='ltr'>teste</span> <span class='ocrx_word' id='word_1_356' title='bbox 1219 4370 1242 4405; x_wconf 88' lang='lat' dir='ltr'>c.</span> <span class='ocrx_word' id='word_1_357' title='bbox 1255 4355 1287 4404; x_wconf 78' lang='lat' dir='ltr'>tl</span> <span class='ocrx_word' id='word_1_358' title='bbox 1320 4355 1388 4404; x_wconf 81' lang='lat' dir='ltr'>Oire·</span> 
     </span>
     <span class='ocr_line' id='line_1_40' title="bbox 250 4437 1105 4501; baseline 0.006 -17"><span class='ocrx_word' id='word_1_359' title='bbox 250 4440 321 4487; x_wconf 83' lang='lat' dir='ltr'>renis</span> <span class='ocrx_word' id='word_1_360' title='bbox 333 4437 501 4501; x_wconf 77' lang='lat' dir='ltr'>defensionen</span> <span class='ocrx_word' id='word_1_361' title='bbox 513 4440 636 4490; x_wconf 67' lang='lat' dir='ltr'>crinem</span> <span class='ocrx_word' id='word_1_362' title='bbox 649 4441 724 4489; x_wconf 82' lang='lat' dir='ltr'>Asini</span> <span class='ocrx_word' id='word_1_363' title='bbox 736 4440 803 4490; x_wconf 80' lang='lat' dir='ltr'>Galli</span> <span class='ocrx_word' id='word_1_364' title='bbox 812 4440 890 4490; x_wconf 81' lang='lat' dir='ltr'>libros</span> <span class='ocrx_word' id='word_1_365' title='bbox 901 4443 963 4490; x_wconf 82' lang='lat' dir='ltr'>entis</span> <span class='ocrx_word' id='word_1_366' title='bbox 976 4442 1105 4489; x_wconf 80' lang='lat' dir='ltr'>rrnriiimr.</span> 
     </span>
    </p>
   </div>
   <div class='ocr_carea' id='block_1_4' title="bbox 0 0 1609 4998">
    <p class='ocr_par' dir='ltr' id='par_1_7' title="bbox 0 0 1609 4998">
     <span class='ocr_line' id='line_1_41' title="bbox 0 0 1609 4998; baseline 0 0"><span class='ocrx_word' id='word_1_367' title='bbox 0 0 1609 4998; x_wconf 95' lang='lat' dir='ltr'> </span> 
     </span>
    </p>
   </div>
  </div>
 </body>
</html>
