3200 4992
248 420 307 483 100
616 436 658 481 on
681 434 767 481 vrurs
791 433 1004 480 rntvsrnmrs

216 595 228 652 1
331 600 560 651 (1111111111101
587 586 770 650 Romaene
794 588 826 649 in
848 608 909 649 usu
933 584 1062 671 quidem
1085 584 1177 666 olim,
1205 581 1323 648 nedum
1345 583 1380 648 in

244 689 364 754 honore
387 688 453 753 ullo
481 699 563 771 erat,
590 689 663 752 rudi
694 688 818 752 scilicet
844 709 883 750 ac
911 686 1068 751 bellicosa
1097 687 1278 750 etiamtum
1301 686 1379 749 ciui·

242 800 324 873 tate,
347 790 485 854 necdum
501 812 698 876 magnopere
720 788 911 854 liberalibus
935 788 1117 875 disciplinis
1138 798 1285 851 uacante.
1320 787 1378 850 ini-

242 894 320 957 tium
343 914 471 979 quoque
505 893 575 955 cius
608 891 770 954 mediocre
795 892 918 973 extitit,
950 894 976 953 si
1001 890 1130 977 quidem
1159 889 1379 975 antiquissimi

154 1042 160 1057 .
243 995 425 1073 doctorum,
449 995 504 1080 qui
528 993 613 1057 idem
636 1005 668 1057 ct
689 1003 804 1080 poetae
824 1004 856 1057 et
878 992 1070 1077 semigraeci
1092 1001 1184 1056 erant
1197 1029 1234 1038 -
1247 990 1400 1066 Liuiums

242 1107 274 1160 ot
290 1096 433 1161 Ennium
453 1096 540 1175 dico,
564 1117 644 1182 quos
666 1107 803 1181 utraque
825 1094 938 1180 lingua
956 1094 1043 1158 domi
1061 1094 1207 1180 forisque
1230 1088 1379 1157 docuisse

240 1199 428 1263 adnotatum
442 1207 491 1261 est
501 1237 544 1245 —
555 1197 636 1261 nihil
651 1195 789 1283 amplius
805 1219 901 1283 quam
918 1196 1061 1261 Graecos
1074 1193 1378 1303 interpretabantur,

243 1311 300 1363 out
332 1303 357 1363 si
387 1299 470 1386 quid¹
491 1300 552 1385 ipsi
580 1297 698 1362 Latine
726 1300 984 1384 composuissent
1011 1298 1253 1383 praelegebantr
1282 1316 1378 1379 'narn
1468 1365 1473 1377 ‚

242 1402 329 1488 quod
361 1423 424 1465 nou
443 1400 524 1486 nulli
556 1399 689 1465 tradunt
716 1399 796 1463 duos
832 1399 932 1465 libros
962 1400 1002 1464 de
1026 1402 1142 1464 litteris
1169 1397 1378 1484 syllabisque,
1437 1474 1442 1482 .

241 1505 317 1567 item
341 1503 381 1566 de
403 1504 513 1567 metris
537 1502 578 1567 ab
601 1502 713 1567 eodem
738 1502 844 1565 Ennio
866 1502 984 1582 editos,
1008 1504 1078 1566 iure
1101 1503 1209 1586 arguit
1227 1499 1267 1563 L.
1284 1499 1433 1563 Cottam·

242 1627 306 1668 non
329 1615 444 1692 poetae
465 1604 524 1670 sed
546 1606 733 1690 posterioris
755 1604 841 1667 Enni
861 1626 948 1686 esse,
976 1606 1069 1668 cuius
1091 1604 1189 1667 etiam
1216 1602 1256 1667 de
1277 1623 1378 1686 augu-

241 1706 338 1770 randi
360 1704 533 1792 disciplina
555 1706 721 1769 uolumino
742 1688 899 1769 fercintus,

212 1830 231 1889 2
328 1823 456 1889 Primus
478 1825 578 1909 igitur
605 1833 760 1911 quantum
781 1823 1122 1911 opinamurstndium
1147 1823 1377 1907 grammaticae

208 1970 211 1985 .
242 1927 276 1990 in
311 1923 422 1990 urbem
457 1926 567 1991 intulit
596 1926 711 1991 Crates
736 1926 886 2007 Maflotes
918 1925 1100 1990 Aristarchi
1126 1924 1286 2012 aequalis,
1321 1924 1377 2010 qui

241 2029 359 2092 missus
378 2027 419 2091 od
438 2038 585 2093 senatum
607 2028 649 2093 ab
665 2027 776 2092 Attalo
794 2050 872 2113 rege
892 2030 976 2095 inter
987 2012 1172 2092 ”sicundum
1189 2048 1227 2091 ao
1245 2027 1376 2090 tertium
1388 2046 1410 2086 rs

241 2129 401 2193 Punicum
425 2129 545 2195 bellum
568 2129 629 2194 sub
650 2119 755 2216 ipsam
778 2124 867 2194 Enni
886 2141 1038 2210 mortem,
1069 2152 1142 2194 oum
1164 2129 1297 2214 regione
1317 2126 1376 2189 Pa·

241 2232 310 2295 latii
332 2232 503 2318 prolapsus
526 2233 560 2295 in
590 2231 724 2305 cloacae
742 2233 886 2296 foramen
909 2254 984 2297 crus
1006 2232 1174 2318 fregisset,
1200 2252 1259 2318 per
1283 2251 1377 2294 omne

241 2332 414 2417 legationis
437 2334 533 2398 simul
556 2345 589 2398 et
609 2332 807 2399 ualetudinis
825 2344 952 2422 tempus
970 2335 1125 2419 plurimas
1145 2333 1287 2417 acroasis
1303 2331 1377 2413 sub·

240 2435 317 2505 inde
340 2435 418 2499 fecit
445 2436 641 2524 assidueque
664 2436 835 2513 disseruit,
867 2458 906 2499 ac
929 2437 1049 2501 nostris
1077 2433 1225 2525 exemplo
1251 2434 1314 2503 suit
1335 2426 1375 2496 ail

240 2538 448 2601 imitandum:
483 2537 638 2603 hactenus
661 2549 767 2604 tamen
790 2539 949 2622 [imitati],
971 2546 1006 2601 ut
1022 2540 1165 2602 carmina
1186 2559 1299 2625 parum
1321 2535 1412 2599 adro

325 2827 338 2878 1
357 2832 547 2881 uruna'rroa
565 2809 615 2895 ΘΗ
630 2813 726 2875 2rudi
743 2810 876 2893 scilicet]
894 2837 919 2877 s.
937 2814 1004 2876 rudi
1022 2819 1041 2876 Ι
1051 2810 1064 2895 Η
1079 2827 1097 2881 3
1112 2811 1246 2894 disciplis
1263 2834 1278 2874 e
1297 2835 1375 2875 corr.

237 2910 303 2974 port
319 2919 379 2957 ros.
401 2903 424 2957 L
442 2898 488 2976 (in
510 2918 563 2973 mg.
583 2919 617 2956 m,
640 2917 698 2957 rec.
725 2898 915 2980 disciplinis)
938 2894 952 2981 Η
971 2914 987 2963 5
1005 2902 1057 2981 qui
1074 2900 1155 2959 idem
1173 2903 1377 2959 Lachmannua

239 2991 267 3043 in
286 3006 339 3060 my.
361 2989 404 3043 ed.
429 2987 600 3057 Wolfionaa,
625 3004 710 3058 quom
735 2989 904 3045 Bitschclius
925 2990 993 3045 milu'
1011 2990 1195 3046 commodavit
1213 2986 1265 3065 qui
1284 2984 1376 3044 iidem

756 3096 767 3121 Β
954 3098 966 3124 n

239 3140 418 3212 Stephanus.-
434 3137 555 3218 quidem
578 3140 668 3197 Vror
679 3137 801 3218 quidam
826 3143 849 3197 G
877 3140 998 3218 quidem
1020 3143 1049 3197 N
1067 3134 1080 3221 Η
1100 3149 1118 3203 6
1138 3150 1296 3218 utramque
1319 3138 1375 3197 lin·

239 3244 329 3301 guam
351 3226 370 3281 I
392 3232 516 3302 utranq3
544 3223 676 3299 lingnam
694 3226 748 3282 GN
766 3214 779 3305 Η
801 3226 875 3284 ioris
894 3228 917 3283 G
937 3220 952 3305 Η
969 3234 984 3289 7
1002 3224 1178 3284 adnotatum
1196 3228 1376 3284 Beroaldus:

239 3319 413 3369 annotatum
430 3310 454 3366 G
474 3312 626 3367 uiolatum
644 3311 691 3366 NI
708 3308 851 3368 adnotum
879 3313 926 3370 Vo
946 3320 978 3369 at
996 3322 1098 3369 notum
1114 3316 1130 3375 ἐ
1153 3314 1226 3369 Lm.
1245 3318 1306 3371 let
1322 3330 1376 3368 nos

239 3406 302 3453 tum
319 3398 372 3453 ὄπ
387 3413 422 3451 m.
441 3400 518 3452 2sat
532 3403 636 3453 notum
651 3396 855 3453 lochmonmrs
865 3399 882 3456 l.
899 3415 924 3454 c.
944 3397 983 3470 cf.
1001 3398 1172 3454 Ritsclralr'us
1189 3397 1263 3463 Mus
1282 3398 1374 3453 Rhea.

239 3532 300 3570 nov.
325 3470 456 3585 13111112.
475 3520 509 3571 11
531 3507 543 3594 Η
564 3513 656 3571 nichil
685 3507 734 3594 ΝΗ
751 3514 866 3573 Grecos
893 3517 965 3574 VGO
980 3510 993 3595 Η
1008 3515 1303 3595 interpraetabantur
1319 3516 1350 3573 N
1360 3512 1374 3593 Η

237 3595 331 3677 8aut]
345 3615 382 3657 ac
393 3600 434 3657 Io
449 3592 463 3680 Η
477 3598 586 3657 Latine
599 3597 657 3677 ipsi
674 3600 725 3657 ΝΟ
739 3592 753 3679 Η
770 3601 999 3678 conposuissent
1015 3603 1034 3661 Ι
1045 3595 1059 3683 Η
1073 3600 1292 3681 praelegebaut
1309 3600 1377 3657 GNI

517 3710 581 3753 maele
600 3714 666 3751 obrui

238 3767 458 3845 preelegabant
477 3725 760 3847 V'pracillegabant
775 3773 798 3827 L
815 3769 1051 3849 perlegebantO
1071 3764 1085 3852 ΙΙ
1108 3780 1125 3833 9
1140 3771 1236 3830 literis
1252 3772 1306 3828 LN
1321 3768 1374 3829 lr‘rs

239 3855 262 3910 G
278 3848 292 3933 Η
307 3863 340 3915 10
351 3853 448 3942 cditos
462 3856 485 3911 G
500 3853 617 3912 aeditos
630 3857 659 3911 Ν
670 3848 684 3936 Η
701 3867 728 3918 11
743 3856 938 3933 posteprioris
953 3857 981 3915 N
992 3850 1005 3937 Η
1021 3857 1100 3914 Enni
1120 3856 1247 3914 VEnnii
1257 3858 1375 3915 LGNIO

239 3933 253 4017 Η
273 3938 410 4015 augurali
428 3941 450 3997 0
470 3933 483 4021 Η
507 3949 538 4002 13
556 3940 710 4018 opinamus
728 3942 750 3997 G
771 3944 822 3997 sed
840 3960 917 3999 corr.
933 3945 996 3999 eorl.
1015 3961 1050 3998 rr.
1072 3938 1085 4018 Η
1111 3952 1141 4002 11
1156 3941 1305 3999 Aristarci
1324 3943 1378 3999 GN

238 4022 407 4081 Haristarci
431 4026 453 4082 0
474 4025 622 4089 aristarici
638 4026 657 4080 I
674 4018 688 4106 Η
710 4037 740 4088 15
756 4021 806 4103 ac]
831 4035 860 4083 et
884 4020 938 4107 ΝΗ
963 4034 993 4088 16
1007 4024 1121 4084 bellum
1141 4027 1289 4086 Punicum
1313 4029 1342 4083 N
1360 4020 1373 4105 Η

238 4108 318 4169 Enni
337 4110 361 4165 Γ
374 4109 464 4168 Ennii
480 4111 574 4168 LOGI
584 4102 598 4189 Η
613 4129 702 4188 quom
715 4112 744 4167 N
754 4111 806 4181 (sic
815 4113 881 4186 fere
892 4114 1014 4185 semper)
1032 4105 1044 4192 Η
1059 4112 1090 4169 in
1106 4112 1230 4189 regione
1244 4114 1266 4167 G
1282 4108 1296 4193 Η
1310 4110 1372 4189 pal-

237 4277 303 4338 latii
315 4281 332 4336 l
344 4274 357 4360 Η
375 4290 407 4341 18
420 4278 603 4347 ualetudinis
623 4280 669 4338 VO
680 4257 855 4339 ualitudinis
870 4281 967 4339 LNGI
978 4278 991 4360 Η
1006 4238 1138 4340 acroasis
1155 4284 1210 4340 GN
1221 4281 1373 4340 acrecasis

239 4360 281 4443 ΙΙΙ
298 4373 330 4427 19
345 4360 500 4440 disseruit]
524 4362 622 4422 ‹lesuit
642 4366 661 4421 Ι
673 4362 734 4442 1110
750 4362 939 4444 imitandum]
957 4366 997 4426 du
1012 4374 1042 4425 in
1054 4385 1114 4425 ror.
1132 4370 1155 4425 G
1177 4366 1373 4426 imitationem

239 4452 256 4507 l
269 4446 282 4531 Η
303 4449 408 4507 imitati
423 4452 537 4506 seclusit
551 4451 576 4506 Ι.
595 4452 646 4506 Fr.
662 4453 820 4509 Gronovius
832 4450 955 4512 imitatis
972 4455 1086 4528 quidam
1101 4456 1188 4543 opud*
1201 4455 1331 4527 Wolfium
