3220 5022
218 394 281 455 286
725 411 851 452 ιιιιιι

303 571 489 618 petulcum
517 564 550 619 et
577 558 1053 644 Pnonrrrnnnlpromittimns
1075 561 1199 643 rogati,
1229 558 1359 644 pollice·

217 679 291 720 mur
312 657 409 720 ultro.

301 773 458 820 Pncvnsss
493 768 526 821 et
558 764 708 840 Paconi]
740 761 883 844 pecudes
912 783 991 825 oues
1017 771 1143 825 tantum
1171 762 1358 847 accipimus,

215 880 335 946 pecora
354 870 464 923 autem
486 861 630 923 mixtura
654 863 799 924 omniurn
821 853 1012 925 animalium
1036 871 1094 925 est.

301 976 421 1023 etnam
444 968 476 1023 et
499 966 631 1042 contu]
651 961 759 1048 palam
779 965 923 1027 omnium
939 965 1157 1049 praesentiam
1173 973 1279 1046 notat,
1306 984 1380 1028 cos

216 1084 286 1125 ram
307 1082 481 1149 personam
500 1063 650 1147 accipere
670 1063 846 1127 desiderat.

300 1179 456 1227 Ριιιιινιι
478 1172 510 1226 ct
525 1164 726 1245 rarnnnvu]
748 1167 890 1251 patrium
911 1180 931 1228 a
945 1168 1051 1253 patria
1066 1169 1167 1247 uenit,
1186 1174 1359 1251 paternum

216 1276 359 1353 epatre.

301 1382 457 1431 Pontum
481 1377 513 1429 et
534 1371 690 1449 romara]
710 1369 857 1454 pomaria
878 1390 962 1432 uasa
983 1368 1139 1451 dicimus,
1167 1370 1252 1432 sicut
1274 1369 1358 1433 olea-

216 1471 281 1553 ria3
302 1479 433 1556 pometa
453 1469 537 1532 sicut
561 1468 684 1532 oliueta
703 1478 736 1531 ot
757 1468 871 1551 ficeta,
887 1470 1017 1533 maleta.
1365 1494 1389 1534 ro

301 1564 531 1634 ruron‘vsmr
554 1579 586 1632 et
608 1586 701 1633 rurs
727 1576 846 1653 vnmr]
873 1572 962 1657 prior
978 1570 1024 1635 ad
1045 1571 1254 1657 dignitatem,
1284 1580 1359 1635 anta

216 1672 258 1736 ad
278 1680 407 1757 tempus
426 1672 575 1736 refertur.

218 1824 298 1860 unum
317 1810 441 1874 quodque
460 1815 566 1859 mature
586 1810 716 1875 transigit
734 1811 758 1859 is
776 1815 915 1875 properat,
935 1810 982 1875 qui
999 1810 1085 1860 multa
1103 1810 1183 1860 simul
1201 1812 1301 1876 incipit
1311 1828 1359 1863 ue·

217 1894 269 1943 que
287 1878 408 1942 perficit,
439 1879 463 1927 is
487 1876 621 1927 festinat)
657 1878 760 1927 Paulus
782 1878 860 1927 Festi
882 1893 908 1942 p.
933 1877 996 1927 235:
1028 1880 1195 1943 ‘Properare
1218 1880 1293 1929 alind
1317 1887 1360 1929 cst

217 1946 291 1995 aliud
310 1946 457 2006 festinar03
482 1946 528 2009 qui
548 1960 629 1994 unum
648 1946 712 2009 qnid
731 1952 837 1995 mature
856 1946 1027 2010 transigitis
1046 1951 1189 2011 properat,
1210 1949 1255 2012 qui
1273 1948 1360 1997 multa

216 2014 297 2064 simul
315 2013 414 2077 incipit
432 2028 520 2077 neque
539 2012 690 2077 perficitis
709 2012 842 2062 festinat’
863 2015 935 2062 -F
954 2030 980 2077 p.
1000 2012 1061 2062 355:
1082 2015 1145 2075 ‘Qui
1162 2022 1293 2079 properat
1311 2031 1359 2080 ap·

216 2088 296 2147 paret
314 2096 368 2131 non
386 2096 447 2131 esse
467 2082 582 2129 sessum:
608 2082 654 2144 qui
672 2081 787 2129 festinat
803 2081 914 2129 uidetur
932 2096 992 2130 esse
1012 2082 1201 2146 defatigatus)
1238 2083 1274 2132 cf.
1295 2083 1351 2132 Gel

216 2152 269 2200 lius
287 2149 304 2198 l.
325 2166 348 2198 c.

284 2216 415 2266 Polliceri
434 2222 462 2265 ct
479 2213 650 2280 promittere]
671 2215 694 2264 G
712 2232 738 2281 p.
758 2214 835 2264 7911.
862 2214 928 2264 l:
945 2217 971 2265 H
996 2233 1023 2281 p.
1046 2216 1076 2265 8:
1102 2217 1298 2267 ‘Promittimus
1316 2234 1357 2267 ro·

216 2287 278 2351 gali
295 2284 457 2349 pollicemur
474 2282 566 2333 ultro.’
603 2285 615 2332 l
639 2296 665 2347 p'.
689 2282 751 2332 439:
778 2282 923 2333 ‘Polliceri
945 2284 1061 2333 dicimur
1083 2285 1153 2348 quod
1176 2291 1273 2350 sponte
1297 2302 1357 2351 pro·

218 2354 349 2403 mittimus
367 2368 419 2401 nee
437 2353 538 2417 rogati,
557 2355 717 2415 promittere
737 2352 806 2415 quod
825 2352 937 2415 petitur.
973 2368 1039 2417 ergo
1058 2354 1239 2418 promittimus
1258 2355 1358 2418 rogati,

217 2420 379 2502 ppllioemur
395 2419 476 2469 ultro.
512 2420 579 2468 item
597 2418 756 2483 pollicemur
774 2419 910 2484 scriptura
927 2421 1110 2484 promittimus
1127 2419 1277 2470 uerbo'-
1296 2424 1358 2471 Ser·

217 2490 278 2538 rius
296 2490 364 2538 Aen
385 2489 398 2537 1
416 2486 478 2536 237.
499 2486 672 2536 ‘Pollicemur
690 2490 788 2550 sponte
807 2490 926 2601 ropatr
917 2486 1120 2551 promittimus!

301 2554 426 2606 Pecudes
449 2560 477 2604 et
499 2551 610 2618 pecora]
636 2555 708 2619 Gp.
732 2553 766 2602 80
787 2570 814 2603 ιι.
855 2553 871 2604 3
943 2556 970 2603 Η
987 2572 1014 2619 p.
1036 2553 1079 2604 13:
1100 2555 1233 2605 ‘Pecudes
1252 2562 1358 2606 tantum

217 2639 283 2675 oues
301 2624 460 2687 accipimus,
480 2638 582 2686 pecora
601 2628 694 2671 autem
713 2623 832 2672 mixtura
849 2623 969 2671 omnium
988 2622 1147 2672 animalium
1166 2622 1228 2673 est'

301 2691 397 2741 Palam
416 2696 444 2738 et
461 2687 563 2753 eoram]
583 2691 607 2737 G
625 2706 650 2754 p.
669 2688 703 2737 00
722 2705 746 2738 ιι.
771 2689 814 2739 lu:
836 2690 941 2739 ‘Palam
960 2690 1097 2740 hominnm
1110 2693 1297 2755 praesentiam
1310 2707 1358 2742 no-

217 2765 272 2822 tat,
297 2774 389 2809 coram
411 2773 557 2822 personam
580 2758 709 2822 accipere
733 2756 890 2807 desiderat)
930 2758 956 2806 H
978 2775 1005 2823 p.
1026 2758 1069 2807 14:
1093 2759 1204 2808 ‘Palam
1221 2760 1359 2809 hominum

216 2827 402 2892 praesentium
425 2831 517 2885 notat,
541 2840 633 2873 eoram
656 2841 800 2890 personam
823 2825 982 2875 desiderat'
1007 2853 1039 2860 -
1074 2826 1188 2876 Flavius
1211 2828 1302 2891 Caper
1325 2827 1359 2876 tle

217 2892 413 2958 orthographia
431 2909 457 2957 p.
477 2892 543 2940 2242
561 2893 596 2940 P:
618 2892 728 2942 ‘Coram
745 2893 794 2942 illo
813 2893 957 2943 dicendum
973 2900 1015 2944 est
1033 2909 1086 2943 non
1104 2892 1197 2959 palam
1215 2894 1276 2943 illo:
1296 2911 1359 2945 nam

217 2963 310 3027 palam
329 2962 363 3009 ad
381 2960 480 3009 multos
503 2961 635 3024 refertur,
659 2961 751 3024 palam
776 2961 880 3011 lactum
903 2962 937 3011 dc
960 2962 1053 3010 multis
1075 2962 1161 3011 hahet
1179 2962 1359 3027 significatio·

217 3044 288 3089 nem,
310 3029 394 3077 etiam
412 3028 437 3076 si
455 3027 505 3077 hoc
524 3034 634 3077 ueteres
653 3028 851 3079 uastauerant)

301 3096 425 3145 Patrium
444 3102 472 3145 et
489 3094 644 3161 paternum]
665 3098 689 3146 G
707 3115 732 3161 p.
743 3096 777 3145 04
790 3113 815 3145 ιι.
834 3095 914 3145 ot:
925 3096 952 3145 H
971 3113 997 3161 p.
1019 3096 1063 3145 18:
1085 3097 1219 3147 ‘Patrium
1232 3112 1249 3146 a
1267 3099 1360 3162 patria

217 3165 302 3225 uenit,
321 3170 466 3228 paternum
486 3180 502 3213 a
520 3163 618 3228 patre)
651 3165 738 3214 1453:
760 3164 917 3214 ‘Paternum
937 3171 980 3213 ast
998 3164 1068 3228 quod
1080 3166 1169 3229 patris
1182 3165 1233 3214 luit
1250 3174 1280 3213 ut
1299 3166 1359 3214 fun-

217 3233 267 3282 dus
286 3240 429 3297 paternus,
449 3233 554 3296 patrius
572 3233 673 3281 dicitur
691 3232 763 3296 patri
782 3232 886 3293 similis,
906 3239 937 3281 ιιι
954 3233 1061 3297 patrius
1080 3231 1175 3281 amor)
1195 3260 1227 3266 η
1245 3233 1360 3283 Flavius

217 3302 308 3365 Caper
330 3300 365 3349 de
388 3298 634 3365 orthographiap.
659 3298 726 3349 2243
748 3301 783 3349 P:
813 3301 850 3349 ‘A
872 3300 964 3363 patria
987 3301 1106 3364 patrium
1131 3300 1221 3361 dicos,
1246 3315 1263 3349 a
1279 3307 1360 3364 petre

236 3367 380 3418 aternum’

216 3384 233 3435 p
302 3437 432 3486 Pomaria
455 3441 483 3485 et
500 3433 620 3501 pometa]
645 3436 669 3485 G
691 3453 717 3500 p.
737 3433 770 3484 04
792 3451 818 3484 ιι.
843 3434 933 3483 05-
897 3466 932 3478 -
954 3435 1025 3500 Hp.
1049 3434 1092 3484 18·
1117 3434 1262 3484 ‘Pomaria
1284 3450 1359 3499 uaga

217 3505 333 3555 dicimus
356 3505 428 3554 sieut
450 3503 556 3553 olearia
580 3508 608 3552 et
631 3503 741 3565 ficaria,
765 3509 877 3569 pometa
900 3505 979 3568 quasi
1002 3503 1107 3552 maleta
1128 3503 1211 3552 ficeta
1234 3501 1358 3552 oliasta.2

218 3574 285 3637 Gp.
305 3571 339 3622 00
356 3588 382 3621 n
405 3571 465 3621 158:
492 3572 616 3621 ‘Pometa
635 3572 681 3620 nbi
700 3588 781 3636 poma
799 3576 963 3632 nascuntur,
983 3573 1109 3635 pomaria
1127 3573 1155 3619 in
1175 3586 1226 3635 quo
1246 3585 1360 3620 seruan-

218 3640 279 3691 tur!
315 3641 383 3705 Rp.
402 3638 466 3689 307.
487 3641 638 3689 ‘Pometum
658 3609 1024 3719 estubipomanascuirtnr,
1049 3639 1199 3703 pomarium
1217 3639 1361 3704 ubipoma

217 3714 393 3773 reponuntur,
413 3709 479 3756 rtem
492 3723 642 3771 pomerium
655 3707 731 3758 locus
750 3709 826 3757 eirea
844 3722 934 3757 muros
954 3712 996 3757 est
1014 3722 1096 3757 sacer
1116 3704 1226 3755 dictus)
1263 3706 1358 3756 1465:

218 3777 384 3827 ‘Pomarinm
405 3781 447 3825 est
458 3776 505 3824 uhr
523 3791 604 3839 poma
622 3782 768 3840 ponuntur,
787 3781 924 3839 pometum
936 3775 984 3824 abr
996 3790 1077 3839 poma
1089 3779 1248 3835 nascuntur
1267 3790 1359 3838 pome-

217 3846 286 3894 rium
309 3844 356 3893 ubi
379 3860 461 3909 pomo
484 3845 661 3893 inueniuntur
684 3844 811 3907 (etipse
835 3842 912 3892 locus
936 3842 1132 3903 arborum).—
1167 3811 1310 3890 Charisius
1332 3858 1360 3906 p.

220 3911 280 3962 109:
300 3913 426 3961 ‘Pometa
448 3912 577 3960 dicuntur
594 3912 641 3960 ubi
663 3926 744 3975 poma
766 3917 916 3961 nascuntur
938 3916 969 3960 ut
992 3910 1104 3971 oliueta,
1124 3909 1249 3974 pomaria
1268 3914 1360 3958 autom

216 3981 264 4030 uhi
283 3985 429 4030 seruantur
446 3984 477 4028 ut
494 3977 630 4044 ponaris..¹

302 4050 381 4099 Irior
403 4048 481 4098 uenit
504 4051 532 4096 et
555 4052 620 4095 unte
643 4041 731 4109 uenit]
751 4046 774 4095 G
793 4062 819 4111 p
836 4044 870 4095 94
892 4060 919 4095 n.
942 4044 988 4095 67:
1014 4019 1107 4095 ‘Prior
1130 4044 1165 4094 ad
1184 4044 1361 4135 dignitatem,

219 4122 284 4168 ante
303 4117 339 4167 ad
358 4123 463 4181 tempus
482 4113 620 4163 refertur)
643 4115 671 4163 Η
688 4130 714 4179 p
735 4112 779 4163 18:
801 4115 886 4163 ‘Prior
905 4113 1024 4177 adignit
1026 4119 1081 4176 ate,
1100 4109 1324 4175 anteatempas!

216 4212 419 4221 -—-----
607 4208 619 4235 c

281 4253 477 4352 itpecurler⁸
489 4253 523 4308 M
536 4248 548 4331 [l
563 4271 675 4330 pecora
689 4252 721 4310 M
741 4246 753 4333 l}
773 4261 933 4330 tpeccora
949 4252 983 4307 M
994 4244 1008 4331 ΙΙ
1023 4262 1039 4311 5
1057 4248 1262 4327 praesentium
1288 4256 1363 4307 nota

217 4342 252 4399 M
269 4336 282 4421 ll
305 4338 478 4417 tipommici
493 4340 525 4396 M
544 4334 558 4420 ΙΙ
578 4356 654 4396 vasa
669 4340 820 4395 Manilius:
844 4335 943 4394 bacha
957 4337 991 4392 M
1008 4329 1021 4416 {l
1044 4345 1076 4395 lo
1090 4332 1203 4391 maleta
1224 4334 1363 4393 Rotlrr'rrs:

217 4426 351 4485 amaleta
365 4427 399 4481 M
