3218 5000
421 431 654 477 surrentinum
678 432 767 476 nram
789 431 831 475 na
852 434 939 479 suno
963 432 1167 477 nonanoern
1304 416 1361 480 191

217 581 283 648 gine
296 582 453 648 tegebatur.
479 598 543 633 nam
557 588 622 634 ante
632 583 784 648 Angustum
797 582 946 634 Caesarem
957 583 1064 634 incerto
1076 583 1155 635 modo
1174 600 1273 635 annum
1291 600 1362 635 cern·

217 652 362 717 putabant,
382 651 428 715 qui
447 651 519 716 apud
530 650 681 715 Aegyptios
694 656 822 714 quattuor
840 651 978 701 mensibus
995 650 1207 713 terminabatur,
1230 653 1362 717 1111111111-

218 719 303 769 cadas
315 715 663 784 tribrls,2apudAcarnanas
673 734 732 780 sex,
743 718 860 768 inItalia
874 719 945 783 apud
953 718 1086 768 Lauinius
1094 719 1236 781 tredchm,
1249 736 1363 783 quorum

217 801 305 837 annus
323 787 455 837 trecentis
473 786 651 851 septuaginta
670 791 698 835 et
715 791 843 850 quattuor
859 787 956 836 diebus
973 787 1123 836 serebatur.
1148 788 1266 837 Romani
1283 788 1362 837 initio

218 870 317 904 aunum
330 854 427 903 deemn
439 854 579 903 mensibus
592 859 821 918 computauerunt
834 869 851 902 a
863 854 965 904 Martio
979 855 1156 918 auspicantes
1174 855 1243 903 adeo
1261 861 1290 903 ut
1303 855 1362 904 eius

217 922 261 971 die
279 922 367 987 prima
384 922 417 970 de
431 922 486 975 aris
499 921 658 971 Vestalibus
670 922 749 987 ignes
763 922 961 983 accenderent,
982 926 1120 973 mutarent
1130 923 1279 976 ,ueteribus
1297 922 1361 970 uiri-

217 989 266 1041 des
278 988 396 1049 laureas,
409 994 522 1039 senatus
536 994 563 1037 et
576 988 691 1054 populus
704 989 816 1038 comitia
830 993 961 1055 agerent,
973 992 1116 1038 matronae
1129 991 1217 1039 seruis
1229 991 1286 1039 suis
1299 1006 1361 1038 coe·

216 1070 268 1109 nas
289 1062 424 1121 ponerent
441 1056 521 1106 sicuti
540 1055 731 1106 Saturnalibus
754 1056 868 1106 domini:
893 1057 959 1106 illae
981 1061 1011 1105 ut
1030 1072 1080 1120 per
1096 1056 1213 1106 honores
1231 1058 1362 1121 promtius

217 1124 376 1188 obsequium
393 1130 589 1189 prouocarent:
613 1123 641 1172 bi
663 1123 741 1188 quasi
763 1125 883 1188 gratiam
905 1129 1086 1188 repensarent
1109 1125 1227 1189 perlecti
1245 1125 1360 1174 laboris:

217 1192 388 1256 maximeque
401 1191 473 1241 hauc
484 1195 605 1240 mensem
617 1190 769 1256 principem
781 1196 899 1243 testatur
912 1192 1007 1253 fuisse,
1021 1192 1091 1255 quod
1105 1192 1150 1255 qui
1172 1193 1207 1241 ab
1220 1192 1271 1242 hec
1285 1193 1360 1257 quin-

216 1264 260 1308 tus
274 1266 334 1309 erat
346 1258 475 1320 Quintilis
487 1258 577 1307 dictus
589 1266 640 1320 est,
654 1258 752 1307 deinde
770 1273 883 1308 numero
905 1258 1067 1308 decurrente
1081 1259 1236 1309 December
1253 1260 1361 1308 sollem-

217 1343 279 1375 nem
292 1326 435 1376 circuitum
447 1324 563 1375 finiebat
574 1326 648 1375 intra
660 1326 732 1375 diem
757 1326 978 1375 trecentesimum
992 1331 1124 1390 quartum.
1144 1333 1210 1376 tunc
1223 1328 1294 1376 enim
1309 1328 1361 1377 iste

217 1409 344 1443 numerus
357 1394 489 1459 explebat
501 1408 610 1453 anuum,
623 1394 663 1443 ita
676 1399 705 1442 ut
717 1409 766 1442 sex
778 1408 886 1443 menses
898 1394 1033 1442 tricenum
1045 1394 1149 1443 dierum
1162 1400 1269 1456 essent,
1283 1400 1360 1459 quat-

216 1468 278 1511 tuor
291 1460 389 1525 reliqui
399 1461 513 1510 tricenis
527 1468 555 1509 et
566 1461 681 1526 siugulis
696 1461 898 1526 expedirentur.
922 1462 972 1511 sed
990 1477 1050 1510 cum
1068 1462 1138 1511 ratio
1156 1461 1206 1511 illa
1224 1470 1288 1511 anto
1306 1463 1360 1513 Nu-

218 1546 289 1578 mam
303 1545 320 1578 a
332 1529 415 1578 lunae
428 1544 508 1577 cursu
520 1529 698 1594 discreparet,
711 1527 802 1578 lunari
819 1529 1026 1594 computatione·
1041 1544 1141 1578 annum
1158 1537 1362 1594 peraequarunt

218 1597 418 1662 qninquaginta
436 1600 464 1675 c}
480 1611 534 1645 uno
551 1596 596 1645 die
615 1595 713 1647 auctis.
742 1600 772 1645 ut
789 1612 855 1661 ergo
871 1596 1036 1661 perficerent
1047 1597 1100 1645 XII
1118 1613 1240 1659 menses,
1259 1597 1293 1647 de
1311 1613 1360 1647 sex

217 1663 356 1713 mensibus
368 1664 553 1730 superioribus
566 1664 743 1713 detraxerunt
755 1663 814 1712 dies
827 1664 949 1729 singulos
962 1679 1063 1728 eosque
1084 1665 1282 1729 quinquaginta
1299 1665 1361 1715 istis

218 1738 246 1782 et
257 1747 311 1781 uno
324 1731 420 1781 diebus
433 1731 629 1789 adnexueruut,
652 1731 775 1795 factique
794 1732 993 1796 quinquaginta
1011 1732 1061 1780 vn
1080 1731 1160 1782 diuisi
1173 1738 1236 1782 sunt
1252 1733 1281 1781 in
1293 1734 1360 1783 duos

216 1815 340 1862 menses,
360 1814 471 1864 quorum
490 1798 560 1848 alter
572 1799 701 1847 XXVIIII
721 1798 791 1847 alter
802 1799 919 1848 XXVIII
937 1798 995 1849 dies
1014 1799 1185 1849 detinebant.
1215 1801 1255 1849 sic
1274 1816 1361 1850 annus

216 1867 320 1916 habere
339 1867 456 1931 quinque
476 1873 557 1929 atque
577 1866 775 1931 quinquaginta
789 1874 816 1914 et
829 1872 967 1915 trecentos
984 1867 1043 1916 dies
1065 1868 1165 1932 eoepit.
1190 1869 1360 1932 postmodum

217 1951 277 1984 eum
290 1935 481 2001 perspIcerent
498 1940 602 1982 temere
616 1948 716 1982 annum
739 1933 861 1982 clausum
877 1936 952 1982 intra
969 1934 1029 1983 dies
1048 1950 1115 1998 quos
1133 1950 1217 1999 supra
1234 1935 1359 1997 diximus,

217 2002 435 2067 quandoquidem
449 2006 597 2066 appareret
609 2001 675 2050 solis
688 2007 807 2053 meatum
825 2015 879 2050 non
897 2006 961 2050 ante
980 2002 1200 2051 trecentesimum
1218 2003 1360 2067 sexagesi-

217 2086 287 2119 mum
301 2070 422 2135 quintum
435 2068 507 2117 diem
520 2068 678 2118 abundante
690 2069 803 2133 insuper
820 2069 981 2132 quadrantis
998 2069 1134 2133 particula
1152 2069 1294 2119 zodiacum
1312 2070 1358 2119 de-

217 2137 299 2186 ficere
312 2137 469 2197 decursum,
483 2136 663 2200 quadrantem
675 2135 752 2185 illurn
765 2140 792 2184 et
805 2135 899 2184 decem
912 2136 970 2184 dies
984 2136 1160 2197 addiderunt,
1179 2142 1209 2185 ut
1227 2138 1262 2185 ad
1280 2137 1359 2201 liqui·

217 2205 279 2254 dum
294 2220 380 2254 annus
391 2205 523 2253 trecentis
536 2203 632 2253 diebus
644 2204 791 2268 sexaginta
804 2203 920 2267 quinque
932 2208 959 2251 et
968 2203 1120 2267 quadrante
1131 2210 1284 2265 constaret,
1298 2204 1359 2254 hor·

217 2278 294 2322 tante
308 2271 501 2321 obseruatione
514 2271 627 2335 imparis
639 2271 757 2333 numeri,
779 2286 858 2335 quem
871 2271 1044 2335 Pythagoraa
1062 2271 1165 2320 monuit
1180 2271 1313 2336 praeponi
1330 2273 1359 2321 iu

217 2340 341 2389 omnibus
354 2344 489 2404 oportere.
514 2338 585 2387 unde
598 2344 710 2403 propter
721 2337 780 2386 dies
792 2338 912 2402 impares
930 2338 981 2387 diis
999 2339 1105 2403 superis
1124 2344 1152 2387 et
1162 2340 1306 2388 Ianuarius
1319 2340 1358 2388 di-

218 2414 296 2457 catur
309 2414 336 2455 et
347 2406 476 2456 Martius:
494 2411 606 2471 propter
618 2420 699 2471 pares
713 2405 879 2455 Februarius
892 2404 970 2469 quasi
983 2407 1120 2455 ominosas
1137 2406 1189 2455 (liis
1201 2407 1299 2455 inferis
1312 2407 1358 2455 de-

218 2481 335 2539 putatur.
362 2490 423 2524 cum
441 2473 534 2539 itaque
553 2473 623 2523 haec
637 2472 759 2523 definitio
777 2478 835 2522 toto
849 2473 914 2522 orbe
927 2472 1092 2537 placuisset,
1107 2474 1278 2522 custodiendi
1292 2490 1357 2538 qua·

217 2542 322 2591 drantis
333 2541 426 2659 gratia
439 2558 455 2591 a
468 2541 584 2590 diuersis
596 2541 724 2605 gentihus
737 2540 814 2589 uarie
832 2541 1051 2590 intercalabatur
1064 2556 1116 2590 nec
1128 2556 1255 2605 umquam
1266 2546 1359 2591 tamen

218 2610 252 2661 ad
264 2609 331 2673 liqui
351 2625 394 2659 um
408 2608 493 2658 fiebat
505 2612 656 2673 temporum
669 2609 857 2672 peraequatio.
884 2607 985 2657 Graeci
1003 2625 1069 2674 ergo
1085 2608 1201 2672 singulis
1223 2610 1303 2657 annis
1320 2610 1359 2659 XI

217 2677 276 2727 dics
290 2681 317 2725 et
330 2677 509 2742 quadrantem
522 2675 705 2725 detrahebant
723 2691 824 2739 eosque
837 2675 924 2725 octies
941 2674 1138 2740 multiplicatos
1152 2677 1179 2725 in
1193 2690 1293 2727 anuum
1310 2691 1358 2725 no·

217 2760 281 2794 num
293 2744 483 2808 reseruabant‚
496 2749 525 2792 ut
538 2748 695 2795 contractus
707 2744 911 2808 nonagenarius
924 2758 1050 2793 numerus
1067 2744 1096 2792 in
1109 2744 1175 2793 treis
1188 2759 1297 2794 menses
1310 2760 1360 2810 per

218 2813 337 2862 tricenos
349 2812 407 2861 dies
421 2811 603 2861 scinderetur:
618 2812 662 2875 qui
676 2826 748 2860 auno
766 2826 836 2860 nono
850 2811 968 2860 restituti
982 2811 1143 2860 efficiebant
1159 2812 1218 2861 dies
1232 2812 1359 2877 quadrin-

218 2884 315 2944 gentos
334 2879 517 2945 quadraginta
535 2882 675 2942 quattuor,
695 2893 761 2941 quos
774 2878 933 2928 embolimus
950 2878 994 2928 uel
1006 2878 1219 2944 hypoballontaa
1236 2880 1359 2930 nomina·

218 2949 293 2996 baut.
323 2947 392 3011 quod
411 2962 471 2996 cum
489 2946 516 2995 iu
534 2946 613 2995 initio
631 2945 748 2995 Romani
764 2946 929 3011 probassent
946 2946 1178 3011 contemplatione
1197 2948 1292 3013 parilis
1311 2962 1358 2996 nu-

218 3015 284 3064 meri
307 3016 462 3079 neglectum
486 3013 763 3077 breuiperdiderunt
783 3013 921 3063 translata
942 3014 971 3063 in
994 3014 1153 3064 sacerdotes
1176 3015 1359 3065 intercalandi

217 3088 363 3148 potestate,
375 3083 420 3146 qui
429 3081 586 3147 plerumque
599 3080 789 3145 gratificantes
798 3081 950 3132 rationibus
962 3081 1170 3145 publicanorum
1183 3098 1231 3147 pro
1244 3082 1358 3132 libidine

217 3166 266 3199 sua
278 3150 478 3199 subtrahebant
495 3154 617 3214 tempore
635 3148 680 3198 uel
699 3149 847 3214 augebant.
874 3164 935 3197 cum
955 3148 1025 3198 haee
1042 3150 1082 3199 sie
1100 3150 1192 3199 forent
1209 3150 1359 3200 constituta

217 3217 363 3281 modusque
381 3215 564 3265 intercalandi
587 3215 722 3265 interdurn
745 3216 908 3266 cumulatior
930 3216 1065 3266 interdum
1086 3216 1166 3266 fieret
1182 3217 1358 3279 imminutior,

216 3284 260 3334 nel
273 3286 382 3333 omuino
395 3283 580 3333 dissimulatus
593 3283 798 3348 praeteriretur,
811 3299 1012 3348 nonnumquam
1025 3280 1185 3347 accidebat,
1207 3290 1359 3335 utinenses

217 3353 262 3417 qui
275 3354 387 3402 fuerant
398 3351 531 3402 transacti
544 3350 633 3400 bieme
647 3351 725 3400 modo
739 3353 873 3401 aestiuum
890 3352 969 3401 modo
989 3351 1146 3401 autumnale
1164 3358 1271 3418 tempus
1289 3352 1357 3401 iuci-

217 3421 321 3470 derent.
340 3421 432 3484 itaque
446 3419 552 3468 Caesar
562 3419 719 3467 uniuersam
731 3418 802 3468 hanc
815 3418 1028 3469 inconstantiam
1038 3419 1126 3468 incisa
1140 3427 1291 3484 temporum
1302 3424 1358 3469 tur·

216 3488 328 3536 batione
342 3486 507 3551 composuit,
526 3488 554 3533 et
570 3491 600 3533 ut
617 3491 718 3535 statum
736 3492 840 3537 certum
857 3487 1024 3551 praeteritus
1037 3502 1112 3535 error
1125 3488 1279 3551 acciperet,
1298 3487 1359 3537 dies

216 3554 281 3604 XXI
294 3560 321 3603 et
334 3554 513 3619 quadrantem
525 3552 605 3602 simul
622 3553 811 3603 intercalaait:
831 3570 882 3618 quo
895 3558 978 3618 pacto
990 3554 1131 3618 regradati
1143 3569 1252 3604 menses
1264 3555 1298 3604 de
1310 3570 1357 3603 ce·

216 3626 275 3671 tero
288 3628 393 3671 statuta
405 3621 507 3670 ordinis
520 3622 561 3669 sui
574 3626 699 3685 tempora
715 3621 880 3671 detinerent.
905 3621 953 3670 ille
970 3636 1037 3686 ergo
1054 3636 1141 3671 annus
1159 3622 1233 3672 solas
1250 3627 1357 3671 trecen·

215 3694 258 3738 tos
271 3689 374 3738 XLIIII
386 3688 446 3738 dies
458 3687 563 3748 habuit,
578 3687 624 3737 alii
637 3688 767 3753 deinceps
779 3694 956 3739 trecentenos
968 3704 1123 3754 sexagenos
1136 3689 1232 3753 quinos
1251 3694 1279 3738 et
1291 3704 1356 3753 qua·

215 3757 348 3806 drantem.
375 3762 402 3805 et
420 3762 484 3806 tunc
502 3771 608 3820 quoque
624 3755 721 3804 uitium
734 3756 881 3805 admissum
895 3763 937 3806 est
954 3772 1003 3821 per
1014 3756 1182 3807 sacerdotes.
1214 3772 1278 3807 nam
1297 3772 1358 3807 cnm

215 3829 392 3889 praeceptum
411 3830 499 3885 esset,
518 3829 705 3886 annoquarto
722 3828 752 3871 ut
770 3824 968 3874 intercalarent
983 3839 1066 3873 unum
1083 3823 1156 3874 diem
1175 3828 1203 3874 et
1219 3829 1358 3890 oporteret

216 3892 343 3941 confecto
355 3896 451 3955 quarto
465 3906 537 3940 auno
550 3890 576 3939 ld
590 3890 730 3939 obseruari
749 3898 896 3954 antequam
914 3893 1022 3956 quintus
1042 3892 1245 3957 auspicaretur,
1263 3891 1305 3941 illi
1317 3893 1357 3941 in·

172 4010 186 4025 ,
216 3960 336 4024 cipiente
354 3964 451 4024 quarto
468 3957 669 4008 intercalarent
685 3973 740 4008 non
757 3958 910 4008 desinente.
939 3960 978 4009 sic
996 3975 1046 4024 per
1064 3974 1151 4009 annos
1167 3975 1216 4010 sex
1235 3965 1263 4009 et
1281 3960 1357 4009 XXX

216 4042 276 4075 cum
294 4040 392 4075 nouem
410 4026 469 4075 dics
486 4025 672 4075 tantummodo
689 4025 818 4075 sufficere
842 4025 1015 4090 debuissent,
1038 4028 1091 4077 XII
1108 4033 1171 4076 sunt
1188 4027 1356 4077 intercalati.

217 4093 287 4158 quod
299 4093 494 4160 reprehensum
506 4095 644 4157 Angustus
657 4092 817 4143 reformauit
833 4092 965 4157 iussitque
985 4109 1071 4145 annos
1088 4095 1141 4145 XII
1158 4095 1219 4144 sine
1237 4096 1358 4144 interea·

216 4161 319 4210 latione
333 4161 487 4221 decurrere,
500 4167 531 4210 ut
542 4165 598 4210 tres
610 4160 651 4209 illi
664 4160 732 4223 dies,
746 4161 790 4225 qui
802 4159 875 4209 ultra
887 4175 986 4210 nouem
997 4163 1170 4212 necessarios
1180 4167 1285 4212 temere
1298 4162 1356 4210 sue·

216 4232 280 4277 rant
289 4228 463 4290 intercalati,
481 4228 533 4277 boe
550 4228 629 4277 modo
646 4234 759 4292 possent
776 4228 926 4293 repensari.
952 4244 985 4278 ex
1003 4244 1057 4293 qua
1074 4229 1222 4294 disciplina
1239 4230 1356 4279 omnium

217 4301 315 4359 postea
327 4300 479 4361 temporum
492 4296 609 4345 fandata
622 4296 708 4347 rectio
722 4300 772 4345 est.
1082 4326 1085 4331 >

301 4362 439 4413 Polemius
462 4363 562 4412 Silvius
589 4362 685 4412 latere.
709 4379 734 4427 p.
758 4362 806 4411 241
831 4361 873 4411 ed.
891 4362 1013 4413 Momms.
1046 4363 1193 4425 (abhandl.
1213 4363 1239 4412 d.
1259 4361 1355 4411 Sltcbs.

217 4431 283 4482 Ges.
297 4431 323 4480 d.
338 4430 380 4480 W.
394 4431 456 4495 111).
475 4431 570 4481 Annus
582 4431 695 4495 primum
708 4431 804 4479 decem
817 4429 950 4480 mensium
965 4431 1018 4480 luit
1029 4432 1075 4496 qui
1086 4437 1226 4480 trecentos
1239 4435 1267 4480 et
1279 4434 1356 4494 quat·
